trade_seq,trade_id,timestamp,tick_direction,price,mark_price,iv,instrument_name,index_price,direction,contracts,amount,block_trade_id,combo_trade_id,combo_id,liquidation
1,326470324,2024-11-13 17:47:34,1,0.104,0.10345311,57.18,BTC-28MAR25-105000-C,91931.23,buy,1.0,1.0,,,,
2,326470325,2024-11-13 17:47:34,1,0.104,0.10345311,57.18,BTC-28MAR25-105000-C,91931.23,buy,0.5,0.5,,,,
3,326470326,2024-11-13 17:47:34,1,0.104,0.10345311,57.18,BTC-28MAR25-105000-C,91931.23,sell,0.1,0.1,,,,
4,326470327,2024-11-13 17:47:34,1,0.104,0.10345311,57.18,BTC-28MAR25-105000-C,91931.23,sell,0.1,0.1,,,,
5,326527675,2024-11-13 19:40:13,2,0.096,0.0963774,56.96,BTC-28MAR25-105000-C,90226.24,sell,0.1,0.1,,,,
6,326590604,2024-11-13 21:49:42,2,0.091,0.09112426,56.97,BTC-28MAR25-105000-C,89026.53,sell,3.0,3.0,,,,
7,326591284,2024-11-13 21:51:07,0,0.0915,0.0908304,57.28,BTC-28MAR25-105000-C,88981.85,buy,0.5,0.5,,,,
8,326638274,2024-11-14 02:06:23,0,0.095,0.095095,56.17,BTC-28MAR25-105000-C,90553.71,sell,0.6,0.6,,,,
9,326653318,2024-11-14 04:00:28,2,0.0915,0.09073662,55.62,BTC-28MAR25-105000-C,89971.13,buy,0.1,0.1,,,,
10,326661038,2024-11-14 04:55:56,0,0.092,0.09143844,55.49,BTC-28MAR25-105000-C,90162.14,sell,0.1,0.1,,,,
11,326681624,2024-11-14 07:39:15,2,0.091,0.09192439,55.36,BTC-28MAR25-105000-C,89989.4,sell,0.1,0.1,,,,
12,326681625,2024-11-14 07:39:15,3,0.091,0.09192439,55.36,BTC-28MAR25-105000-C,89989.4,sell,0.5,0.5,,,,
13,326681626,2024-11-14 07:39:15,3,0.091,0.09192439,55.36,BTC-28MAR25-105000-C,89989.4,sell,1.0,1.0,,,,
14,326681627,2024-11-14 07:39:15,3,0.091,0.09192439,55.36,BTC-28MAR25-105000-C,89989.4,sell,6.0,6.0,,,,
15,326681628,2024-11-14 07:39:15,3,0.091,0.09192439,55.36,BTC-28MAR25-105000-C,89989.4,sell,0.5,0.5,,,,
16,326681630,2024-11-14 07:39:16,3,0.091,0.09192439,55.36,BTC-28MAR25-105000-C,89989.4,sell,0.5,0.5,,,,
17,326682913,2024-11-14 07:44:31,0,0.092,0.09201992,55.53,BTC-28MAR25-105000-C,90124.78,buy,0.6,0.6,,,,
18,326682914,2024-11-14 07:44:31,1,0.092,0.09201992,55.53,BTC-28MAR25-105000-C,90124.78,sell,0.4,0.4,,,,
19,326781356,2024-11-14 14:31:40,0,0.1015,0.10124743,57.14,BTC-28MAR25-105000-C,91456.24,sell,0.6,0.6,,,,
20,326827520,2024-11-14 15:33:33,2,0.0895,0.08924016,57.02,BTC-28MAR25-105000-C,88627.3,sell,0.2,0.2,,,,
21,326827523,2024-11-14 15:33:33,3,0.0895,0.08924016,57.02,BTC-28MAR25-105000-C,88627.3,sell,2.8,2.8,,,,
22,327333502,2024-11-16 02:22:26,0,0.096,0.09614596,55.27,BTC-28MAR25-105000-C,91640.49,sell,3.7,3.7,,,,
23,327423022,2024-11-16 17:25:25,0,0.0975,0.09709278,57.2,BTC-28MAR25-105000-C,90848.93,sell,0.3,0.3,,,,
24,327423079,2024-11-16 17:25:57,1,0.0975,0.09715464,57.18,BTC-28MAR25-105000-C,90864.45,sell,0.3,0.3,,,,
25,327641654,2024-11-18 05:29:02,2,0.0965,0.09679024,57.05,BTC-28MAR25-105000-C,90802.62,buy,0.1,0.1,,,,
26,327812325,2024-11-18 18:10:37,0,0.0971,0.09887292,56.01,BTC-28MAR25-105000-C,91499.61,buy,1.0,1.0,,327812324,BTC-RR-28MAR25-90000_105000,
27,327865534,2024-11-18 22:06:25,0,0.0975,0.09752949,56.71,BTC-28MAR25-105000-C,91203.89,sell,0.3,0.3,,,,
28,327865634,2024-11-18 22:06:26,1,0.0975,0.09752949,56.84,BTC-28MAR25-105000-C,91129.06,sell,1.3,1.3,,,,
29,327865635,2024-11-18 22:06:26,1,0.0975,0.09752949,56.84,BTC-28MAR25-105000-C,91129.06,sell,0.3,0.3,,,,
30,327868254,2024-11-18 22:38:56,0,0.0985,0.09872336,56.7,BTC-28MAR25-105000-C,91432.29,sell,5.0,5.0,,,,
31,327868265,2024-11-18 22:38:59,1,0.0985,0.09872403,56.7,BTC-28MAR25-105000-C,91431.11,sell,5.0,5.0,,,,
32,327868276,2024-11-18 22:39:02,1,0.0985,0.09869868,56.73,BTC-28MAR25-105000-C,91415.42,sell,3.1,3.1,,,,
33,327902999,2024-11-19 04:28:52,0,0.1,0.10040803,57.0,BTC-28MAR25-105000-C,91735.71,buy,0.1,0.1,,,,
34,328007530,2024-11-19 14:47:55,0,0.1005,0.10103807,56.86,BTC-28MAR25-105000-C,91883.33,sell,3.0,3.0,,,,
35,328028743,2024-11-19 15:44:44,0,0.102,0.10352284,56.8,BTC-28MAR25-105000-C,92287.45,sell,0.3,0.3,,328028742,BTC-RR-28MAR25-90000_105000,
36,328062883,2024-11-19 17:39:45,0,0.1064,0.10728443,56.82,BTC-28MAR25-105000-C,93302.94,buy,0.6,0.6,,328062882,BTC-RR-28MAR25-90000_105000,
37,328270420,2024-11-20 13:18:08,0,0.115,0.11526643,59.33,BTC-28MAR25-105000-C,94287.83,buy,0.1,0.1,,,,
38,328286042,2024-11-20 13:59:12,0,0.117,0.1168065,59.72,BTC-28MAR25-105000-C,94476.2,sell,0.5,0.5,,,,
39,328300870,2024-11-20 14:31:56,0,0.1175,0.11837441,59.39,BTC-28MAR25-105000-C,94792.11,sell,0.5,0.5,,,,
40,328300871,2024-11-20 14:31:56,1,0.1175,0.11837441,59.39,BTC-28MAR25-105000-C,94792.11,sell,5.3,5.3,,,,
41,328300872,2024-11-20 14:31:56,1,0.1175,0.11837441,59.39,BTC-28MAR25-105000-C,94792.11,sell,2.7,2.7,,,,
42,328301865,2024-11-20 14:33:53,0,0.1185,0.11787893,59.97,BTC-28MAR25-105000-C,94695.01,buy,0.6,0.6,,,,
43,328301866,2024-11-20 14:33:53,1,0.1185,0.11787893,59.97,BTC-28MAR25-105000-C,94695.01,buy,1.0,1.0,,,,
44,328301867,2024-11-20 14:33:53,1,0.1185,0.11787893,59.97,BTC-28MAR25-105000-C,94695.01,buy,3.4,3.4,,,,
45,328355216,2024-11-20 16:39:34,2,0.1175,0.11738773,61.44,BTC-28MAR25-105000-C,93762.37,sell,0.5,0.5,,,,
46,328355217,2024-11-20 16:39:34,3,0.1175,0.11738773,61.44,BTC-28MAR25-105000-C,93762.37,sell,1.0,1.0,,,,
47,328365607,2024-11-20 17:27:05,0,0.1195,0.11937075,61.9,BTC-28MAR25-105000-C,93966.09,sell,0.7,0.7,,,,
48,328384110,2024-11-20 18:39:04,2,0.118,0.11801317,62.15,BTC-28MAR25-105000-C,93530.1,sell,0.1,0.1,,,,
49,328390203,2024-11-20 19:02:51,2,0.117,0.11785528,61.32,BTC-28MAR25-105000-C,93767.88,sell,0.9,0.9,,,,
50,328392364,2024-11-20 19:15:08,2,0.116,0.11680574,61.03,BTC-28MAR25-105000-C,93700.73,sell,5.0,5.0,,,,
51,328423454,2024-11-20 23:42:51,0,0.1165,0.11625014,60.48,BTC-28MAR25-105000-C,94204.01,buy,0.2,0.2,,,,
52,328425415,2024-11-21 00:03:53,2,0.116,0.11664185,60.06,BTC-28MAR25-105000-C,94313.0,buy,0.1,0.1,,,,
53,328425416,2024-11-21 00:03:53,3,0.116,0.11664185,60.06,BTC-28MAR25-105000-C,94313.0,buy,0.1,0.1,,,,
54,328449058,2024-11-21 03:18:50,0,0.1215,0.12124211,61.31,BTC-28MAR25-105000-C,94926.45,sell,0.4,0.4,,,,
55,328449097,2024-11-21 03:19:31,1,0.1215,0.12129546,61.3,BTC-28MAR25-105000-C,94925.89,sell,0.4,0.4,,,,
56,328474435,2024-11-21 04:09:19,0,0.1335,0.1317715,63.25,BTC-28MAR25-105000-C,96570.7,buy,0.1,0.1,,,,
57,328485675,2024-11-21 04:29:17,2,0.1325,0.1328855,62.83,BTC-28MAR25-105000-C,96572.39,sell,0.1,0.1,,,,
58,328485684,2024-11-21 04:29:22,2,0.132,0.13276254,62.62,BTC-28MAR25-105000-C,96571.54,sell,0.6,0.6,,,,
59,328485685,2024-11-21 04:29:22,3,0.132,0.13276254,62.62,BTC-28MAR25-105000-C,96571.54,buy,6.0,6.0,,,,
60,328485686,2024-11-21 04:29:22,3,0.132,0.13276254,62.62,BTC-28MAR25-105000-C,96571.54,buy,0.1,0.1,,,,
61,328491306,2024-11-21 04:48:08,3,0.132,0.13196231,62.47,BTC-28MAR25-105000-C,96738.04,sell,0.2,0.2,,,,
62,328491474,2024-11-21 04:48:32,0,0.1325,0.13226314,62.56,BTC-28MAR25-105000-C,96813.2,buy,0.2,0.2,,,,
63,328492591,2024-11-21 04:51:48,0,0.133,0.13279388,62.58,BTC-28MAR25-105000-C,96911.85,buy,0.1,0.1,,,,
64,328521950,2024-11-21 05:59:04,0,0.134,0.13483642,62.06,BTC-28MAR25-105000-C,97348.78,sell,0.5,0.5,,,,
65,328522279,2024-11-21 05:59:38,1,0.134,0.13510028,61.98,BTC-28MAR25-105000-C,97407.68,sell,0.4,0.4,,,,
66,328558500,2024-11-21 08:59:53,2,0.1315,0.13081093,61.32,BTC-28MAR25-105000-C,97152.48,buy,0.6,0.6,,,,
67,328558501,2024-11-21 08:59:53,3,0.1315,0.13081093,61.32,BTC-28MAR25-105000-C,97152.48,buy,6.0,6.0,,,,
68,328558502,2024-11-21 08:59:53,3,0.1315,0.13081093,61.32,BTC-28MAR25-105000-C,97152.48,buy,8.4,8.4,,,,
69,328572357,2024-11-21 10:10:46,0,0.1345,0.13434004,62.08,BTC-28MAR25-105000-C,97485.3,sell,0.8,0.8,,,,
70,328574253,2024-11-21 10:25:51,0,0.135,0.1348043,62.3,BTC-28MAR25-105000-C,97490.97,sell,0.5,0.5,,,,
71,328579516,2024-11-21 10:56:32,0,0.136,0.13598428,62.49,BTC-28MAR25-105000-C,97646.25,sell,0.5,0.5,,,,
72,328579517,2024-11-21 10:56:32,1,0.136,0.13598428,62.49,BTC-28MAR25-105000-C,97646.25,buy,6.0,6.0,,,,
73,328579518,2024-11-21 10:56:32,1,0.136,0.13598428,62.49,BTC-28MAR25-105000-C,97646.25,buy,0.1,0.1,,,,
74,328582550,2024-11-21 11:04:04,0,0.139,0.13777189,63.21,BTC-28MAR25-105000-C,97936.29,buy,1.0,1.0,,,,
75,328592350,2024-11-21 11:25:26,0,0.1405,0.13932259,63.58,BTC-28MAR25-105000-C,98056.76,buy,0.1,0.1,,,,
76,328597546,2024-11-21 11:35:52,2,0.14,0.13918179,63.49,BTC-28MAR25-105000-C,97981.42,buy,0.2,0.2,,,,
77,328602216,2024-11-21 11:52:56,3,0.14,0.1394783,63.58,BTC-28MAR25-105000-C,97991.11,sell,0.1,0.1,,,,
78,328604326,2024-11-21 11:58:52,2,0.139,0.13906654,63.35,BTC-28MAR25-105000-C,97896.86,buy,0.1,0.1,,,,
79,328604344,2024-11-21 11:58:58,3,0.139,0.13922923,63.31,BTC-28MAR25-105000-C,97915.78,buy,0.3,0.3,,,,
80,328604406,2024-11-21 11:59:23,3,0.139,0.13923052,63.29,BTC-28MAR25-105000-C,97930.81,buy,0.1,0.1,,,,
81,328604414,2024-11-21 11:59:23,3,0.139,0.13923052,63.29,BTC-28MAR25-105000-C,97930.81,buy,0.1,0.1,,,,
82,328604415,2024-11-21 11:59:23,3,0.139,0.13923052,63.29,BTC-28MAR25-105000-C,97930.81,buy,0.1,0.1,,,,
83,328604453,2024-11-21 11:59:27,3,0.139,0.13928227,63.27,BTC-28MAR25-105000-C,97937.35,buy,0.1,0.1,,,,
84,328604456,2024-11-21 11:59:29,3,0.139,0.13929019,63.23,BTC-28MAR25-105000-C,97958.38,buy,0.2,0.2,,,,
85,328604591,2024-11-21 12:00:04,3,0.139,0.13952749,63.15,BTC-28MAR25-105000-C,97998.84,buy,0.9,0.9,,,,
86,328604624,2024-11-21 12:00:04,3,0.139,0.13953315,63.12,BTC-28MAR25-105000-C,98014.8,buy,1.2,1.2,,,,
87,328604629,2024-11-21 12:00:04,3,0.139,0.13953315,63.12,BTC-28MAR25-105000-C,98014.8,buy,0.1,0.1,,,,
88,328604658,2024-11-21 12:00:07,3,0.139,0.13967358,63.1,BTC-28MAR25-105000-C,98023.67,buy,0.3,0.3,,,,
89,328605686,2024-11-21 12:04:45,3,0.139,0.13934399,63.02,BTC-28MAR25-105000-C,98070.03,buy,1.5,1.5,,,,
90,328614637,2024-11-21 12:32:51,2,0.138,0.13864249,63.0,BTC-28MAR25-105000-C,97844.83,sell,0.5,0.5,,,,
91,328614638,2024-11-21 12:32:51,3,0.138,0.13864249,63.0,BTC-28MAR25-105000-C,97844.83,buy,1.5,1.5,,,,
92,328641414,2024-11-21 14:34:45,2,0.1335,0.13387108,62.57,BTC-28MAR25-105000-C,97014.58,sell,0.1,0.1,,,,
93,328644586,2024-11-21 14:39:37,2,0.1325,0.13282228,62.55,BTC-28MAR25-105000-C,96826.32,sell,0.1,0.1,,,,
94,328654818,2024-11-21 14:54:43,2,0.132,0.13263807,61.98,BTC-28MAR25-105000-C,97052.52,buy,5.0,5.0,,,,
95,328657917,2024-11-21 15:00:43,3,0.132,0.13178832,62.16,BTC-28MAR25-105000-C,96919.19,sell,5.0,5.0,,,,
96,328664790,2024-11-21 15:11:42,2,0.1295,0.12968414,61.89,BTC-28MAR25-105000-C,96542.68,sell,0.1,0.1,,,,
97,328668280,2024-11-21 15:20:21,0,0.13,0.1309693,61.23,BTC-28MAR25-105000-C,97008.99,sell,6.0,6.0,,,,
98,328668281,2024-11-21 15:20:21,1,0.13,0.1309693,61.23,BTC-28MAR25-105000-C,97008.99,sell,1.6,1.6,,,,
99,328668282,2024-11-21 15:20:21,1,0.13,0.1309693,61.23,BTC-28MAR25-105000-C,97008.99,buy,12.4,12.4,,,,
100,328674177,2024-11-21 15:30:51,2,0.128,0.12782377,61.62,BTC-28MAR25-105000-C,96299.29,sell,5.0,5.0,,,,
101,328682144,2024-11-21 15:43:26,2,0.126,0.12630626,61.16,BTC-28MAR25-105000-C,96102.0,buy,0.1,0.1,,,,
102,328682519,2024-11-21 15:44:19,3,0.126,0.12662655,60.99,BTC-28MAR25-105000-C,96197.37,buy,4.9,4.9,,,,
103,328684605,2024-11-21 15:48:05,0,0.1265,0.12702714,60.84,BTC-28MAR25-105000-C,96406.76,buy,5.0,5.0,,,,
104,328701581,2024-11-21 16:33:20,0,0.13,0.13028986,60.88,BTC-28MAR25-105000-C,97192.84,sell,0.9,0.9,,,,
105,328778388,2024-11-21 23:12:38,0,0.135,0.1352236,60.66,BTC-28MAR25-105000-C,98629.87,sell,1.6,1.6,,,,
106,328811069,2024-11-22 03:29:01,0,0.1375,0.13701235,61.03,BTC-28MAR25-105000-C,98949.13,sell,0.4,0.4,,,,
107,328814134,2024-11-22 03:40:04,1,0.1375,0.13689609,61.74,BTC-28MAR25-105000-C,98537.81,sell,5.0,5.0,,,,
108,328882018,2024-11-22 10:10:21,2,0.137,0.13720994,61.5,BTC-28MAR25-105000-C,98627.33,sell,5.0,5.0,,,,
109,329010085,2024-11-22 19:39:13,0,0.1395,0.13941553,61.04,BTC-28MAR25-105000-C,99525.23,buy,0.7,0.7,,,,
110,329108740,2024-11-23 16:17:13,2,0.1355,0.1351596,61.83,BTC-28MAR25-105000-C,98251.36,buy,0.1,0.1,,,,
111,329111948,2024-11-23 16:25:52,2,0.135,0.13471409,61.94,BTC-28MAR25-105000-C,98068.74,buy,6.0,6.0,,,,
112,329111949,2024-11-23 16:25:52,3,0.135,0.13471409,61.94,BTC-28MAR25-105000-C,98068.74,buy,0.1,0.1,,,,
113,329118854,2024-11-23 16:56:12,2,0.134,0.13422672,61.9,BTC-28MAR25-105000-C,97851.97,buy,6.0,6.0,,,,
114,329158751,2024-11-24 04:32:45,0,0.1345,0.13407249,61.53,BTC-28MAR25-105000-C,98187.71,sell,1.1,1.1,,,,
115,329158762,2024-11-24 04:32:54,1,0.1345,0.13403359,61.55,BTC-28MAR25-105000-C,98178.37,sell,0.8,0.8,,,,
116,329174424,2024-11-24 10:44:49,2,0.1325,0.13276699,61.65,BTC-28MAR25-105000-C,97714.6,sell,0.2,0.2,,,,
117,329174436,2024-11-24 10:44:52,3,0.1325,0.13273366,61.66,BTC-28MAR25-105000-C,97712.17,sell,0.2,0.2,,,,
118,329177113,2024-11-24 11:19:37,3,0.1325,0.13211298,62.26,BTC-28MAR25-105000-C,97469.61,sell,0.6,0.6,,,,
119,329181522,2024-11-24 12:23:21,2,0.131,0.13215214,61.68,BTC-28MAR25-105000-C,97471.44,sell,6.0,6.0,,,,
120,329181523,2024-11-24 12:23:21,3,0.131,0.13215214,61.68,BTC-28MAR25-105000-C,97471.44,sell,3.7,3.7,,,,
121,329181525,2024-11-24 12:23:23,0,0.132,0.13215025,62.11,BTC-28MAR25-105000-C,97472.39,buy,0.1,0.1,,,,
122,329181527,2024-11-24 12:23:26,2,0.1305,0.13216055,61.46,BTC-28MAR25-105000-C,97474.88,sell,5.2,5.2,,,,
123,329181528,2024-11-24 12:23:26,3,0.1305,0.13216055,61.46,BTC-28MAR25-105000-C,97474.88,sell,3.5,3.5,,,,
124,329181529,2024-11-24 12:23:26,3,0.1305,0.13216055,61.46,BTC-28MAR25-105000-C,97474.88,sell,1.3,1.3,,,,
125,329181539,2024-11-24 12:23:26,0,0.132,0.13216055,62.1,BTC-28MAR25-105000-C,97474.88,buy,0.1,0.1,,,,
126,329181544,2024-11-24 12:23:29,2,0.1315,0.13213673,61.89,BTC-28MAR25-105000-C,97475.71,buy,0.1,0.1,,,,
127,329278895,2024-11-25 02:33:27,0,0.135,0.13388405,63.21,BTC-28MAR25-105000-C,97681.18,buy,0.1,0.1,,,,
128,329278980,2024-11-25 02:33:52,2,0.1345,0.13374885,63.09,BTC-28MAR25-105000-C,97633.61,buy,0.1,0.1,,,,
129,329355339,2024-11-25 14:46:49,2,0.1255,0.12554389,61.5,BTC-28MAR25-105000-C,96350.29,buy,3.2,3.2,,,,
130,329516415,2024-11-25 22:49:09,2,0.113,0.11285501,60.97,BTC-28MAR25-105000-C,93935.8,buy,0.6,0.6,,,,
131,329519253,2024-11-25 22:54:11,3,0.113,0.1123566,61.14,BTC-28MAR25-105000-C,93916.67,buy,1.6,1.6,,,,
132,329520924,2024-11-25 22:56:22,0,0.1145,0.11403383,61.16,BTC-28MAR25-105000-C,94318.85,buy,0.7,0.7,,,,
133,329590931,2024-11-26 06:25:36,0,0.116,0.11615058,60.44,BTC-28MAR25-105000-C,94952.03,buy,1.4,1.4,,,,
134,329590964,2024-11-26 06:25:37,1,0.116,0.11615058,60.44,BTC-28MAR25-105000-C,94952.9,buy,1.2,1.2,,,,
135,329591042,2024-11-26 06:25:38,1,0.116,0.11615264,60.43,BTC-28MAR25-105000-C,94956.73,buy,2.4,2.4,,,,
136,329712306,2024-11-26 13:28:34,2,0.105,0.10580174,60.24,BTC-28MAR25-105000-C,92467.31,sell,4.4,4.4,,,,
137,329712312,2024-11-26 13:28:38,3,0.105,0.10583693,60.22,BTC-28MAR25-105000-C,92478.65,sell,0.5,0.5,,,,
138,329714731,2024-11-26 13:33:14,2,0.1035,0.10490406,59.67,BTC-28MAR25-105000-C,92432.53,sell,1.8,1.8,,,,
139,329716701,2024-11-26 13:37:13,2,0.103,0.10415276,59.58,BTC-28MAR25-105000-C,92359.68,sell,1.9,1.9,,,,
140,329716991,2024-11-26 13:37:49,3,0.103,0.10402904,59.56,BTC-28MAR25-105000-C,92377.24,sell,2.0,2.0,,,,
141,329717347,2024-11-26 13:39:08,3,0.103,0.1040982,59.45,BTC-28MAR25-105000-C,92442.98,sell,1.6,1.6,,,,
142,329718581,2024-11-26 13:41:34,2,0.1025,0.10348665,59.29,BTC-28MAR25-105000-C,92421.24,sell,3.2,3.2,,,,
143,329721477,2024-11-26 13:48:51,3,0.1025,0.10310197,59.26,BTC-28MAR25-105000-C,92426.2,sell,0.6,0.6,,,,
144,329722861,2024-11-26 13:56:19,3,0.1025,0.10252909,59.32,BTC-28MAR25-105000-C,92390.35,buy,0.6,0.6,,,,
145,329764129,2024-11-26 15:20:07,0,0.1035,0.10313014,59.25,BTC-28MAR25-105000-C,92800.54,sell,0.2,0.2,,,,
146,329841096,2024-11-26 19:59:09,2,0.101,0.10047117,60.1,BTC-28MAR25-105000-C,91651.05,buy,0.1,0.1,,,,
147,329854848,2024-11-26 20:18:37,2,0.1,0.10037542,60.02,BTC-28MAR25-105000-C,91493.71,sell,0.1,0.1,,,,
148,329880639,2024-11-26 21:13:00,2,0.0975,0.09701488,60.12,BTC-28MAR25-105000-C,90806.97,buy,0.1,0.1,,,,
149,329918485,2024-11-27 02:04:14,0,0.105,0.10501212,60.12,BTC-28MAR25-105000-C,92670.53,sell,0.7,0.7,,,,
150,329981617,2024-11-27 10:17:34,0,0.108,0.10801564,59.93,BTC-28MAR25-105000-C,93540.09,buy,0.1,0.1,,,,
151,330041098,2024-11-27 15:17:05,0,0.113,0.11277279,60.14,BTC-28MAR25-105000-C,94632.78,buy,3.0,3.0,,,,
152,330058301,2024-11-27 15:57:51,0,0.117,0.11741876,59.79,BTC-28MAR25-105000-C,95838.64,sell,3.0,3.0,,,,
153,330058302,2024-11-27 15:57:51,1,0.117,0.11741876,59.79,BTC-28MAR25-105000-C,95838.64,sell,2.0,2.0,,,,
154,330095508,2024-11-27 18:14:25,0,0.1205,0.12023324,60.22,BTC-28MAR25-105000-C,96509.49,sell,3.1,3.1,,,,
155,330095548,2024-11-27 18:14:27,1,0.1205,0.12023283,60.22,BTC-28MAR25-105000-C,96509.31,sell,0.6,0.6,,,,
156,330095559,2024-11-27 18:14:33,1,0.1205,0.12019341,60.23,BTC-28MAR25-105000-C,96498.83,sell,3.1,3.1,,,,
157,330095571,2024-11-27 18:14:34,1,0.1205,0.12019452,60.23,BTC-28MAR25-105000-C,96498.75,sell,0.6,0.6,,,,
158,330130406,2024-11-27 20:50:15,0,0.122,0.12207818,60.6,BTC-28MAR25-105000-C,96663.94,sell,3.1,3.1,,,,
159,330135630,2024-11-27 21:08:57,1,0.122,0.12157552,60.93,BTC-28MAR25-105000-C,96457.63,buy,0.2,0.2,,,,
160,330135688,2024-11-27 21:09:37,1,0.122,0.12178383,60.84,BTC-28MAR25-105000-C,96502.05,buy,0.2,0.2,,,,
161,330203024,2024-11-28 06:08:43,2,0.117,0.11689878,61.0,BTC-28MAR25-105000-C,95299.48,sell,0.1,0.1,,,,
162,330219362,2024-11-28 08:25:19,0,0.1175,0.11746752,60.82,BTC-28MAR25-105000-C,95468.78,buy,0.5,0.5,,,,
163,330226483,2024-11-28 09:51:41,2,0.116,0.11582587,60.69,BTC-28MAR25-105000-C,95187.57,sell,0.1,0.1,,,,
164,330300748,2024-11-28 15:19:06,2,0.1125,0.11276488,59.17,BTC-28MAR25-105000-C,95270.89,sell,0.2,0.2,,,,
165,330319588,2024-11-28 16:52:05,2,0.1115,0.1113504,59.26,BTC-28MAR25-105000-C,95010.02,sell,0.1,0.1,,,,
166,330394755,2024-11-29 01:11:24,0,0.1155,0.11383162,59.79,BTC-28MAR25-105000-C,95472.97,buy,0.2,0.2,,,,
167,330424662,2024-11-29 03:35:42,0,0.119,0.11901394,59.24,BTC-28MAR25-105000-C,96631.21,sell,0.1,0.1,,,,
168,330424753,2024-11-29 03:37:07,0,0.1195,0.11930197,59.35,BTC-28MAR25-105000-C,96685.15,sell,0.1,0.1,,,,
169,330424759,2024-11-29 03:37:10,1,0.1195,0.11930907,59.35,BTC-28MAR25-105000-C,96685.55,sell,0.1,0.1,,,,
170,330424760,2024-11-29 03:37:12,1,0.1195,0.11930862,59.35,BTC-28MAR25-105000-C,96686.85,sell,0.8,0.8,,,,
171,330479111,2024-11-29 09:09:25,2,0.1145,0.11408059,59.1,BTC-28MAR25-105000-C,95928.36,sell,2.0,2.0,,,,
172,330479181,2024-11-29 09:09:47,2,0.1135,0.11412338,58.64,BTC-28MAR25-105000-C,95940.29,sell,0.9,0.9,,,,
173,330479287,2024-11-29 09:10:36,2,0.113,0.11403064,58.43,BTC-28MAR25-105000-C,95936.52,sell,2.0,2.0,,,,
174,330479288,2024-11-29 09:10:36,3,0.113,0.11403064,58.43,BTC-28MAR25-105000-C,95936.52,sell,0.5,0.5,,,,
175,330494369,2024-11-29 11:01:32,0,0.1165,0.11586314,58.21,BTC-28MAR25-105000-C,96759.11,buy,3.4,3.4,,,,
176,330706138,2024-11-30 10:29:36,2,0.116,0.11630727,58.23,BTC-28MAR25-105000-C,96558.79,sell,0.1,0.1,,,,
177,330708753,2024-11-30 10:55:24,2,0.115,0.11470423,58.55,BTC-28MAR25-105000-C,96201.91,sell,0.1,0.1,,,,
178,330735292,2024-11-30 21:50:35,0,0.119,0.11801167,59.14,BTC-28MAR25-105000-C,96867.41,buy,2.0,2.0,,,,
179,330735296,2024-11-30 21:50:45,1,0.119,0.11807118,59.11,BTC-28MAR25-105000-C,96883.55,buy,2.0,2.0,,,,
180,330786122,2024-12-01 11:53:47,2,0.1165,0.11734647,57.88,BTC-28MAR25-105000-C,97067.59,sell,6.1,6.1,,,,
181,330786123,2024-12-01 11:53:47,3,0.1165,0.11734647,57.88,BTC-28MAR25-105000-C,97067.59,sell,3.9,3.9,,,,
182,330834576,2024-12-01 23:49:15,0,0.1205,0.12054911,58.99,BTC-28MAR25-105000-C,97380.2,sell,0.3,0.3,,,,
183,330854065,2024-12-02 02:52:35,0,0.121,0.12080178,58.56,BTC-28MAR25-105000-C,97667.15,buy,0.4,0.4,,,,
184,330867938,2024-12-02 04:14:22,2,0.116,0.11516717,59.09,BTC-28MAR25-105000-C,96251.68,buy,0.4,0.4,,,,
185,330867939,2024-12-02 04:14:22,3,0.116,0.11516717,59.09,BTC-28MAR25-105000-C,96251.68,buy,4.6,4.6,,,,
186,330868058,2024-12-02 04:15:00,3,0.116,0.1153521,59.15,BTC-28MAR25-105000-C,96219.06,buy,0.5,0.5,,,,
187,330868059,2024-12-02 04:15:00,3,0.116,0.1153521,59.15,BTC-28MAR25-105000-C,96219.06,sell,4.5,4.5,,,,
188,330904446,2024-12-02 09:04:10,2,0.111,0.1107335,59.58,BTC-28MAR25-105000-C,95005.38,sell,0.1,0.1,,,,
189,330998045,2024-12-02 17:30:09,3,0.111,0.11034751,59.1,BTC-28MAR25-105000-C,95323.34,buy,0.4,0.4,,,,
190,331099810,2024-12-03 06:53:19,0,0.1115,0.11144295,58.14,BTC-28MAR25-105000-C,95999.98,sell,0.1,0.1,,,,
191,331121058,2024-12-03 09:20:58,2,0.109,0.10760305,59.33,BTC-28MAR25-105000-C,95318.03,sell,0.1,0.1,,,,
192,331124654,2024-12-03 10:18:14,2,0.1075,0.10789063,57.74,BTC-28MAR25-105000-C,95396.07,sell,0.4,0.4,,,,
193,331142056,2024-12-03 12:23:24,2,0.1055,0.10536896,57.61,BTC-28MAR25-105000-C,94969.15,buy,1.0,1.0,,,,
194,331144160,2024-12-03 12:51:22,2,0.1035,0.10370161,57.23,BTC-28MAR25-105000-C,94700.25,sell,0.9,0.9,,,,
195,331179776,2024-12-03 14:45:17,0,0.1045,0.10453092,57.77,BTC-28MAR25-105000-C,94813.07,buy,0.2,0.2,,,,
196,331179794,2024-12-03 14:45:18,1,0.1045,0.10459837,57.76,BTC-28MAR25-105000-C,94821.65,buy,0.2,0.2,,,,
197,331179798,2024-12-03 14:45:18,1,0.1045,0.10459837,57.76,BTC-28MAR25-105000-C,94821.65,buy,0.2,0.2,,,,
198,331214873,2024-12-03 16:28:53,0,0.1105,0.11073055,58.08,BTC-28MAR25-105000-C,95940.02,sell,0.5,0.5,,,,
199,331253843,2024-12-03 20:40:32,2,0.108,0.10796412,57.7,BTC-28MAR25-105000-C,95623.19,sell,0.5,0.5,,,,
200,331267002,2024-12-03 22:25:24,0,0.1105,0.11043449,57.75,BTC-28MAR25-105000-C,96085.74,buy,0.2,0.2,,,,
201,331282561,2024-12-04 01:42:08,0,0.1135,0.11341168,58.1,BTC-28MAR25-105000-C,96631.8,sell,0.5,0.5,,,,
202,331292794,2024-12-04 03:22:55,2,0.1095,0.10934902,58.1,BTC-28MAR25-105000-C,95740.16,sell,0.1,0.1,,,,
203,331292807,2024-12-04 03:22:58,3,0.1095,0.109212,58.15,BTC-28MAR25-105000-C,95710.23,sell,0.1,0.1,,,,
204,331292837,2024-12-04 03:23:06,3,0.1095,0.10902858,58.23,BTC-28MAR25-105000-C,95669.8,sell,6.0,6.0,,,,
205,331292839,2024-12-04 03:23:06,3,0.1095,0.10902159,58.23,BTC-28MAR25-105000-C,95671.39,sell,3.8,3.8,,,,
206,331293372,2024-12-04 03:31:04,3,0.1095,0.10942308,57.91,BTC-28MAR25-105000-C,95836.44,buy,20.0,20.0,,,,
207,331294848,2024-12-04 04:22:20,3,0.1095,0.10931264,57.73,BTC-28MAR25-105000-C,95922.42,buy,1.0,1.0,,,,
208,331294849,2024-12-04 04:22:20,3,0.1095,0.10931264,57.73,BTC-28MAR25-105000-C,95922.42,buy,5.2,5.2,,,,
209,331295748,2024-12-04 04:59:35,3,0.1095,0.10938042,57.6,BTC-28MAR25-105000-C,95962.64,buy,4.8,4.8,,,,
210,331317186,2024-12-04 09:34:31,0,0.1135,0.11433817,57.6,BTC-28MAR25-105000-C,96923.88,sell,0.8,0.8,,,,
211,331318762,2024-12-04 09:49:07,2,0.1125,0.11360217,57.08,BTC-28MAR25-105000-C,96917.5,sell,0.2,0.2,,,,
212,331372854,2024-12-04 15:15:18,2,0.111,0.11040782,58.0,BTC-28MAR25-105000-C,96094.27,sell,0.1,0.1,,,,
213,331376542,2024-12-04 15:34:29,3,0.111,0.11019676,58.2,BTC-28MAR25-105000-C,96006.67,buy,0.2,0.2,,,,
214,331378904,2024-12-04 15:46:14,3,0.111,0.11079412,57.96,BTC-28MAR25-105000-C,96138.69,buy,2.8,2.8,,,,
215,331379959,2024-12-04 15:51:44,2,0.11,0.10977873,57.98,BTC-28MAR25-105000-C,95905.22,sell,0.1,0.1,,,,
216,331445887,2024-12-04 20:17:42,0,0.1215,0.12104687,58.33,BTC-28MAR25-105000-C,98546.76,buy,0.5,0.5,,,,
217,331473543,2024-12-04 21:09:43,0,0.123,0.12303805,58.56,BTC-28MAR25-105000-C,98885.53,sell,0.5,0.5,,,,
218,331475286,2024-12-04 21:13:53,2,0.1225,0.12202282,58.83,BTC-28MAR25-105000-C,98630.7,buy,1.0,1.0,,,,
219,331478462,2024-12-04 21:23:15,3,0.1225,0.12221431,58.76,BTC-28MAR25-105000-C,98688.89,sell,0.1,0.1,,,,
220,331529681,2024-12-05 02:04:36,2,0.12,0.11991975,57.91,BTC-28MAR25-105000-C,98401.85,sell,1.0,1.0,,,,
221,331534215,2024-12-05 02:29:55,0,0.124,0.1239765,57.89,BTC-28MAR25-105000-C,99317.99,sell,1.0,1.0,,,,
222,331547675,2024-12-05 02:36:11,0,0.13,0.12802164,58.83,BTC-28MAR25-105000-C,100112.24,buy,0.4,0.4,,,,
223,331553091,2024-12-05 02:39:23,2,0.126,0.12828386,57.09,BTC-28MAR25-105000-C,99994.55,sell,0.2,0.2,,,,
224,331625449,2024-12-05 03:38:56,0,0.1445,0.14367518,60.26,BTC-28MAR25-105000-C,102831.73,buy,0.1,0.1,,,,
225,331625489,2024-12-05 03:39:03,1,0.1445,0.14358656,60.27,BTC-28MAR25-105000-C,102829.58,buy,0.1,0.1,,,,
226,331630426,2024-12-05 03:45:35,0,0.1455,0.14472191,60.25,BTC-28MAR25-105000-C,103141.39,buy,0.1,0.1,,,,
227,331630491,2024-12-05 03:45:40,1,0.1455,0.14475346,60.21,BTC-28MAR25-105000-C,103159.4,buy,0.1,0.1,,,,
228,331630548,2024-12-05 03:45:48,1,0.1455,0.14457177,60.32,BTC-28MAR25-105000-C,103107.83,buy,0.1,0.1,,,,
229,331631260,2024-12-05 03:46:40,2,0.145,0.14447763,60.1,BTC-28MAR25-105000-C,103095.7,buy,1.0,1.0,,,,
230,331643319,2024-12-05 04:08:08,3,0.145,0.14509288,59.7,BTC-28MAR25-105000-C,103348.99,buy,0.1,0.1,,,,
231,331644465,2024-12-05 04:10:47,0,0.1455,0.14497569,59.96,BTC-28MAR25-105000-C,103345.3,buy,0.1,0.1,,,,
232,331644466,2024-12-05 04:10:47,1,0.1455,0.14497569,59.96,BTC-28MAR25-105000-C,103345.3,buy,0.1,0.1,,,,
233,331644534,2024-12-05 04:10:56,2,0.145,0.14492313,59.72,BTC-28MAR25-105000-C,103348.7,buy,0.1,0.1,,,,
234,331647524,2024-12-05 04:17:01,2,0.144,0.14328124,59.93,BTC-28MAR25-105000-C,103038.43,buy,0.1,0.1,,,,
235,331650050,2024-12-05 04:21:22,2,0.142,0.14220883,59.4,BTC-28MAR25-105000-C,102801.96,buy,0.1,0.1,,,,
236,331710040,2024-12-05 07:42:34,2,0.14,0.139762,58.52,BTC-28MAR25-105000-C,102459.94,sell,0.1,0.1,,,,
237,331753628,2024-12-05 11:10:15,0,0.143,0.14145218,59.94,BTC-28MAR25-105000-C,102351.3,buy,0.2,0.2,,,,
238,331771183,2024-12-05 12:47:28,0,0.1461,0.14572213,59.83,BTC-28MAR25-105000-C,103040.61,sell,0.3,0.3,,331771182,BTC-CS-28MAR25-105000_120000,
239,331774894,2024-12-05 12:55:46,0,0.148,0.14716146,60.02,BTC-28MAR25-105000-C,103361.75,buy,0.1,0.1,,,,
240,331776224,2024-12-05 12:57:49,2,0.1462,0.1457969,59.91,BTC-28MAR25-105000-C,103033.7,sell,0.2,0.2,,331776223,BTC-CS-28MAR25-105000_120000,
241,331801957,2024-12-05 14:32:26,2,0.1445,0.1442925,59.69,BTC-28MAR25-105000-C,102619.38,sell,0.3,0.3,,331801955,BTC-CS-28MAR25-105000_120000,
242,331801958,2024-12-05 14:32:26,3,0.1445,0.1442925,59.69,BTC-28MAR25-105000-C,102619.38,sell,0.2,0.2,,331801956,BTC-CS-28MAR25-105000_120000,
243,331855763,2024-12-05 15:56:23,2,0.1375,0.13737734,59.08,BTC-28MAR25-105000-C,101550.89,buy,0.1,0.1,,,,
244,331856481,2024-12-05 15:59:08,2,0.137,0.13724131,58.95,BTC-28MAR25-105000-C,101464.69,sell,0.1,0.1,,,,
245,331857685,2024-12-05 16:00:57,0,0.1375,0.13682622,59.25,BTC-28MAR25-105000-C,101466.3,buy,0.1,0.1,,,,
246,331858078,2024-12-05 16:01:37,0,0.138,0.13757962,59.19,BTC-28MAR25-105000-C,101620.01,buy,0.1,0.1,,,,
247,331858479,2024-12-05 16:02:12,0,0.1385,0.13819736,59.11,BTC-28MAR25-105000-C,101772.7,buy,0.1,0.1,,,,
248,331873689,2024-12-05 16:29:26,2,0.1376,0.13733558,59.25,BTC-28MAR25-105000-C,101502.45,sell,0.2,0.2,,331873688,BTC-CS-28MAR25-105000_120000,
249,331916598,2024-12-05 18:17:42,2,0.1365,0.13646048,59.18,BTC-28MAR25-105000-C,101294.92,buy,0.1,0.1,,,,
250,331953153,2024-12-05 20:03:08,2,0.1245,0.12414857,59.34,BTC-28MAR25-105000-C,98522.39,sell,0.2,0.2,,331953151,BTC-CS-28MAR25-105000_120000,
251,331955463,2024-12-05 20:05:01,0,0.125,0.12374883,59.92,BTC-28MAR25-105000-C,98366.92,buy,0.4,0.4,,,,
252,331958535,2024-12-05 20:09:18,0,0.129,0.12814498,59.87,BTC-28MAR25-105000-C,99330.08,buy,0.5,0.5,,,,
253,331958662,2024-12-05 20:09:40,2,0.1285,0.12818525,59.66,BTC-28MAR25-105000-C,99317.82,sell,0.1,0.1,,,,
254,331969017,2024-12-05 20:25:23,2,0.1245,0.12393583,59.68,BTC-28MAR25-105000-C,98355.86,buy,0.5,0.5,,,,
255,331974701,2024-12-05 20:34:04,0,0.125,0.12485086,59.58,BTC-28MAR25-105000-C,98532.33,sell,0.4,0.4,,,,
256,331975007,2024-12-05 20:34:40,0,0.126,0.1255856,59.79,BTC-28MAR25-105000-C,98651.06,buy,0.5,0.5,,,,
257,332001172,2024-12-05 22:26:47,2,0.12,0.12123636,59.07,BTC-28MAR25-105000-C,97690.34,sell,0.1,0.1,,,,
258,332009547,2024-12-05 22:28:13,2,0.11,0.11221962,58.71,BTC-28MAR25-105000-C,95552.64,sell,0.1,0.1,,,,
259,332014538,2024-12-05 22:28:30,2,0.1,0.10176283,59.06,BTC-28MAR25-105000-C,93152.6,sell,0.1,0.1,,,,
260,332085756,2024-12-05 23:13:44,0,0.1165,0.11621263,60.08,BTC-28MAR25-105000-C,96416.07,buy,0.1,0.1,,,,
261,332086140,2024-12-05 23:14:23,1,0.1165,0.11670263,59.85,BTC-28MAR25-105000-C,96528.98,sell,0.1,0.1,,,,
262,332106766,2024-12-05 23:51:14,0,0.1185,0.11813176,59.94,BTC-28MAR25-105000-C,97050.97,sell,0.2,0.2,,,,
263,332175928,2024-12-06 06:25:17,0,0.1205,0.12111485,58.75,BTC-28MAR25-105000-C,98105.96,sell,0.2,0.2,,,,
264,332328423,2024-12-06 17:43:14,0,0.1305,0.12941432,58.81,BTC-28MAR25-105000-C,100549.91,buy,0.1,0.1,,,,
265,332338043,2024-12-06 17:53:35,0,0.1335,0.13256778,58.84,BTC-28MAR25-105000-C,101213.72,buy,5.0,5.0,,,,
266,332350010,2024-12-06 18:16:15,0,0.1365,0.13599136,59.05,BTC-28MAR25-105000-C,101753.3,buy,0.1,0.1,,,,
267,332363268,2024-12-06 19:03:43,2,0.1355,0.1349821,59.32,BTC-28MAR25-105000-C,101540.52,buy,5.0,5.0,,,,
268,332484742,2024-12-07 11:55:03,2,0.126,0.12572578,58.69,BTC-28MAR25-105000-C,99769.66,sell,0.1,0.1,,,,
269,332484743,2024-12-07 11:55:06,3,0.126,0.12573449,58.68,BTC-28MAR25-105000-C,99770.61,sell,0.1,0.1,,,,
270,332484792,2024-12-07 11:56:47,3,0.126,0.12589561,58.62,BTC-28MAR25-105000-C,99786.29,sell,0.1,0.1,,,,
271,332485650,2024-12-07 12:15:32,0,0.1265,0.12618522,58.92,BTC-28MAR25-105000-C,99754.44,sell,0.1,0.1,,,,
272,332485654,2024-12-07 12:15:41,1,0.1265,0.12608755,58.97,BTC-28MAR25-105000-C,99732.03,buy,0.1,0.1,,,,
273,332485929,2024-12-07 12:19:47,1,0.1265,0.12625242,58.93,BTC-28MAR25-105000-C,99742.37,sell,0.1,0.1,,,,
274,332485935,2024-12-07 12:19:57,1,0.1265,0.12622238,58.93,BTC-28MAR25-105000-C,99743.14,sell,0.1,0.1,,,,
275,332485988,2024-12-07 12:21:41,1,0.1265,0.12630729,58.92,BTC-28MAR25-105000-C,99754.99,sell,0.1,0.1,,,,
276,332485989,2024-12-07 12:21:50,1,0.1265,0.12620429,58.96,BTC-28MAR25-105000-C,99734.56,sell,0.1,0.1,,,,
277,332486008,2024-12-07 12:22:00,1,0.1265,0.1261786,58.97,BTC-28MAR25-105000-C,99732.28,sell,0.1,0.1,,,,
278,332601079,2024-12-08 14:38:00,2,0.1255,0.125012,58.09,BTC-28MAR25-105000-C,100155.34,sell,0.1,0.1,,,,
279,332601106,2024-12-08 14:38:37,0,0.126,0.12496251,58.36,BTC-28MAR25-105000-C,100143.32,buy,0.2,0.2,,,,
280,332701573,2024-12-09 07:29:31,2,0.122,0.12114035,60.05,BTC-28MAR25-105000-C,98772.55,buy,5.0,5.0,,,,
281,332731508,2024-12-09 10:30:01,2,0.1215,0.121308,60.38,BTC-28MAR25-105000-C,98349.64,sell,1.3,1.3,,,,
282,332740131,2024-12-09 11:56:50,2,0.12,0.12028155,60.18,BTC-28MAR25-105000-C,98183.34,sell,0.5,0.5,,,,
283,332790119,2024-12-09 15:25:07,3,0.12,0.12021564,59.23,BTC-28MAR25-105000-C,98644.76,sell,0.1,0.1,,,,
284,332790120,2024-12-09 15:25:07,3,0.12,0.12021564,59.23,BTC-28MAR25-105000-C,98644.76,sell,0.4,0.4,,,,
285,332794396,2024-12-09 15:32:23,2,0.118,0.11795635,59.36,BTC-28MAR25-105000-C,98135.74,sell,0.1,0.1,,,,
286,332829211,2024-12-09 17:45:43,2,0.1145,0.11456726,59.08,BTC-28MAR25-105000-C,97527.86,sell,0.2,0.2,,,,
287,332852522,2024-12-09 19:00:57,2,0.114,0.11400279,58.82,BTC-28MAR25-105000-C,97623.44,sell,0.1,0.1,,,,
288,332878948,2024-12-09 20:49:56,2,0.109,0.10906673,58.81,BTC-28MAR25-105000-C,96460.85,sell,0.1,0.1,,,,
289,332889403,2024-12-09 21:03:29,2,0.1055,0.1055336,58.95,BTC-28MAR25-105000-C,95545.51,sell,0.1,0.1,,,,
290,332984318,2024-12-10 02:09:07,0,0.1155,0.11580529,59.14,BTC-28MAR25-105000-C,97764.55,buy,1.0,1.0,,,,
291,332984343,2024-12-10 02:09:34,1,0.1155,0.11576208,59.16,BTC-28MAR25-105000-C,97755.41,buy,0.3,0.3,,,,
292,333038360,2024-12-10 05:11:27,2,0.1125,0.11245225,59.84,BTC-28MAR25-105000-C,96874.11,sell,1.3,1.3,,,,
293,333066245,2024-12-10 10:31:50,3,0.1125,0.11290907,58.26,BTC-28MAR25-105000-C,97737.98,sell,0.9,0.9,,,,
294,333090404,2024-12-10 14:33:27,0,0.1135,0.11379107,58.51,BTC-28MAR25-105000-C,97900.05,sell,0.2,0.2,,,,
295,333090405,2024-12-10 14:33:28,1,0.1135,0.11379107,58.51,BTC-28MAR25-105000-C,97900.05,sell,0.3,0.3,,,,
296,333199521,2024-12-10 19:34:15,2,0.107,0.10753635,59.5,BTC-28MAR25-105000-C,95870.68,sell,0.5,0.5,,,,
297,333229610,2024-12-10 23:42:27,0,0.111,0.11108815,59.53,BTC-28MAR25-105000-C,96857.78,sell,0.4,0.4,,,,
298,333266758,2024-12-11 04:32:07,0,0.1145,0.11416456,60.33,BTC-28MAR25-105000-C,97298.35,sell,0.8,0.8,,,,
299,333279934,2024-12-11 07:20:22,0,0.116,0.11587625,60.31,BTC-28MAR25-105000-C,97554.49,sell,0.4,0.4,,,,
300,333327814,2024-12-11 14:09:45,0,0.121,0.12098408,60.4,BTC-28MAR25-105000-C,98659.14,buy,0.1,0.1,,,,
301,333366564,2024-12-11 15:45:02,0,0.129,0.12883509,60.86,BTC-28MAR25-105000-C,100298.28,buy,0.1,0.1,,,,
302,333366565,2024-12-11 15:45:03,1,0.129,0.12885694,60.84,BTC-28MAR25-105000-C,100308.79,buy,0.1,0.1,,,,
303,333366570,2024-12-11 15:45:04,1,0.129,0.12885694,60.84,BTC-28MAR25-105000-C,100308.79,buy,0.1,0.1,,,,
304,333366586,2024-12-11 15:45:04,1,0.129,0.12885694,60.84,BTC-28MAR25-105000-C,100308.79,buy,1.0,1.0,,,,
305,333366601,2024-12-11 15:45:04,1,0.129,0.12885694,60.84,BTC-28MAR25-105000-C,100308.79,buy,0.1,0.1,,,,
306,333366602,2024-12-11 15:45:05,1,0.129,0.12888907,60.81,BTC-28MAR25-105000-C,100324.74,buy,0.4,0.4,,,,
307,333368271,2024-12-11 15:51:11,0,0.13,0.12994875,60.83,BTC-28MAR25-105000-C,100542.29,buy,0.9,0.9,,,,
308,333387254,2024-12-11 16:45:01,0,0.1305,0.13013654,60.99,BTC-28MAR25-105000-C,100575.8,buy,1.0,1.0,,,,
309,333403194,2024-12-11 18:05:24,2,0.1265,0.12658748,60.32,BTC-28MAR25-105000-C,100014.99,buy,1.0,1.0,,,,
310,333403204,2024-12-11 18:05:29,3,0.1265,0.12672828,60.26,BTC-28MAR25-105000-C,100045.17,buy,2.8,2.8,,,,
311,333403205,2024-12-11 18:05:29,3,0.1265,0.12672828,60.26,BTC-28MAR25-105000-C,100045.17,buy,0.2,0.2,,,,
312,333422892,2024-12-11 20:00:15,0,0.1305,0.13027692,60.04,BTC-28MAR25-105000-C,101276.02,buy,3.9,3.9,,,,
313,333422893,2024-12-11 20:00:15,1,0.1305,0.13027692,60.04,BTC-28MAR25-105000-C,101276.02,buy,0.4,0.4,,,,
314,333470760,2024-12-12 02:00:48,2,0.127,0.12726654,59.93,BTC-28MAR25-105000-C,100669.37,buy,0.5,0.5,,,,
315,333470763,2024-12-12 02:00:48,3,0.127,0.12726654,59.93,BTC-28MAR25-105000-C,100669.37,buy,0.8,0.8,,,,
316,333470764,2024-12-12 02:00:48,3,0.127,0.12726654,59.93,BTC-28MAR25-105000-C,100669.37,buy,0.7,0.7,,,,
317,333470765,2024-12-12 02:00:48,3,0.127,0.12726654,59.93,BTC-28MAR25-105000-C,100669.37,buy,1.9,1.9,,,,
318,333471745,2024-12-12 02:17:21,3,0.127,0.12709279,59.72,BTC-28MAR25-105000-C,100764.96,buy,3.0,3.0,,,,
319,333471746,2024-12-12 02:17:21,3,0.127,0.12709279,59.72,BTC-28MAR25-105000-C,100764.96,buy,1.8,1.8,,,,
320,333473437,2024-12-12 02:43:38,0,0.1275,0.12732801,59.63,BTC-28MAR25-105000-C,100905.93,buy,0.5,0.5,,,,
321,333473783,2024-12-12 02:43:48,1,0.1275,0.12740874,59.59,BTC-28MAR25-105000-C,100924.7,buy,0.5,0.5,,,,
322,333473952,2024-12-12 02:45:44,1,0.1275,0.12746335,59.54,BTC-28MAR25-105000-C,100944.46,buy,0.5,0.5,,,,
323,333474001,2024-12-12 02:45:55,1,0.1275,0.12755866,59.51,BTC-28MAR25-105000-C,100957.85,buy,0.5,0.5,,,,
324,333474010,2024-12-12 02:46:05,1,0.1275,0.12754442,59.49,BTC-28MAR25-105000-C,100963.94,buy,0.5,0.5,,,,
325,333474055,2024-12-12 02:46:15,1,0.1275,0.12764754,59.45,BTC-28MAR25-105000-C,100984.3,buy,0.2,0.2,,,,
326,333474056,2024-12-12 02:46:15,1,0.1275,0.12764754,59.45,BTC-28MAR25-105000-C,100984.3,buy,0.3,0.3,,,,
327,333474436,2024-12-12 02:47:23,0,0.1285,0.12831852,59.59,BTC-28MAR25-105000-C,101151.06,buy,0.5,0.5,,,,
328,333475147,2024-12-12 02:52:41,2,0.128,0.12790916,59.54,BTC-28MAR25-105000-C,101061.73,buy,0.5,0.5,,,,
329,333475263,2024-12-12 02:54:19,3,0.128,0.12792022,59.51,BTC-28MAR25-105000-C,101063.47,buy,0.3,0.3,,,,
330,333475264,2024-12-12 02:54:19,3,0.128,0.12792022,59.51,BTC-28MAR25-105000-C,101063.47,buy,0.7,0.7,,,,
331,333533429,2024-12-12 12:54:56,0,0.129,0.1288403,60.3,BTC-28MAR25-105000-C,100860.71,buy,0.4,0.4,,,,
332,333553603,2024-12-12 14:37:08,0,0.1295,0.12938355,60.66,BTC-28MAR25-105000-C,100838.75,buy,0.4,0.4,,,,
333,333620604,2024-12-12 19:03:09,0,0.131,0.13066717,61.15,BTC-28MAR25-105000-C,100960.99,buy,0.4,0.4,,,,
334,333682684,2024-12-13 01:03:56,2,0.124,0.1243829,60.09,BTC-28MAR25-105000-C,99971.96,buy,1.0,1.0,,,,
335,333682685,2024-12-13 01:03:57,3,0.124,0.12437019,60.09,BTC-28MAR25-105000-C,99972.92,buy,0.2,0.2,,,,
336,333682686,2024-12-13 01:03:57,3,0.124,0.12437019,60.09,BTC-28MAR25-105000-C,99972.92,buy,0.8,0.8,,,,
337,333692556,2024-12-13 02:47:38,2,0.1225,0.12262214,60.03,BTC-28MAR25-105000-C,99586.45,sell,5.0,5.0,,,,
338,333717774,2024-12-13 07:41:08,0,0.124,0.12394392,60.03,BTC-28MAR25-105000-C,100006.53,buy,2.0,2.0,,,,
339,333717862,2024-12-13 07:41:14,1,0.124,0.12403243,60.0,BTC-28MAR25-105000-C,100018.27,buy,0.2,0.2,,,,
340,333717863,2024-12-13 07:41:14,1,0.124,0.12403243,60.0,BTC-28MAR25-105000-C,100018.27,buy,1.4,1.4,,,,
341,333719155,2024-12-13 07:44:40,1,0.124,0.12396539,59.99,BTC-28MAR25-105000-C,100034.31,buy,0.5,0.5,,,,
342,333719156,2024-12-13 07:44:40,1,0.124,0.12396539,59.99,BTC-28MAR25-105000-C,100034.31,buy,0.6,0.6,,,,
343,333719172,2024-12-13 07:44:43,1,0.124,0.12399943,59.96,BTC-28MAR25-105000-C,100049.9,buy,2.8,2.8,,,,
344,333719173,2024-12-13 07:44:43,1,0.124,0.12399943,59.96,BTC-28MAR25-105000-C,100049.9,buy,1.1,1.1,,,,
345,333719192,2024-12-13 07:44:43,1,0.124,0.12400638,59.94,BTC-28MAR25-105000-C,100060.68,buy,0.5,0.5,,,,
346,333722016,2024-12-13 07:52:08,0,0.1245,0.12464282,59.82,BTC-28MAR25-105000-C,100222.04,sell,5.0,5.0,,,,
347,333724290,2024-12-13 08:01:34,2,0.124,0.12404834,59.74,BTC-28MAR25-105000-C,100147.39,buy,0.1,0.1,,,,
348,333727039,2024-12-13 08:08:43,2,0.123,0.12292347,59.63,BTC-28MAR25-105000-C,100024.97,buy,1.0,1.0,,,,
349,333727350,2024-12-13 08:10:13,3,0.123,0.12298964,59.61,BTC-28MAR25-105000-C,100035.91,buy,1.0,1.0,,,,
350,333728096,2024-12-13 08:14:29,2,0.1225,0.12263639,59.52,BTC-28MAR25-105000-C,99999.25,buy,0.4,0.4,,,,
351,333728120,2024-12-13 08:14:34,3,0.1225,0.12252901,59.62,BTC-28MAR25-105000-C,99951.7,buy,2.4,2.4,,,,
352,333728211,2024-12-13 08:14:49,3,0.1225,0.12247718,59.57,BTC-28MAR25-105000-C,99969.68,buy,2.6,2.6,,,,
353,333729363,2024-12-13 08:23:23,0,0.1235,0.12327268,59.56,BTC-28MAR25-105000-C,100211.12,buy,0.1,0.1,,,,
354,333730064,2024-12-13 08:28:25,1,0.1235,0.12343867,59.4,BTC-28MAR25-105000-C,100277.14,buy,3.0,3.0,,,,
355,333730931,2024-12-13 08:32:49,0,0.124,0.12384191,59.5,BTC-28MAR25-105000-C,100346.33,buy,0.6,0.6,,,,
356,333731016,2024-12-13 08:33:57,1,0.124,0.12379946,59.51,BTC-28MAR25-105000-C,100340.25,buy,1.0,1.0,,,,
357,333731541,2024-12-13 08:36:45,2,0.1235,0.12354092,59.37,BTC-28MAR25-105000-C,100285.27,buy,0.8,0.8,,,,
358,333731798,2024-12-13 08:38:16,3,0.1235,0.1234141,59.42,BTC-28MAR25-105000-C,100253.89,buy,1.0,1.0,,,,
359,333772541,2024-12-13 14:36:50,0,0.126,0.12645715,59.75,BTC-28MAR25-105000-C,100591.47,sell,0.1,0.1,,,,
360,333786363,2024-12-13 15:25:12,0,0.132,0.13121919,60.91,BTC-28MAR25-105000-C,101375.73,buy,0.2,0.2,,,,
361,333796410,2024-12-13 15:57:09,2,0.1245,0.12461941,60.56,BTC-28MAR25-105000-C,99863.04,buy,0.4,0.4,,,,
362,333929032,2024-12-14 11:25:12,0,0.13,0.12949429,59.76,BTC-28MAR25-105000-C,101604.96,buy,6.3,6.3,,,,
363,334028745,2024-12-15 11:27:20,0,0.1335,0.13352599,59.92,BTC-28MAR25-105000-C,102464.62,buy,0.1,0.1,,,,
364,334030499,2024-12-15 12:02:35,0,0.1345,0.1344874,59.87,BTC-28MAR25-105000-C,102732.44,buy,0.1,0.1,,,,
365,334031325,2024-12-15 12:06:23,0,0.135,0.13487718,59.93,BTC-28MAR25-105000-C,102809.81,buy,0.1,0.1,,,,
366,334032315,2024-12-15 12:11:42,0,0.136,0.13562924,60.14,BTC-28MAR25-105000-C,102920.46,sell,0.1,0.1,,,,
367,334041844,2024-12-15 13:05:10,2,0.1355,0.13491291,60.29,BTC-28MAR25-105000-C,102703.81,sell,1.0,1.0,,,,
368,334070793,2024-12-15 19:34:54,0,0.138,0.13781641,60.45,BTC-28MAR25-105000-C,103216.68,sell,0.5,0.5,,,,
369,334074341,2024-12-15 20:56:18,2,0.1355,0.13545507,59.69,BTC-28MAR25-105000-C,103079.16,buy,0.5,0.5,,,,
370,334074535,2024-12-15 20:57:00,3,0.1355,0.13537779,59.72,BTC-28MAR25-105000-C,103060.56,buy,0.5,0.5,,,,
371,334075214,2024-12-15 21:07:27,3,0.1355,0.13507302,59.79,BTC-28MAR25-105000-C,103024.41,buy,0.5,0.5,,,,
372,334075947,2024-12-15 21:16:36,2,0.135,0.1349002,59.61,BTC-28MAR25-105000-C,102974.31,sell,0.1,0.1,,,,
373,334075952,2024-12-15 21:16:39,3,0.135,0.13485106,59.61,BTC-28MAR25-105000-C,102972.75,sell,0.1,0.1,,,,
374,334079006,2024-12-15 21:40:36,3,0.135,0.13490922,59.56,BTC-28MAR25-105000-C,102978.81,sell,1.4,1.4,,,,
375,334101009,2024-12-15 23:24:13,0,0.144,0.14413245,60.1,BTC-28MAR25-105000-C,104743.59,sell,0.1,0.1,,,,
376,334158477,2024-12-16 01:44:37,0,0.149,0.14885816,61.5,BTC-28MAR25-105000-C,105175.73,sell,1.0,1.0,,,,
377,334173625,2024-12-16 03:12:33,2,0.145,0.14521324,60.85,BTC-28MAR25-105000-C,104656.49,sell,0.1,0.1,,,,
378,334190014,2024-12-16 06:51:12,0,0.1475,0.14698252,61.05,BTC-28MAR25-105000-C,105055.5,sell,0.1,0.1,,,,
379,334247166,2024-12-16 14:32:22,2,0.143,0.14271093,60.73,BTC-28MAR25-105000-C,104442.12,buy,1.0,1.0,,,,
380,334251111,2024-12-16 14:39:59,0,0.1465,0.14611137,60.74,BTC-28MAR25-105000-C,105199.94,buy,2.0,2.0,,,,
381,334320384,2024-12-16 17:59:06,0,0.155,0.15493575,60.86,BTC-28MAR25-105000-C,107097.68,buy,0.1,0.1,,,,
382,334344386,2024-12-16 19:15:00,2,0.1505,0.1500526,60.81,BTC-28MAR25-105000-C,106206.66,buy,2.3,2.3,,,,
383,334371879,2024-12-16 22:05:20,2,0.148,0.14811078,60.11,BTC-28MAR25-105000-C,106089.71,buy,0.2,0.2,,,,
384,334411158,2024-12-17 05:03:05,0,0.15,0.149941,60.13,BTC-28MAR25-105000-C,106584.54,buy,0.6,0.6,,,,
385,334452385,2024-12-17 12:25:34,0,0.1505,0.15017958,60.02,BTC-28MAR25-105000-C,106691.39,buy,0.3,0.3,,,,
386,334455674,2024-12-17 13:20:57,0,0.151,0.15138093,59.47,BTC-28MAR25-105000-C,107089.74,sell,4.0,4.0,,,,
387,334510491,2024-12-17 16:20:23,2,0.15,0.14984132,60.03,BTC-28MAR25-105000-C,106727.29,sell,1.0,1.0,,,,
388,334551987,2024-12-17 21:36:40,2,0.148,0.14808351,59.72,BTC-28MAR25-105000-C,106363.67,buy,0.1,0.1,,,,
389,334572038,2024-12-17 23:48:13,2,0.147,0.14617799,60.2,BTC-28MAR25-105000-C,106119.62,buy,0.4,0.4,,,,
390,334572178,2024-12-17 23:48:46,3,0.147,0.14633899,60.12,BTC-28MAR25-105000-C,106136.57,buy,1.1,1.1,,,,
391,334580949,2024-12-18 01:11:12,0,0.148,0.14778654,60.22,BTC-28MAR25-105000-C,106349.06,buy,0.1,0.1,,,,
392,334580962,2024-12-18 01:11:26,1,0.148,0.14803461,60.11,BTC-28MAR25-105000-C,106394.05,buy,0.1,0.1,,,,
393,334613160,2024-12-18 04:26:27,2,0.137,0.13694507,59.99,BTC-28MAR25-105000-C,103963.55,buy,1.0,1.0,,,,
394,334615247,2024-12-18 04:33:02,2,0.1365,0.13636462,60.11,BTC-28MAR25-105000-C,103793.85,sell,4.9,4.9,,,,
395,334615722,2024-12-18 04:36:14,3,0.1365,0.13623039,60.26,BTC-28MAR25-105000-C,103748.02,sell,4.9,4.9,,,,
396,334635011,2024-12-18 06:00:31,2,0.1355,0.13566584,60.3,BTC-28MAR25-105000-C,103563.36,buy,0.1,0.1,,,,
397,334649973,2024-12-18 07:13:36,0,0.138,0.13802242,60.33,BTC-28MAR25-105000-C,104153.07,buy,1.0,1.0,,,,
398,334663977,2024-12-18 08:49:28,2,0.1365,0.13707946,60.01,BTC-28MAR25-105000-C,103889.24,sell,0.4,0.4,,,,
399,334664262,2024-12-18 08:52:25,3,0.1365,0.13683714,60.09,BTC-28MAR25-105000-C,103864.9,sell,0.6,0.6,,,,
400,334728262,2024-12-18 15:10:59,2,0.136,0.13636548,60.06,BTC-28MAR25-105000-C,103832.86,buy,1.0,1.0,,,,
401,334751614,2024-12-18 17:01:43,3,0.136,0.13611011,59.93,BTC-28MAR25-105000-C,104020.44,sell,4.6,4.6,,,,
402,334751647,2024-12-18 17:01:52,3,0.136,0.13604491,59.96,BTC-28MAR25-105000-C,104007.33,sell,4.6,4.6,,,,
403,334751694,2024-12-18 17:02:01,3,0.136,0.13602144,59.96,BTC-28MAR25-105000-C,104009.9,sell,0.8,0.8,,,,
404,334752321,2024-12-18 17:06:47,2,0.1355,0.13554729,59.96,BTC-28MAR25-105000-C,103906.21,sell,4.6,4.6,,,,
405,334752495,2024-12-18 17:07:47,3,0.1355,0.13549471,60.0,BTC-28MAR25-105000-C,103896.09,sell,4.6,4.6,,,,
406,334752801,2024-12-18 17:10:01,0,0.136,0.13602873,60.0,BTC-28MAR25-105000-C,104001.94,sell,0.8,0.8,,,,
407,334759544,2024-12-18 17:45:02,0,0.138,0.13830136,59.74,BTC-28MAR25-105000-C,104613.5,sell,10.0,10.0,,,,
408,334759545,2024-12-18 17:45:02,1,0.138,0.13830136,59.74,BTC-28MAR25-105000-C,104613.5,sell,0.1,0.1,,,,
409,334791475,2024-12-18 19:43:54,2,0.134,0.13389518,60.05,BTC-28MAR25-105000-C,103585.12,sell,4.6,4.6,,,,
410,334791476,2024-12-18 19:43:54,3,0.134,0.13389518,60.05,BTC-28MAR25-105000-C,103585.12,sell,0.1,0.1,,,,
411,334791948,2024-12-18 19:45:55,2,0.1335,0.13371351,60.02,BTC-28MAR25-105000-C,103484.8,sell,4.6,4.6,,,,
412,334792185,2024-12-18 19:46:11,3,0.1335,0.13352881,59.99,BTC-28MAR25-105000-C,103500.09,sell,0.7,0.7,,,,
413,334799152,2024-12-18 19:56:16,2,0.133,0.13301283,60.1,BTC-28MAR25-105000-C,103356.13,sell,0.1,0.1,,,,
414,334799155,2024-12-18 19:56:16,3,0.133,0.13301639,60.13,BTC-28MAR25-105000-C,103340.69,sell,0.3,0.3,,,,
415,334863911,2024-12-18 20:44:43,2,0.12,0.11992247,60.25,BTC-28MAR25-105000-C,100303.09,sell,0.1,0.1,,,,
416,334874946,2024-12-18 20:53:28,0,0.1265,0.12607136,60.48,BTC-28MAR25-105000-C,101711.32,buy,0.4,0.4,,,,
417,334894540,2024-12-18 21:40:56,2,0.1255,0.12479815,60.84,BTC-28MAR25-105000-C,101384.64,buy,0.4,0.4,,,,
418,334896218,2024-12-18 21:54:40,2,0.1235,0.12392982,60.5,BTC-28MAR25-105000-C,101086.67,buy,0.3,0.3,,,,
419,334896237,2024-12-18 21:54:41,0,0.124,0.12393052,60.74,BTC-28MAR25-105000-C,101089.17,buy,0.3,0.3,,,,
420,334900971,2024-12-18 22:22:51,2,0.1225,0.12236455,60.58,BTC-28MAR25-105000-C,100831.54,sell,0.3,0.3,,,,
421,334904242,2024-12-18 22:47:01,0,0.123,0.12289586,60.61,BTC-28MAR25-105000-C,100925.81,sell,0.5,0.5,,,,
422,334947255,2024-12-19 02:03:29,2,0.1185,0.11833232,60.79,BTC-28MAR25-105000-C,99687.3,sell,0.5,0.5,,,,
423,335041721,2024-12-19 08:29:38,0,0.1275,0.12750544,60.87,BTC-28MAR25-105000-C,101660.42,buy,1.0,1.0,,,,
424,335111760,2024-12-19 15:25:31,2,0.118,0.11790205,59.99,BTC-28MAR25-105000-C,99924.8,sell,0.5,0.5,,,,
425,335115987,2024-12-19 15:32:53,0,0.119,0.11843788,60.29,BTC-28MAR25-105000-C,100074.69,buy,0.1,0.1,,,,
426,335119414,2024-12-19 15:37:25,2,0.1155,0.11600369,59.82,BTC-28MAR25-105000-C,99486.79,sell,0.2,0.2,,,,
427,335138298,2024-12-19 16:37:38,0,0.1215,0.12186946,59.81,BTC-28MAR25-105000-C,100847.25,sell,0.1,0.1,,,,
428,335181404,2024-12-19 17:59:03,2,0.1115,0.11247288,59.73,BTC-28MAR25-105000-C,98678.74,sell,0.1,0.1,,,,
429,335181478,2024-12-19 17:59:07,3,0.1115,0.1125659,59.73,BTC-28MAR25-105000-C,98683.0,sell,0.1,0.1,,,,
430,335181631,2024-12-19 17:59:12,0,0.112,0.11274106,59.81,BTC-28MAR25-105000-C,98762.14,sell,0.1,0.1,,,,
431,335185963,2024-12-19 18:03:21,2,0.111,0.11040673,60.34,BTC-28MAR25-105000-C,98312.19,sell,2.0,2.0,,,,
432,335202362,2024-12-19 18:23:11,2,0.105,0.10491117,60.03,BTC-28MAR25-105000-C,96996.69,sell,0.7,0.7,,,,
433,335209836,2024-12-19 18:31:11,0,0.109,0.10879077,60.23,BTC-28MAR25-105000-C,97872.83,sell,0.1,0.1,,,,
434,335209892,2024-12-19 18:31:13,1,0.109,0.10867799,60.25,BTC-28MAR25-105000-C,97865.01,sell,0.3,0.3,,,,
435,335209910,2024-12-19 18:31:14,1,0.109,0.10867799,60.25,BTC-28MAR25-105000-C,97862.68,sell,0.1,0.1,,,,
436,335210965,2024-12-19 18:33:51,0,0.1095,0.10939038,60.14,BTC-28MAR25-105000-C,98018.72,sell,0.1,0.1,,,,
437,335300122,2024-12-19 21:13:32,2,0.1055,0.10561685,60.42,BTC-28MAR25-105000-C,96900.73,sell,0.5,0.5,,,,
438,335309890,2024-12-19 21:31:16,0,0.108,0.1074895,60.77,BTC-28MAR25-105000-C,97288.19,sell,0.5,0.5,,,,
439,335310283,2024-12-19 21:31:57,2,0.1075,0.10809946,60.26,BTC-28MAR25-105000-C,97421.85,sell,0.8,0.8,,,,
440,335310284,2024-12-19 21:31:57,2,0.107,0.10809946,60.02,BTC-28MAR25-105000-C,97421.85,sell,0.2,0.2,,,,
441,335329300,2024-12-19 22:50:30,0,0.109,0.10878705,60.19,BTC-28MAR25-105000-C,97868.82,sell,0.5,0.5,,,,
442,335395502,2024-12-20 02:07:31,2,0.1,0.09992083,60.66,BTC-28MAR25-105000-C,95929.94,sell,0.1,0.1,,,,
443,335511075,2024-12-20 08:53:15,2,0.099,0.09874373,61.17,BTC-28MAR25-105000-C,95266.25,sell,0.9,0.9,,,,
444,335567076,2024-12-20 10:12:30,2,0.0965,0.09647935,61.81,BTC-28MAR25-105000-C,94227.45,sell,0.5,0.5,,,,
445,335575376,2024-12-20 10:24:01,0,0.0975,0.0977636,61.96,BTC-28MAR25-105000-C,94370.54,buy,0.1,0.1,,,,
446,335591598,2024-12-20 11:05:07,2,0.097,0.09690606,62.21,BTC-28MAR25-105000-C,94189.31,sell,0.5,0.5,,,,
447,335640438,2024-12-20 12:18:29,2,0.0945,0.09391658,64.17,BTC-28MAR25-105000-C,92599.46,sell,0.1,0.1,,,,
448,335645985,2024-12-20 12:25:01,0,0.0955,0.09581869,63.73,BTC-28MAR25-105000-C,93127.04,sell,0.6,0.6,,,,
449,335690063,2024-12-20 14:06:25,0,0.099,0.09922232,61.82,BTC-28MAR25-105000-C,94976.47,buy,0.1,0.1,,,,
450,335690070,2024-12-20 14:06:33,1,0.099,0.09934918,61.82,BTC-28MAR25-105000-C,94979.71,buy,0.1,0.1,,,,
451,335690080,2024-12-20 14:06:35,1,0.099,0.09933197,61.8,BTC-28MAR25-105000-C,94989.33,buy,0.3,0.3,,,,
452,335690095,2024-12-20 14:06:36,1,0.099,0.09936437,61.77,BTC-28MAR25-105000-C,95005.54,buy,0.2,0.2,,,,
453,335690096,2024-12-20 14:06:37,1,0.099,0.09941069,61.76,BTC-28MAR25-105000-C,95013.35,buy,0.5,0.5,,,,
454,335690099,2024-12-20 14:06:37,1,0.099,0.09941069,61.76,BTC-28MAR25-105000-C,95013.35,buy,0.2,0.2,,,,
455,335690121,2024-12-20 14:06:38,1,0.099,0.09941069,61.76,BTC-28MAR25-105000-C,95013.35,buy,0.1,0.1,,,,
456,335690413,2024-12-20 14:07:27,0,0.1,0.09931582,62.26,BTC-28MAR25-105000-C,95002.79,buy,1.5,1.5,,,,
457,335691605,2024-12-20 14:14:16,2,0.0985,0.0987673,61.63,BTC-28MAR25-105000-C,94947.29,buy,0.1,0.1,,,,
458,335691659,2024-12-20 14:14:24,3,0.0985,0.09890414,61.64,BTC-28MAR25-105000-C,94940.36,buy,0.2,0.2,,,,
459,335691664,2024-12-20 14:14:27,3,0.0985,0.09890159,61.61,BTC-28MAR25-105000-C,94957.63,buy,0.2,0.2,,,,
460,335691667,2024-12-20 14:14:29,3,0.0985,0.09896583,61.61,BTC-28MAR25-105000-C,94956.18,buy,0.2,0.2,,,,
461,335691668,2024-12-20 14:14:29,3,0.0985,0.09896583,61.61,BTC-28MAR25-105000-C,94956.18,buy,0.1,0.1,,,,
462,335691676,2024-12-20 14:14:35,3,0.0985,0.09899062,61.62,BTC-28MAR25-105000-C,94951.11,buy,0.2,0.2,,,,
463,335691760,2024-12-20 14:14:37,3,0.0985,0.09893344,61.6,BTC-28MAR25-105000-C,94963.24,buy,0.1,0.1,,,,
464,335691762,2024-12-20 14:14:37,3,0.0985,0.09893344,61.6,BTC-28MAR25-105000-C,94963.24,buy,0.4,0.4,,,,
465,335849288,2024-12-21 00:51:41,0,0.106,0.10579409,60.2,BTC-28MAR25-105000-C,97488.26,buy,1.2,1.2,,,,
466,335849472,2024-12-21 00:56:09,1,0.106,0.10591371,60.1,BTC-28MAR25-105000-C,97560.77,buy,0.1,0.1,,,,
467,335849704,2024-12-21 00:57:14,1,0.106,0.10593773,60.13,BTC-28MAR25-105000-C,97544.47,buy,0.1,0.1,,,,
468,335850037,2024-12-21 01:01:03,1,0.106,0.10583994,60.13,BTC-28MAR25-105000-C,97537.82,buy,1.2,1.2,,,,
469,335850331,2024-12-21 01:06:27,2,0.1055,0.1052547,60.15,BTC-28MAR25-105000-C,97416.21,buy,1.2,1.2,,,,
470,335852682,2024-12-21 01:32:11,2,0.105,0.10482999,60.1,BTC-28MAR25-105000-C,97339.7,buy,1.2,1.2,,,,
471,335853835,2024-12-21 01:42:31,3,0.105,0.10468114,60.17,BTC-28MAR25-105000-C,97300.06,buy,1.2,1.2,,,,
472,335854234,2024-12-21 01:46:32,3,0.105,0.10482546,60.08,BTC-28MAR25-105000-C,97344.54,buy,0.1,0.1,,,,
473,335854335,2024-12-21 01:48:11,3,0.105,0.10477868,60.1,BTC-28MAR25-105000-C,97334.39,buy,1.1,1.1,,,,
474,335854336,2024-12-21 01:48:11,3,0.105,0.10477868,60.1,BTC-28MAR25-105000-C,97334.39,buy,0.1,0.1,,,,
475,335855694,2024-12-21 02:17:18,2,0.1045,0.10430562,60.1,BTC-28MAR25-105000-C,97243.7,buy,0.4,0.4,,,,
476,335861959,2024-12-21 03:33:39,0,0.105,0.10470096,60.12,BTC-28MAR25-105000-C,97320.31,buy,1.2,1.2,,,,
477,335867863,2024-12-21 05:40:48,0,0.1065,0.10613779,60.14,BTC-28MAR25-105000-C,97691.22,buy,0.3,0.3,,,,
478,335868734,2024-12-21 05:46:00,0,0.1075,0.10699318,60.25,BTC-28MAR25-105000-C,97885.85,buy,1.3,1.3,,,,
479,335869065,2024-12-21 05:46:25,1,0.1075,0.10730044,60.1,BTC-28MAR25-105000-C,97954.91,buy,1.3,1.3,,,,
480,335869445,2024-12-21 05:46:54,0,0.108,0.10771396,60.16,BTC-28MAR25-105000-C,98051.84,buy,2.5,2.5,,,,
481,335906651,2024-12-21 09:18:55,0,0.11,0.10972871,60.49,BTC-28MAR25-105000-C,98437.89,buy,1.9,1.9,,,,
482,335958943,2024-12-21 17:48:28,2,0.1055,0.10541303,60.2,BTC-28MAR25-105000-C,97589.77,sell,0.1,0.1,,,,
483,336101835,2024-12-22 15:49:39,2,0.095,0.094803,60.35,BTC-28MAR25-105000-C,95122.66,sell,5.0,5.0,,,,
484,336119013,2024-12-22 17:18:45,0,0.0975,0.09678307,60.55,BTC-28MAR25-105000-C,95640.25,buy,0.1,0.1,,,,
485,336160850,2024-12-22 20:48:39,2,0.095,0.09573191,60.09,BTC-28MAR25-105000-C,95277.39,sell,0.1,0.1,,,,
486,336247157,2024-12-23 04:13:25,0,0.1005,0.10066809,60.81,BTC-28MAR25-105000-C,96332.13,sell,0.1,0.1,,,,
487,336264924,2024-12-23 07:01:00,2,0.0935,0.09361785,60.43,BTC-28MAR25-105000-C,94808.12,sell,0.1,0.1,,,,
488,336331976,2024-12-23 14:49:45,2,0.089,0.08885485,60.0,BTC-28MAR25-105000-C,93909.75,sell,0.4,0.4,,,,
489,336421134,2024-12-23 18:50:18,2,0.085,0.08495729,60.24,BTC-28MAR25-105000-C,92848.85,sell,0.1,0.1,,,,
490,336437115,2024-12-23 19:50:55,0,0.086,0.08546751,60.68,BTC-28MAR25-105000-C,92917.61,buy,1.1,1.1,,,,
491,336437122,2024-12-23 19:50:56,1,0.086,0.08546751,60.68,BTC-28MAR25-105000-C,92917.61,buy,1.2,1.2,,,,
492,336437130,2024-12-23 19:50:56,1,0.086,0.08548432,60.68,BTC-28MAR25-105000-C,92919.42,buy,0.1,0.1,,,,
493,336450243,2024-12-23 20:27:53,1,0.086,0.08595849,60.63,BTC-28MAR25-105000-C,92829.64,sell,0.9,0.9,,,,
494,336450244,2024-12-23 20:27:53,1,0.086,0.08595849,60.63,BTC-28MAR25-105000-C,92829.64,buy,4.1,4.1,,,,
495,336465544,2024-12-23 21:12:05,0,0.09,0.08951367,60.78,BTC-28MAR25-105000-C,93829.47,buy,0.1,0.1,,,,
496,336475811,2024-12-23 21:57:03,0,0.0905,0.09023664,60.96,BTC-28MAR25-105000-C,93809.64,buy,0.1,0.1,,,,
497,336494228,2024-12-23 23:13:50,0,0.096,0.09608067,61.06,BTC-28MAR25-105000-C,95152.73,sell,0.5,0.5,,,,
498,336548401,2024-12-24 03:51:03,2,0.092,0.09144218,61.28,BTC-28MAR25-105000-C,94183.19,buy,0.1,0.1,,,,
499,336549175,2024-12-24 04:00:15,0,0.093,0.0921066,61.64,BTC-28MAR25-105000-C,94231.59,buy,1.0,1.0,,,,
500,336556554,2024-12-24 05:36:36,0,0.0935,0.09312045,61.79,BTC-28MAR25-105000-C,94339.15,buy,0.5,0.5,,,,
501,336556555,2024-12-24 05:36:36,1,0.0935,0.09312045,61.79,BTC-28MAR25-105000-C,94339.15,buy,0.5,0.5,,,,
502,336572722,2024-12-24 08:05:07,2,0.0925,0.0930181,61.36,BTC-28MAR25-105000-C,94331.7,buy,0.1,0.1,,,,
503,336579662,2024-12-24 09:01:06,2,0.092,0.09257111,61.08,BTC-28MAR25-105000-C,94373.28,sell,0.5,0.5,,,,
504,336593196,2024-12-24 11:41:59,2,0.091,0.0912391,61.06,BTC-28MAR25-105000-C,94177.85,sell,0.5,0.5,,,,
505,336649421,2024-12-24 14:46:32,0,0.1025,0.10230085,61.3,BTC-28MAR25-105000-C,96836.24,buy,3.0,3.0,,,,
506,336655863,2024-12-24 15:00:52,0,0.1035,0.10437767,60.86,BTC-28MAR25-105000-C,97300.17,sell,6.7,6.7,,,,
507,336655867,2024-12-24 15:00:53,1,0.1035,0.10435116,60.86,BTC-28MAR25-105000-C,97299.95,sell,1.0,1.0,,,,
508,336705014,2024-12-24 17:20:34,0,0.1095,0.10962588,60.98,BTC-28MAR25-105000-C,98737.02,sell,0.2,0.2,,,,
509,336705047,2024-12-24 17:20:39,1,0.1095,0.1094174,61.08,BTC-28MAR25-105000-C,98689.12,sell,0.2,0.2,,,,
510,336705064,2024-12-24 17:20:43,1,0.1095,0.10936736,61.1,BTC-28MAR25-105000-C,98679.24,sell,0.2,0.2,,,,
511,336860703,2024-12-25 14:18:02,2,0.1075,0.10726964,60.66,BTC-28MAR25-105000-C,98573.14,sell,1.0,1.0,,,,
512,336861414,2024-12-25 14:23:03,3,0.1075,0.10741154,60.58,BTC-28MAR25-105000-C,98614.34,sell,0.2,0.2,,,,
513,336861553,2024-12-25 14:24:49,3,0.1075,0.10731174,60.67,BTC-28MAR25-105000-C,98576.04,sell,0.1,0.1,,,,
514,336861606,2024-12-25 14:26:21,3,0.1075,0.10715562,60.78,BTC-28MAR25-105000-C,98529.33,sell,0.7,0.7,,,,
515,336962323,2024-12-26 05:55:53,2,0.104,0.10405869,59.77,BTC-28MAR25-105000-C,98307.02,buy,0.7,0.7,,,,
516,336962407,2024-12-26 05:58:04,3,0.104,0.10404866,59.74,BTC-28MAR25-105000-C,98319.69,buy,1.3,1.3,,,,
517,336962423,2024-12-26 05:58:16,3,0.104,0.10402757,59.74,BTC-28MAR25-105000-C,98318.61,buy,0.9,0.9,,,,
518,336994260,2024-12-26 08:24:20,2,0.094,0.09474852,59.19,BTC-28MAR25-105000-C,96131.14,sell,2.0,2.0,,,,
519,337068603,2024-12-26 14:11:06,0,0.096,0.09614371,60.99,BTC-28MAR25-105000-C,95884.39,buy,1.9,1.9,,,,
520,337115027,2024-12-26 16:31:50,0,0.0965,0.09621012,61.19,BTC-28MAR25-105000-C,95924.82,sell,0.6,0.6,,,,
521,337191221,2024-12-26 21:10:23,2,0.0945,0.09417603,61.64,BTC-28MAR25-105000-C,95315.96,buy,5.0,5.0,,,,
522,337227301,2024-12-27 00:16:48,0,0.0955,0.09536522,61.86,BTC-28MAR25-105000-C,95484.46,sell,0.5,0.5,,,,
523,337481213,2024-12-27 15:24:01,2,0.091,0.09108192,61.13,BTC-28MAR25-105000-C,94709.02,sell,0.1,0.1,,,,
524,337481217,2024-12-27 15:24:01,3,0.091,0.0910639,61.14,BTC-28MAR25-105000-C,94703.73,sell,0.1,0.1,,,,
525,337481218,2024-12-27 15:24:01,3,0.091,0.0910639,61.14,BTC-28MAR25-105000-C,94703.73,sell,0.1,0.1,,,,
526,337481228,2024-12-27 15:24:09,3,0.091,0.09089345,61.21,BTC-28MAR25-105000-C,94665.05,sell,0.1,0.1,,,,
527,337481239,2024-12-27 15:24:09,3,0.091,0.09089345,61.21,BTC-28MAR25-105000-C,94665.05,sell,0.1,0.1,,,,
528,337485289,2024-12-27 15:33:47,2,0.089,0.08900412,61.19,BTC-28MAR25-105000-C,94180.6,buy,0.8,0.8,,,,
529,337487658,2024-12-27 15:37:27,2,0.0885,0.08853088,61.1,BTC-28MAR25-105000-C,94047.88,sell,0.2,0.2,,,,
530,337489394,2024-12-27 15:40:05,3,0.0885,0.08833718,61.23,BTC-28MAR25-105000-C,93972.64,sell,0.3,0.3,,,,
531,337493377,2024-12-27 15:46:00,0,0.0895,0.0894939,61.2,BTC-28MAR25-105000-C,94181.01,buy,0.6,0.6,,,,
532,337496726,2024-12-27 15:58:48,0,0.0896,0.09030806,60.91,BTC-28MAR25-105000-C,94388.44,sell,4.0,4.0,,337496722,BTC-CS-28MAR25-80000_105000,
533,337496727,2024-12-27 15:58:48,1,0.0896,0.09030806,60.91,BTC-28MAR25-105000-C,94388.44,sell,21.0,21.0,,337496723,BTC-CS-28MAR25-80000_105000,
534,337496859,2024-12-27 15:59:09,0,0.0907,0.09044539,61.38,BTC-28MAR25-105000-C,94426.3,buy,4.0,4.0,,337496858,BTC-CS-28MAR25-80000_105000,
535,337496877,2024-12-27 15:59:14,0,0.0908,0.09049164,61.42,BTC-28MAR25-105000-C,94433.33,buy,25.0,25.0,,337496876,BTC-CS-28MAR25-80000_105000,
536,337496885,2024-12-27 15:59:15,2,0.0907,0.09048591,61.37,BTC-28MAR25-105000-C,94434.95,sell,4.7,4.7,,337496883,BTC-CS-28MAR25-80000_105000,
537,337496890,2024-12-27 15:59:16,3,0.0907,0.0904896,61.36,BTC-28MAR25-105000-C,94434.95,sell,10.0,10.0,,337496889,BTC-CS-28MAR25-80000_105000,
538,337496893,2024-12-27 15:59:16,3,0.0907,0.0904896,61.36,BTC-28MAR25-105000-C,94434.95,sell,4.2,4.2,,337496892,BTC-CS-28MAR25-80000_105000,
539,337496897,2024-12-27 15:59:16,3,0.0907,0.0904896,61.36,BTC-28MAR25-105000-C,94433.78,sell,2.1,2.1,,337496895,BTC-CS-28MAR25-80000_105000,
540,337497994,2024-12-27 16:04:31,2,0.0895,0.0896115,61.27,BTC-28MAR25-105000-C,94194.86,buy,0.6,0.6,,,,
541,337498213,2024-12-27 16:06:28,0,0.09,0.08984295,61.32,BTC-28MAR25-105000-C,94290.42,buy,0.1,0.1,,,,
542,337513673,2024-12-27 17:22:09,2,0.0855,0.0857496,60.7,BTC-28MAR25-105000-C,93545.73,buy,0.1,0.1,,,,
543,337513674,2024-12-27 17:22:09,3,0.0855,0.0857496,60.7,BTC-28MAR25-105000-C,93545.73,buy,1.5,1.5,,,,
544,337513675,2024-12-27 17:22:09,3,0.0855,0.0857496,60.7,BTC-28MAR25-105000-C,93545.73,buy,0.7,0.7,,,,
545,337513676,2024-12-27 17:22:09,3,0.0855,0.0857496,60.7,BTC-28MAR25-105000-C,93545.73,buy,6.8,6.8,,,,
546,337513677,2024-12-27 17:22:09,3,0.0855,0.0857496,60.7,BTC-28MAR25-105000-C,93545.73,buy,0.2,0.2,,,,
547,337513678,2024-12-27 17:22:09,3,0.0855,0.0857496,60.7,BTC-28MAR25-105000-C,93545.73,buy,0.3,0.3,,,,
548,337513683,2024-12-27 17:22:11,3,0.0855,0.08573784,60.7,BTC-28MAR25-105000-C,93546.55,buy,0.9,0.9,,,,
549,337513952,2024-12-27 17:22:38,3,0.0855,0.08561512,60.74,BTC-28MAR25-105000-C,93528.68,buy,1.5,1.5,,,,
550,337513953,2024-12-27 17:22:38,3,0.0855,0.08561512,60.74,BTC-28MAR25-105000-C,93528.68,buy,0.2,0.2,,,,
551,337513954,2024-12-27 17:22:38,3,0.0855,0.08561512,60.74,BTC-28MAR25-105000-C,93528.68,buy,0.1,0.1,,,,
552,337513961,2024-12-27 17:22:39,3,0.0855,0.08561512,60.74,BTC-28MAR25-105000-C,93528.68,buy,0.1,0.1,,,,
553,337514054,2024-12-27 17:22:49,3,0.0855,0.08564229,60.71,BTC-28MAR25-105000-C,93536.07,buy,0.1,0.1,,,,
554,337514060,2024-12-27 17:22:50,3,0.0855,0.08564229,60.71,BTC-28MAR25-105000-C,93536.07,buy,6.8,6.8,,,,
555,337518032,2024-12-27 17:30:40,0,0.086,0.08593845,60.72,BTC-28MAR25-105000-C,93653.34,buy,6.8,6.8,,,,
556,337518211,2024-12-27 17:31:06,0,0.0865,0.08618101,60.83,BTC-28MAR25-105000-C,93725.24,buy,0.8,0.8,,,,
557,337592601,2024-12-28 10:23:09,0,0.0895,0.09022944,61.36,BTC-28MAR25-105000-C,94431.14,sell,6.8,6.8,,,,
558,337612026,2024-12-28 16:16:42,0,0.09,0.08955563,61.92,BTC-28MAR25-105000-C,94318.83,buy,0.2,0.2,,,,
559,337619588,2024-12-28 18:29:22,0,0.0925,0.09224849,62.13,BTC-28MAR25-105000-C,94833.98,sell,0.1,0.1,,,,
560,337620082,2024-12-28 18:43:43,2,0.0915,0.0912427,62.08,BTC-28MAR25-105000-C,94618.85,sell,0.1,0.1,,,,
561,337620331,2024-12-28 18:46:53,3,0.0915,0.09112426,62.11,BTC-28MAR25-105000-C,94612.99,sell,0.1,0.1,,,,
562,337660513,2024-12-29 14:16:56,2,0.091,0.09077123,62.16,BTC-28MAR25-105000-C,94625.52,sell,0.5,0.5,,,,
563,337671124,2024-12-29 16:05:28,2,0.0885,0.08820751,61.68,BTC-28MAR25-105000-C,94252.49,sell,0.5,0.5,,,,
564,337679526,2024-12-29 17:12:02,2,0.087,0.0869952,61.39,BTC-28MAR25-105000-C,93885.75,buy,3.0,3.0,,,,
565,337685123,2024-12-29 18:56:46,2,0.0855,0.08515148,61.43,BTC-28MAR25-105000-C,93476.22,sell,0.5,0.5,,,,
566,337687433,2024-12-29 19:38:35,3,0.0855,0.08542933,61.55,BTC-28MAR25-105000-C,93468.93,sell,0.5,0.5,,,,
567,337704732,2024-12-29 23:08:41,2,0.084,0.08365003,61.74,BTC-28MAR25-105000-C,92926.16,sell,0.1,0.1,,,,
568,337723546,2024-12-30 02:32:04,0,0.0845,0.084574,61.27,BTC-28MAR25-105000-C,93397.45,buy,0.6,0.6,,,,
569,337790904,2024-12-30 14:35:09,2,0.08,0.08030335,61.17,BTC-28MAR25-105000-C,92420.61,sell,0.5,0.5,,,,
570,337811607,2024-12-30 15:20:41,2,0.0765,0.07651723,61.25,BTC-28MAR25-105000-C,91460.46,buy,0.6,0.6,,,,
571,337842510,2024-12-30 17:43:08,0,0.0835,0.0832801,61.32,BTC-28MAR25-105000-C,93325.47,buy,0.1,0.1,,,,
572,337873674,2024-12-30 19:22:20,0,0.0865,0.08638315,61.6,BTC-28MAR25-105000-C,93922.39,sell,0.5,0.5,,,,
573,337885610,2024-12-30 20:25:36,0,0.0905,0.08976061,62.0,BTC-28MAR25-105000-C,94794.57,buy,0.8,0.8,,,,
574,337889670,2024-12-30 20:50:02,2,0.089,0.08879035,61.99,BTC-28MAR25-105000-C,94412.84,sell,0.5,0.5,,,,
575,337891191,2024-12-30 20:59:17,2,0.088,0.08783584,61.91,BTC-28MAR25-105000-C,94182.04,buy,3.0,3.0,,,,
576,337910187,2024-12-30 21:53:21,2,0.0795,0.07949338,62.01,BTC-28MAR25-105000-C,91968.91,buy,0.5,0.5,,,,
577,337910718,2024-12-30 21:54:13,3,0.0795,0.07930734,62.11,BTC-28MAR25-105000-C,91916.45,buy,0.1,0.1,,,,
578,337911334,2024-12-30 21:55:12,2,0.079,0.07879896,62.12,BTC-28MAR25-105000-C,91772.02,buy,0.6,0.6,,,,
579,337911435,2024-12-30 21:55:22,3,0.079,0.07905779,61.99,BTC-28MAR25-105000-C,91836.92,sell,0.2,0.2,,,,
580,337911447,2024-12-30 21:55:24,3,0.079,0.07905269,61.99,BTC-28MAR25-105000-C,91833.38,sell,0.1,0.1,,,,
581,337911537,2024-12-30 21:55:26,3,0.079,0.0790074,62.04,BTC-28MAR25-105000-C,91806.83,buy,0.1,0.1,,,,
582,337911538,2024-12-30 21:55:26,3,0.079,0.0790074,62.04,BTC-28MAR25-105000-C,91806.83,buy,0.8,0.8,,,,
583,337941454,2024-12-31 01:31:42,0,0.0795,0.07954819,61.98,BTC-28MAR25-105000-C,91935.65,buy,0.6,0.6,,,,
584,337966311,2024-12-31 07:18:35,0,0.0815,0.08130928,61.48,BTC-28MAR25-105000-C,92743.95,buy,0.5,0.5,,,,
585,337996113,2024-12-31 10:10:54,0,0.085,0.08545459,61.33,BTC-28MAR25-105000-C,93695.95,sell,0.1,0.1,,,,
586,337996131,2024-12-31 10:11:01,1,0.085,0.08545899,61.32,BTC-28MAR25-105000-C,93699.71,sell,0.1,0.1,,,,
587,337996134,2024-12-31 10:11:11,1,0.085,0.08549526,61.31,BTC-28MAR25-105000-C,93703.2,sell,0.1,0.1,,,,
588,337996191,2024-12-31 10:11:22,2,0.0845,0.08538079,61.11,BTC-28MAR25-105000-C,93674.31,sell,0.1,0.1,,,,
589,337996193,2024-12-31 10:11:27,3,0.0845,0.0853768,61.12,BTC-28MAR25-105000-C,93672.51,sell,0.1,0.1,,,,
590,338037386,2024-12-31 14:33:26,0,0.096,0.09534881,62.23,BTC-28MAR25-105000-C,96033.15,buy,0.1,0.1,,,,
591,338064752,2024-12-31 16:19:11,2,0.0915,0.09132535,61.84,BTC-28MAR25-105000-C,95089.72,sell,0.1,0.1,,,,
592,338064770,2024-12-31 16:19:12,3,0.0915,0.09129155,61.86,BTC-28MAR25-105000-C,95079.74,sell,0.1,0.1,,,,
593,338064778,2024-12-31 16:19:13,3,0.0915,0.09129155,61.86,BTC-28MAR25-105000-C,95079.74,sell,0.1,0.1,,,,
594,338065186,2024-12-31 16:20:31,3,0.0915,0.09111928,61.97,BTC-28MAR25-105000-C,95021.07,sell,2.6,2.6,,,,
595,338065188,2024-12-31 16:20:31,3,0.0915,0.09111928,61.97,BTC-28MAR25-105000-C,95021.07,sell,0.3,0.3,,,,
596,338096834,2024-12-31 19:56:45,2,0.0855,0.0864325,61.15,BTC-28MAR25-105000-C,93952.48,sell,0.1,0.1,,,,
597,338096893,2024-12-31 19:57:43,3,0.0855,0.08646619,61.12,BTC-28MAR25-105000-C,93963.13,sell,0.1,0.1,,,,
598,338148566,2025-01-01 10:54:30,2,0.0825,0.08188966,61.45,BTC-28MAR25-105000-C,93125.67,buy,0.6,0.6,,,,
599,338148567,2025-01-01 10:54:30,3,0.0825,0.08188966,61.45,BTC-28MAR25-105000-C,93125.67,buy,0.6,0.6,,,,
600,338191659,2025-01-01 23:30:15,0,0.089,0.0886478,62.21,BTC-28MAR25-105000-C,94424.86,sell,1.0,1.0,,,,
601,338263502,2025-01-02 10:32:04,0,0.0975,0.09723246,62.14,BTC-28MAR25-105000-C,96569.91,sell,5.0,5.0,,,,
602,338293720,2025-01-02 14:31:59,1,0.0975,0.09719389,61.83,BTC-28MAR25-105000-C,96790.64,buy,6.9,6.9,,,,
603,338293793,2025-01-02 14:32:00,1,0.0975,0.09719389,61.83,BTC-28MAR25-105000-C,96790.64,buy,3.6,3.6,,,,
604,338315113,2025-01-02 15:23:00,2,0.0945,0.09544604,61.3,BTC-28MAR25-105000-C,96298.67,sell,6.9,6.9,,,,
605,338315114,2025-01-02 15:23:00,3,0.0945,0.09544604,61.3,BTC-28MAR25-105000-C,96298.67,sell,3.1,3.1,,,,
606,338318362,2025-01-02 15:35:09,2,0.094,0.09474987,61.5,BTC-28MAR25-105000-C,96098.62,buy,2.7,2.7,,,,
607,338332728,2025-01-02 16:42:56,0,0.0995,0.09931559,61.89,BTC-28MAR25-105000-C,97249.78,buy,0.2,0.2,,,,
608,338345817,2025-01-02 17:46:39,2,0.096,0.09584772,61.74,BTC-28MAR25-105000-C,96472.12,buy,6.9,6.9,,,,
609,338354416,2025-01-02 18:44:08,0,0.0975,0.09733493,61.49,BTC-28MAR25-105000-C,96969.82,buy,0.2,0.2,,,,
610,338354757,2025-01-02 18:45:39,1,0.0975,0.09739139,61.41,BTC-28MAR25-105000-C,97003.8,buy,0.4,0.4,,,,
611,338356181,2025-01-02 18:53:19,1,0.0975,0.09723766,61.42,BTC-28MAR25-105000-C,97006.99,buy,0.5,0.5,,,,
612,338356184,2025-01-02 18:53:21,1,0.0975,0.0972982,61.39,BTC-28MAR25-105000-C,97016.56,buy,0.4,0.4,,,,
613,338356340,2025-01-02 18:53:57,1,0.0975,0.09723889,61.43,BTC-28MAR25-105000-C,96998.28,buy,0.2,0.2,,,,
614,338356434,2025-01-02 18:55:02,1,0.0975,0.09731156,61.41,BTC-28MAR25-105000-C,97001.42,buy,0.2,0.2,,,,
615,338356681,2025-01-02 18:56:08,0,0.098,0.0976647,61.44,BTC-28MAR25-105000-C,97110.42,buy,0.5,0.5,,,,
616,338356689,2025-01-02 18:56:10,1,0.098,0.09775461,61.4,BTC-28MAR25-105000-C,97131.58,buy,0.3,0.3,,,,
617,338383833,2025-01-02 22:38:52,2,0.097,0.09652302,61.39,BTC-28MAR25-105000-C,96824.5,buy,1.0,1.0,,,,
618,338383837,2025-01-02 22:39:00,3,0.097,0.09653181,61.39,BTC-28MAR25-105000-C,96824.77,buy,0.1,0.1,,,,
619,338383839,2025-01-02 22:39:02,3,0.097,0.09652937,61.39,BTC-28MAR25-105000-C,96825.47,buy,1.0,1.0,,,,
620,338383840,2025-01-02 22:39:03,3,0.097,0.09652937,61.39,BTC-28MAR25-105000-C,96825.47,buy,0.2,0.2,,,,
621,338383841,2025-01-02 22:39:05,3,0.097,0.09653739,61.39,BTC-28MAR25-105000-C,96826.72,sell,0.3,0.3,,,,
622,338383853,2025-01-02 22:39:16,2,0.0965,0.09654451,61.12,BTC-28MAR25-105000-C,96830.68,sell,2.0,2.0,,,,
623,338383859,2025-01-02 22:39:26,0,0.097,0.096569,61.37,BTC-28MAR25-105000-C,96834.84,buy,0.5,0.5,,,,
624,338383885,2025-01-02 22:40:27,2,0.0965,0.0964005,61.2,BTC-28MAR25-105000-C,96800.63,sell,1.0,1.0,,,,
625,338383904,2025-01-02 22:40:38,3,0.0965,0.09631211,61.24,BTC-28MAR25-105000-C,96784.73,sell,1.0,1.0,,,,
626,338383936,2025-01-02 22:41:08,3,0.0965,0.09639279,61.19,BTC-28MAR25-105000-C,96804.86,sell,0.1,0.1,,,,
627,338384203,2025-01-02 22:47:53,0,0.097,0.09661886,61.29,BTC-28MAR25-105000-C,96880.26,buy,1.0,1.0,,,,
628,338384222,2025-01-02 22:48:17,1,0.097,0.09657614,61.31,BTC-28MAR25-105000-C,96877.67,buy,0.3,0.3,,,,
629,338384261,2025-01-02 22:49:40,0,0.0975,0.0966807,61.52,BTC-28MAR25-105000-C,96910.34,buy,0.3,0.3,,,,
630,338384418,2025-01-02 22:58:55,2,0.0965,0.09624144,61.19,BTC-28MAR25-105000-C,96830.63,sell,0.1,0.1,,,,
631,338384997,2025-01-02 23:06:10,3,0.0965,0.09604904,61.27,BTC-28MAR25-105000-C,96781.55,sell,0.2,0.2,,,,
632,338386739,2025-01-02 23:58:10,0,0.097,0.09633413,61.33,BTC-28MAR25-105000-C,96863.7,buy,0.1,0.1,,,,
633,338386744,2025-01-02 23:58:20,1,0.097,0.09635791,61.31,BTC-28MAR25-105000-C,96869.23,buy,0.1,0.1,,,,
634,338390540,2025-01-03 01:18:30,2,0.096,0.09513291,61.44,BTC-28MAR25-105000-C,96575.65,buy,0.1,0.1,,,,
635,338390629,2025-01-03 01:19:40,3,0.096,0.09524489,61.39,BTC-28MAR25-105000-C,96597.22,buy,8.7,8.7,,,,
636,338390630,2025-01-03 01:19:40,3,0.096,0.09524489,61.39,BTC-28MAR25-105000-C,96597.22,buy,1.3,1.3,,,,
637,338391147,2025-01-03 01:24:41,0,0.097,0.09602233,61.54,BTC-28MAR25-105000-C,96758.74,buy,2.7,2.7,,,,
638,338391148,2025-01-03 01:24:41,1,0.097,0.09602233,61.54,BTC-28MAR25-105000-C,96758.74,buy,1.3,1.3,,,,
639,338391425,2025-01-03 01:27:41,1,0.097,0.09623134,61.51,BTC-28MAR25-105000-C,96788.23,buy,0.4,0.4,,,,
640,338391706,2025-01-03 01:34:05,1,0.097,0.09596575,61.71,BTC-28MAR25-105000-C,96698.21,buy,2.0,2.0,,,,
641,338391741,2025-01-03 01:35:02,2,0.0965,0.095959,61.47,BTC-28MAR25-105000-C,96682.38,sell,1.0,1.0,,,,
642,338392070,2025-01-03 01:41:50,3,0.0965,0.09569319,61.62,BTC-28MAR25-105000-C,96618.72,buy,0.2,0.2,,,,
643,338392547,2025-01-03 01:52:32,0,0.0975,0.09694807,61.54,BTC-28MAR25-105000-C,96882.05,buy,0.1,0.1,,,,
644,338392559,2025-01-03 01:52:52,1,0.0975,0.09692393,61.55,BTC-28MAR25-105000-C,96881.81,buy,0.1,0.1,,,,
645,338392625,2025-01-03 01:54:49,1,0.0975,0.09695804,61.52,BTC-28MAR25-105000-C,96904.92,buy,0.1,0.1,,,,
646,338397750,2025-01-03 03:04:12,1,0.0975,0.09713886,61.51,BTC-28MAR25-105000-C,96942.6,sell,1.0,1.0,,,,
647,338398229,2025-01-03 03:20:24,2,0.097,0.09681201,61.47,BTC-28MAR25-105000-C,96848.89,sell,0.1,0.1,,,,
648,338398727,2025-01-03 03:28:04,0,0.0975,0.09689683,61.66,BTC-28MAR25-105000-C,96877.01,buy,0.1,0.1,,,,
649,338401135,2025-01-03 04:36:01,2,0.0965,0.09648723,61.32,BTC-28MAR25-105000-C,96823.51,sell,0.1,0.1,,,,
650,338401136,2025-01-03 04:36:01,3,0.0965,0.09648723,61.32,BTC-28MAR25-105000-C,96823.51,sell,0.1,0.1,,,,
651,338402086,2025-01-03 04:52:43,2,0.096,0.09597907,61.28,BTC-28MAR25-105000-C,96699.63,sell,0.1,0.1,,,,
652,338402969,2025-01-03 05:08:08,2,0.0955,0.09542642,61.27,BTC-28MAR25-105000-C,96587.87,sell,0.1,0.1,,,,
653,338402970,2025-01-03 05:08:08,3,0.0955,0.09542642,61.27,BTC-28MAR25-105000-C,96587.87,sell,0.1,0.1,,,,
654,338404132,2025-01-03 05:24:56,2,0.0951,0.09531724,61.13,BTC-28MAR25-105000-C,96573.39,sell,18.0,18.0,175612,,,
655,338408787,2025-01-03 06:28:18,2,0.0945,0.0949269,60.77,BTC-28MAR25-105000-C,96613.64,buy,0.1,0.1,,,,
656,338408788,2025-01-03 06:28:18,3,0.0945,0.0949269,60.77,BTC-28MAR25-105000-C,96613.64,buy,1.8,1.8,,,,
657,338409035,2025-01-03 06:30:58,2,0.094,0.09441458,60.54,BTC-28MAR25-105000-C,96602.73,buy,3.3,3.3,,,,
658,338424682,2025-01-03 07:56:39,0,0.0945,0.09451472,61.42,BTC-28MAR25-105000-C,96294.96,buy,2.0,2.0,,,,
659,338436532,2025-01-03 09:19:50,0,0.095,0.09482071,61.53,BTC-28MAR25-105000-C,96372.94,sell,0.2,0.2,,,,
660,338440746,2025-01-03 09:56:15,2,0.0945,0.09496477,60.89,BTC-28MAR25-105000-C,96544.57,sell,0.6,0.6,,,,
661,338447539,2025-01-03 11:54:03,0,0.0955,0.09491804,61.24,BTC-28MAR25-105000-C,96699.46,buy,1.0,1.0,,,,
662,338452961,2025-01-03 13:19:13,2,0.094,0.09413855,61.06,BTC-28MAR25-105000-C,96422.68,sell,1.6,1.6,,,,
663,338453219,2025-01-03 13:20:28,0,0.0945,0.09444239,61.19,BTC-28MAR25-105000-C,96483.62,sell,0.7,0.7,,,,
664,338453372,2025-01-03 13:21:37,1,0.0945,0.09463999,61.14,BTC-28MAR25-105000-C,96498.71,sell,0.5,0.5,,,,
665,338453373,2025-01-03 13:21:37,1,0.0945,0.09463999,61.14,BTC-28MAR25-105000-C,96498.71,sell,1.2,1.2,,,,
666,338454023,2025-01-03 13:28:40,0,0.0955,0.09538511,61.59,BTC-28MAR25-105000-C,96526.47,sell,0.5,0.5,,,,
667,338454598,2025-01-03 13:33:43,0,0.0965,0.09641301,62.02,BTC-28MAR25-105000-C,96547.91,sell,3.1,3.1,,,,
668,338454607,2025-01-03 13:33:44,1,0.0965,0.09641416,62.03,BTC-28MAR25-105000-C,96546.14,sell,0.6,0.6,,,,
669,338457800,2025-01-03 14:05:09,0,0.099,0.09877411,63.3,BTC-28MAR25-105000-C,96539.33,sell,7.0,7.0,,,,
670,338457802,2025-01-03 14:05:09,1,0.099,0.09877411,63.3,BTC-28MAR25-105000-C,96539.33,buy,1.2,1.2,,,,
671,338462801,2025-01-03 14:31:45,0,0.102,0.10168347,63.77,BTC-28MAR25-105000-C,97041.04,sell,7.0,7.0,,,,
672,338462802,2025-01-03 14:31:45,1,0.102,0.10168347,63.77,BTC-28MAR25-105000-C,97041.04,buy,1.0,1.0,,,,
673,338462888,2025-01-03 14:31:53,1,0.102,0.10191051,63.72,BTC-28MAR25-105000-C,97059.17,buy,0.4,0.4,,,,
674,338465275,2025-01-03 14:38:40,2,0.1015,0.10152049,63.7,BTC-28MAR25-105000-C,96965.94,sell,0.5,0.5,,,,
675,338466123,2025-01-03 14:40:00,0,0.1025,0.10255568,63.65,BTC-28MAR25-105000-C,97235.28,buy,0.1,0.1,,,,
676,338466392,2025-01-03 14:40:24,2,0.102,0.10233843,63.52,BTC-28MAR25-105000-C,97182.17,sell,1.5,1.5,,,,
677,338471386,2025-01-03 14:55:22,2,0.1005,0.10065852,63.31,BTC-28MAR25-105000-C,96925.18,buy,0.1,0.1,,,,
678,338473751,2025-01-03 15:05:21,0,0.101,0.10113282,63.14,BTC-28MAR25-105000-C,97123.31,buy,0.1,0.1,,,,
679,338473800,2025-01-03 15:05:23,1,0.101,0.10115608,63.1,BTC-28MAR25-105000-C,97140.0,buy,0.5,0.5,,,,
680,338475036,2025-01-03 15:10:29,0,0.1015,0.10149262,63.12,BTC-28MAR25-105000-C,97265.32,buy,0.1,0.1,,,,
681,338475055,2025-01-03 15:10:29,1,0.1015,0.10151162,63.06,BTC-28MAR25-105000-C,97295.41,buy,0.8,0.8,,,,
682,338475103,2025-01-03 15:10:31,1,0.1015,0.10154777,63.0,BTC-28MAR25-105000-C,97319.29,buy,3.0,3.0,,,,
683,338475947,2025-01-03 15:13:11,2,0.101,0.10063775,63.3,BTC-28MAR25-105000-C,97044.98,buy,3.9,3.9,,,,
684,338476613,2025-01-03 15:16:14,3,0.101,0.10096327,63.15,BTC-28MAR25-105000-C,97117.19,buy,3.9,3.9,,,,
685,338478499,2025-01-03 15:22:53,2,0.0995,0.09960285,63.02,BTC-28MAR25-105000-C,96815.56,buy,0.9,0.9,,,,
686,338480490,2025-01-03 15:35:49,0,0.101,0.10094753,62.84,BTC-28MAR25-105000-C,97267.01,buy,0.1,0.1,,,,
687,338480506,2025-01-03 15:35:51,1,0.101,0.10097804,62.74,BTC-28MAR25-105000-C,97315.46,buy,0.1,0.1,,,,
688,338480527,2025-01-03 15:35:52,1,0.101,0.10121085,62.74,BTC-28MAR25-105000-C,97312.91,buy,1.7,1.7,,,,
689,338485642,2025-01-03 16:00:51,0,0.1015,0.10140688,62.69,BTC-28MAR25-105000-C,97512.99,buy,0.1,0.1,,,,
690,338485682,2025-01-03 16:00:53,1,0.1015,0.10146309,62.63,BTC-28MAR25-105000-C,97540.49,buy,0.4,0.4,,,,
691,338485696,2025-01-03 16:00:55,1,0.1015,0.10153471,62.62,BTC-28MAR25-105000-C,97542.96,buy,0.1,0.1,,,,
692,338485707,2025-01-03 16:00:58,1,0.1015,0.10154287,62.62,BTC-28MAR25-105000-C,97542.97,buy,0.1,0.1,,,,
693,338485737,2025-01-03 16:01:03,1,0.1015,0.10159413,62.59,BTC-28MAR25-105000-C,97558.83,buy,0.1,0.1,,,,
694,338485747,2025-01-03 16:01:06,1,0.1015,0.10158333,62.58,BTC-28MAR25-105000-C,97565.65,buy,0.8,0.8,,,,
695,338485781,2025-01-03 16:01:08,1,0.1015,0.10162653,62.53,BTC-28MAR25-105000-C,97585.9,buy,0.6,0.6,,,,
696,338486417,2025-01-03 16:03:46,1,0.1015,0.1016664,62.5,BTC-28MAR25-105000-C,97604.34,buy,0.9,0.9,,,,
697,338487081,2025-01-03 16:08:26,2,0.101,0.10104356,62.56,BTC-28MAR25-105000-C,97462.02,sell,0.1,0.1,,,,
698,338489018,2025-01-03 16:20:05,0,0.1015,0.10148883,62.37,BTC-28MAR25-105000-C,97715.72,buy,0.1,0.1,,,,
699,338489063,2025-01-03 16:20:06,1,0.1015,0.10166094,62.32,BTC-28MAR25-105000-C,97734.51,buy,0.3,0.3,,,,
700,338503434,2025-01-03 17:44:03,0,0.103,0.10281183,62.26,BTC-28MAR25-105000-C,98165.61,buy,0.6,0.6,,,,
701,338503435,2025-01-03 17:44:03,1,0.103,0.10281183,62.26,BTC-28MAR25-105000-C,98165.61,sell,0.4,0.4,,,,
702,338508865,2025-01-03 18:36:51,0,0.1035,0.10329445,62.11,BTC-28MAR25-105000-C,98363.07,sell,0.1,0.1,,,,
703,338508866,2025-01-03 18:36:51,1,0.1035,0.10329445,62.11,BTC-28MAR25-105000-C,98363.07,sell,0.6,0.6,,,,
704,338508867,2025-01-03 18:36:51,1,0.1035,0.10329445,62.11,BTC-28MAR25-105000-C,98363.07,sell,2.3,2.3,,,,
705,338516175,2025-01-03 19:14:15,0,0.104,0.10438253,61.38,BTC-28MAR25-105000-C,98812.96,buy,0.1,0.1,,,,
706,338534041,2025-01-03 22:14:48,2,0.103,0.10225847,61.91,BTC-28MAR25-105000-C,98331.3,buy,0.8,0.8,,,,
707,338555657,2025-01-04 05:32:55,2,0.1025,0.10222736,62.16,BTC-28MAR25-105000-C,98133.62,sell,6.9,6.9,,,,
708,338598196,2025-01-04 19:23:45,0,0.103,0.1032177,62.66,BTC-28MAR25-105000-C,98174.99,buy,6.9,6.9,,,,
709,338607079,2025-01-04 21:12:26,0,0.104,0.10453828,62.81,BTC-28MAR25-105000-C,98565.93,sell,5.0,5.0,,,,
710,338621171,2025-01-05 02:36:25,2,0.1025,0.10264663,62.93,BTC-28MAR25-105000-C,98109.18,sell,0.5,0.5,,,,
711,338621358,2025-01-05 02:49:13,0,0.103,0.10278089,63.09,BTC-28MAR25-105000-C,98139.45,buy,0.1,0.1,,,,
712,338729428,2025-01-06 05:07:22,0,0.1055,0.10589115,62.47,BTC-28MAR25-105000-C,99531.5,sell,0.5,0.5,,,,
713,338729862,2025-01-06 05:10:48,1,0.1055,0.10582649,62.5,BTC-28MAR25-105000-C,99524.39,sell,0.5,0.5,,,,
714,338735113,2025-01-06 05:38:46,0,0.1065,0.10672693,62.63,BTC-28MAR25-105000-C,99718.13,buy,0.5,0.5,,,,
715,338758851,2025-01-06 08:41:22,2,0.1055,0.1055149,63.03,BTC-28MAR25-105000-C,99194.62,sell,0.1,0.1,,,,
716,338774291,2025-01-06 12:06:03,2,0.104,0.10456712,62.05,BTC-28MAR25-105000-C,99324.44,sell,0.1,0.1,,,,
717,338792068,2025-01-06 14:15:34,2,0.1025,0.1025207,61.72,BTC-28MAR25-105000-C,99202.34,sell,0.1,0.1,,,,
718,338798011,2025-01-06 14:35:27,2,0.102,0.10179077,61.71,BTC-28MAR25-105000-C,99117.6,buy,0.1,0.1,,,,
719,338798012,2025-01-06 14:35:27,3,0.102,0.10179077,61.71,BTC-28MAR25-105000-C,99117.6,buy,6.8,6.8,,,,
720,338798013,2025-01-06 14:35:27,0,0.1025,0.10179077,61.98,BTC-28MAR25-105000-C,99117.6,buy,6.8,6.8,,,,
721,338798014,2025-01-06 14:35:27,1,0.1025,0.10179077,61.98,BTC-28MAR25-105000-C,99117.6,buy,5.5,5.5,,,,
722,338798015,2025-01-06 14:35:27,1,0.1025,0.10179077,61.98,BTC-28MAR25-105000-C,99117.6,buy,30.7,30.7,,,,
723,338798016,2025-01-06 14:35:27,1,0.1025,0.10179077,61.98,BTC-28MAR25-105000-C,99117.6,buy,3.0,3.0,,,,
724,338798017,2025-01-06 14:35:27,1,0.1025,0.10179077,61.98,BTC-28MAR25-105000-C,99117.6,sell,1.9,1.9,,,,
725,338798018,2025-01-06 14:35:27,1,0.1025,0.10179077,61.98,BTC-28MAR25-105000-C,99117.6,sell,0.1,0.1,,,,
726,338798019,2025-01-06 14:35:27,1,0.1025,0.10179077,61.98,BTC-28MAR25-105000-C,99117.6,sell,0.2,0.2,,,,
727,338798020,2025-01-06 14:35:27,1,0.1025,0.10179077,61.98,BTC-28MAR25-105000-C,99117.6,sell,20.6,20.6,,,,
728,338798021,2025-01-06 14:35:27,1,0.1025,0.10179077,61.98,BTC-28MAR25-105000-C,99117.6,sell,0.1,0.1,,,,
729,338798022,2025-01-06 14:35:27,1,0.1025,0.10179077,61.98,BTC-28MAR25-105000-C,99117.6,sell,13.6,13.6,,,,
730,338798023,2025-01-06 14:35:27,1,0.1025,0.10179077,61.98,BTC-28MAR25-105000-C,99117.6,sell,3.4,3.4,,,,
731,338798024,2025-01-06 14:35:27,1,0.1025,0.10179077,61.98,BTC-28MAR25-105000-C,99117.6,sell,0.3,0.3,,,,
732,338798038,2025-01-06 14:35:27,1,0.1025,0.10179077,61.98,BTC-28MAR25-105000-C,99117.6,sell,6.9,6.9,,,,
733,338798107,2025-01-06 14:35:31,2,0.102,0.10148738,61.84,BTC-28MAR25-105000-C,99059.96,buy,1.1,1.1,,,,
734,338808969,2025-01-06 14:51:43,0,0.1085,0.10806917,61.53,BTC-28MAR25-105000-C,100688.77,buy,0.1,0.1,,,,
735,338811223,2025-01-06 14:54:04,0,0.1095,0.10931452,61.49,BTC-28MAR25-105000-C,100951.69,buy,0.1,0.1,,,,
736,338812913,2025-01-06 14:55:29,0,0.11,0.10971837,61.73,BTC-28MAR25-105000-C,100949.81,sell,0.7,0.7,,,,
737,338814785,2025-01-06 14:57:49,0,0.111,0.11072292,61.67,BTC-28MAR25-105000-C,101197.02,sell,0.3,0.3,,,,
738,338816095,2025-01-06 14:59:47,2,0.1085,0.10879088,61.42,BTC-28MAR25-105000-C,100724.13,sell,0.1,0.1,,,,
739,338823978,2025-01-06 15:12:58,0,0.1105,0.11052123,61.54,BTC-28MAR25-105000-C,101098.17,sell,1.4,1.4,,,,
740,338824629,2025-01-06 15:14:29,0,0.111,0.1109932,61.54,BTC-28MAR25-105000-C,101216.5,sell,0.1,0.1,,,,
741,338824632,2025-01-06 15:14:29,1,0.111,0.11097157,61.59,BTC-28MAR25-105000-C,101195.7,sell,0.1,0.1,,,,
742,338824635,2025-01-06 15:14:30,1,0.111,0.11097157,61.59,BTC-28MAR25-105000-C,101195.7,sell,0.1,0.1,,,,
743,338824636,2025-01-06 15:14:30,1,0.111,0.11097157,61.59,BTC-28MAR25-105000-C,101195.7,sell,1.0,1.0,,,,
744,338829231,2025-01-06 15:25:41,0,0.112,0.11190694,61.49,BTC-28MAR25-105000-C,101495.97,buy,0.1,0.1,,,,
745,338831927,2025-01-06 15:31:30,0,0.113,0.11316386,61.37,BTC-28MAR25-105000-C,101782.25,sell,0.1,0.1,,,,
746,338836778,2025-01-06 15:43:05,0,0.1145,0.11375376,61.84,BTC-28MAR25-105000-C,101906.25,buy,0.1,0.1,,,,
747,338839734,2025-01-06 15:47:40,1,0.1145,0.11395103,61.85,BTC-28MAR25-105000-C,101901.11,buy,0.5,0.5,,,,
748,338840667,2025-01-06 15:50:05,0,0.1155,0.11436322,62.19,BTC-28MAR25-105000-C,101980.29,buy,0.1,0.1,,,,
749,338842747,2025-01-06 15:53:11,0,0.1175,0.11638273,62.33,BTC-28MAR25-105000-C,102365.47,buy,0.1,0.1,,,,
750,338868906,2025-01-06 16:54:18,2,0.1165,0.11645201,61.98,BTC-28MAR25-105000-C,102255.76,buy,0.1,0.1,,,,
751,338879780,2025-01-06 17:39:48,2,0.1135,0.11346444,61.9,BTC-28MAR25-105000-C,101607.05,sell,0.1,0.1,,,,
752,338896536,2025-01-06 19:20:06,0,0.114,0.11434474,61.28,BTC-28MAR25-105000-C,102027.66,buy,0.1,0.1,,,,
753,338896537,2025-01-06 19:20:06,1,0.114,0.11434474,61.28,BTC-28MAR25-105000-C,102027.66,buy,4.9,4.9,,,,
754,338928394,2025-01-06 23:08:20,2,0.1135,0.113448,60.99,BTC-28MAR25-105000-C,102109.55,buy,0.1,0.1,,,,
755,338960768,2025-01-07 04:58:16,2,0.1125,0.1123118,61.68,BTC-28MAR25-105000-C,101729.77,sell,0.1,0.1,,,,
756,338960772,2025-01-07 04:58:16,3,0.1125,0.1123118,61.68,BTC-28MAR25-105000-C,101729.77,sell,0.1,0.1,,,,
757,338960779,2025-01-07 04:58:20,3,0.1125,0.11230073,61.68,BTC-28MAR25-105000-C,101727.15,sell,0.1,0.1,,,,
758,338960780,2025-01-07 04:58:25,3,0.1125,0.11229808,61.69,BTC-28MAR25-105000-C,101726.54,sell,0.1,0.1,,,,
759,338960795,2025-01-07 04:58:29,3,0.1125,0.11229517,61.69,BTC-28MAR25-105000-C,101726.69,sell,0.1,0.1,,,,
760,338960797,2025-01-07 04:58:29,3,0.1125,0.11229517,61.69,BTC-28MAR25-105000-C,101726.69,sell,0.1,0.1,,,,
761,338960798,2025-01-07 04:58:30,3,0.1125,0.11229672,61.7,BTC-28MAR25-105000-C,101720.25,sell,0.4,0.4,,,,
762,338964351,2025-01-07 06:22:45,0,0.113,0.11274891,61.62,BTC-28MAR25-105000-C,101882.14,buy,0.5,0.5,,,,
763,338966196,2025-01-07 07:03:35,1,0.113,0.11315214,61.39,BTC-28MAR25-105000-C,101982.75,sell,3.2,3.2,,,,
764,338966367,2025-01-07 07:05:23,1,0.113,0.11317591,61.38,BTC-28MAR25-105000-C,101989.38,sell,2.2,2.2,,,,
765,338974363,2025-01-07 08:17:24,2,0.1115,0.11182367,61.32,BTC-28MAR25-105000-C,101677.7,sell,0.1,0.1,,,,
766,338974374,2025-01-07 08:17:46,3,0.1115,0.1117904,61.33,BTC-28MAR25-105000-C,101674.17,sell,0.3,0.3,,,,
767,338974377,2025-01-07 08:17:48,3,0.1115,0.11178983,61.34,BTC-28MAR25-105000-C,101672.44,sell,0.1,0.1,,,,
768,338974380,2025-01-07 08:17:52,3,0.1115,0.11177864,61.33,BTC-28MAR25-105000-C,101674.02,sell,0.1,0.1,,,,
769,338974389,2025-01-07 08:17:57,3,0.1115,0.11176289,61.35,BTC-28MAR25-105000-C,101668.87,buy,0.5,0.5,,,,
770,338975952,2025-01-07 08:44:50,0,0.1125,0.11279774,61.39,BTC-28MAR25-105000-C,101866.4,sell,3.1,3.1,,,,
771,338975953,2025-01-07 08:44:50,1,0.1125,0.11279774,61.39,BTC-28MAR25-105000-C,101866.4,buy,0.4,0.4,,,,
772,338976550,2025-01-07 08:49:42,2,0.112,0.1129924,60.9,BTC-28MAR25-105000-C,101977.18,sell,6.4,6.4,,,,
773,338976551,2025-01-07 08:49:42,3,0.112,0.1129924,60.9,BTC-28MAR25-105000-C,101977.18,sell,1.7,1.7,,,,
774,338976552,2025-01-07 08:49:42,3,0.112,0.1129924,60.9,BTC-28MAR25-105000-C,101977.18,sell,0.7,0.7,,,,
775,338976553,2025-01-07 08:49:42,3,0.112,0.1129924,60.9,BTC-28MAR25-105000-C,101977.18,buy,16.2,16.2,,,,
776,338980530,2025-01-07 09:52:07,2,0.1105,0.11051947,60.67,BTC-28MAR25-105000-C,101720.43,buy,0.4,0.4,,,,
777,338982844,2025-01-07 10:15:26,2,0.109,0.10900562,60.6,BTC-28MAR25-105000-C,101391.68,sell,1.0,1.0,,,,
778,338998965,2025-01-07 11:53:43,2,0.108,0.1070965,61.55,BTC-28MAR25-105000-C,100752.99,buy,0.1,0.1,,,,
779,339000475,2025-01-07 12:01:52,2,0.1075,0.10764985,61.15,BTC-28MAR25-105000-C,100798.86,buy,0.5,0.5,,,,
780,339000650,2025-01-07 12:03:26,0,0.108,0.1080471,61.17,BTC-28MAR25-105000-C,100899.85,buy,0.1,0.1,,,,
781,339003678,2025-01-07 12:33:27,2,0.107,0.10694607,61.02,BTC-28MAR25-105000-C,100731.0,buy,0.4,0.4,,,,
782,339006226,2025-01-07 12:35:52,0,0.108,0.10763085,61.23,BTC-28MAR25-105000-C,100849.6,buy,1.0,1.0,,,,
783,339006864,2025-01-07 12:40:36,0,0.1085,0.10776508,61.59,BTC-28MAR25-105000-C,100810.41,buy,0.4,0.4,,,,
784,339014576,2025-01-07 13:45:54,1,0.1085,0.10796752,61.69,BTC-28MAR25-105000-C,100719.19,buy,0.1,0.1,,,,
785,339014588,2025-01-07 13:45:55,1,0.1085,0.10796979,61.69,BTC-28MAR25-105000-C,100718.43,buy,0.1,0.1,,,,
786,339016255,2025-01-07 14:13:37,2,0.1075,0.10763556,61.43,BTC-28MAR25-105000-C,100601.99,buy,3.0,3.0,,,,
787,339016670,2025-01-07 14:17:14,3,0.1075,0.1075073,61.51,BTC-28MAR25-105000-C,100567.81,sell,0.4,0.4,,,,
788,339019462,2025-01-07 14:32:14,0,0.1085,0.10808668,61.66,BTC-28MAR25-105000-C,100727.26,buy,0.5,0.5,,,,
789,339024213,2025-01-07 14:40:50,2,0.1065,0.10633019,61.44,BTC-28MAR25-105000-C,100377.63,buy,1.9,1.9,,,,
790,339024734,2025-01-07 14:41:55,0,0.1075,0.10730992,61.45,BTC-28MAR25-105000-C,100597.76,buy,3.0,3.0,,,,
791,339038303,2025-01-07 15:00:35,2,0.105,0.10468652,61.55,BTC-28MAR25-105000-C,99946.53,buy,0.1,0.1,,,,
792,339061695,2025-01-07 15:13:50,2,0.101,0.10058655,61.8,BTC-28MAR25-105000-C,98876.17,sell,0.5,0.5,,,,
793,339066653,2025-01-07 15:16:24,2,0.099,0.09883527,61.64,BTC-28MAR25-105000-C,98457.06,buy,2.7,2.7,,,,
794,339067335,2025-01-07 15:16:50,3,0.099,0.09849237,61.79,BTC-28MAR25-105000-C,98403.79,buy,0.1,0.1,,,,
795,339124764,2025-01-07 16:20:15,2,0.095,0.0944252,61.79,BTC-28MAR25-105000-C,97674.03,buy,0.1,0.1,,,,
796,339136270,2025-01-07 16:43:16,0,0.097,0.09667433,61.48,BTC-28MAR25-105000-C,98247.67,sell,1.0,1.0,,,,
797,339138158,2025-01-07 16:50:58,2,0.095,0.09493088,61.33,BTC-28MAR25-105000-C,97828.87,sell,0.1,0.1,,,,
798,339138360,2025-01-07 16:51:46,3,0.095,0.09505218,61.25,BTC-28MAR25-105000-C,97852.56,sell,0.1,0.1,,,,
799,339138379,2025-01-07 16:51:48,3,0.095,0.09507394,61.25,BTC-28MAR25-105000-C,97851.35,sell,0.1,0.1,,,,
800,339138391,2025-01-07 16:51:50,3,0.095,0.09504367,61.29,BTC-28MAR25-105000-C,97831.93,sell,0.1,0.1,,,,
801,339138408,2025-01-07 16:51:52,3,0.095,0.09497293,61.33,BTC-28MAR25-105000-C,97815.52,sell,0.1,0.1,,,,
802,339138411,2025-01-07 16:51:54,3,0.095,0.09485984,61.37,BTC-28MAR25-105000-C,97796.17,sell,0.1,0.1,,,,
803,339138424,2025-01-07 16:51:56,3,0.095,0.09482392,61.39,BTC-28MAR25-105000-C,97787.4,sell,0.1,0.1,,,,
804,339138471,2025-01-07 16:51:59,3,0.095,0.09479217,61.42,BTC-28MAR25-105000-C,97772.49,sell,0.1,0.1,,,,
805,339138502,2025-01-07 16:52:00,3,0.095,0.09479217,61.42,BTC-28MAR25-105000-C,97772.49,buy,0.1,0.1,,,,
806,339138512,2025-01-07 16:52:02,3,0.095,0.09468821,61.47,BTC-28MAR25-105000-C,97752.38,buy,0.1,0.1,,,,
807,339138624,2025-01-07 16:52:11,3,0.095,0.09468057,61.45,BTC-28MAR25-105000-C,97761.22,sell,0.1,0.1,,,,
808,339164619,2025-01-07 18:13:29,2,0.093,0.09302039,61.2,BTC-28MAR25-105000-C,97393.63,sell,0.5,0.5,,,,
809,339165477,2025-01-07 18:18:41,2,0.0925,0.09222345,61.31,BTC-28MAR25-105000-C,97234.51,buy,0.1,0.1,,,,
810,339165491,2025-01-07 18:18:51,3,0.0925,0.09229434,61.27,BTC-28MAR25-105000-C,97251.45,buy,0.1,0.1,,,,
811,339165682,2025-01-07 18:20:06,3,0.0925,0.09252321,61.14,BTC-28MAR25-105000-C,97309.76,sell,0.7,0.7,,,,
812,339166940,2025-01-07 18:25:20,2,0.092,0.09200212,61.1,BTC-28MAR25-105000-C,97199.62,sell,0.5,0.5,,,,
813,339167147,2025-01-07 18:26:09,2,0.0915,0.09167118,60.97,BTC-28MAR25-105000-C,97131.41,buy,0.1,0.1,,,,
814,339167148,2025-01-07 18:26:09,3,0.0915,0.09167118,60.97,BTC-28MAR25-105000-C,97131.41,buy,0.1,0.1,,,,
815,339167161,2025-01-07 18:26:12,3,0.0915,0.09174318,60.93,BTC-28MAR25-105000-C,97150.97,buy,0.1,0.1,,,,
816,339168362,2025-01-07 18:30:16,2,0.091,0.09122243,60.84,BTC-28MAR25-105000-C,97065.38,buy,1.0,1.0,,,,
817,339168372,2025-01-07 18:30:17,3,0.091,0.09122243,60.84,BTC-28MAR25-105000-C,97065.38,buy,0.1,0.1,,,,
818,339168376,2025-01-07 18:30:20,3,0.091,0.09123385,60.8,BTC-28MAR25-105000-C,97082.93,buy,1.6,1.6,,,,
819,339168378,2025-01-07 18:30:20,3,0.091,0.09123385,60.8,BTC-28MAR25-105000-C,97082.93,buy,0.1,0.1,,,,
820,339168379,2025-01-07 18:30:20,3,0.091,0.09123385,60.8,BTC-28MAR25-105000-C,97082.93,buy,0.1,0.1,,,,
821,339168816,2025-01-07 18:31:14,2,0.0905,0.09064855,60.83,BTC-28MAR25-105000-C,96946.46,buy,1.0,1.0,,,,
822,339168925,2025-01-07 18:31:40,3,0.0905,0.0905746,60.88,BTC-28MAR25-105000-C,96926.98,buy,4.0,4.0,,,,
823,339176407,2025-01-07 18:56:26,2,0.09,0.08995748,61.04,BTC-28MAR25-105000-C,96724.92,sell,0.7,0.7,,,,
824,339176862,2025-01-07 18:59:20,3,0.09,0.09004574,60.99,BTC-28MAR25-105000-C,96733.57,sell,0.6,0.6,,,,
825,339178529,2025-01-07 19:10:03,0,0.091,0.09120905,60.95,BTC-28MAR25-105000-C,97004.08,buy,0.4,0.4,,,,
826,339187124,2025-01-07 19:47:16,2,0.09,0.09012047,61.03,BTC-28MAR25-105000-C,96716.22,sell,0.4,0.4,,,,
827,339240448,2025-01-08 01:36:04,0,0.0905,0.09077975,60.71,BTC-28MAR25-105000-C,97037.58,sell,0.5,0.5,,,,
828,339279365,2025-01-08 06:30:21,2,0.085,0.08511853,59.96,BTC-28MAR25-105000-C,96167.34,sell,0.1,0.1,,,,
829,339286313,2025-01-08 06:40:20,2,0.0835,0.08328548,60.14,BTC-28MAR25-105000-C,95735.37,buy,0.3,0.3,,,,
830,339287835,2025-01-08 06:43:18,3,0.0835,0.08335251,60.1,BTC-28MAR25-105000-C,95763.94,buy,0.5,0.5,,,,
831,339287836,2025-01-08 06:43:18,3,0.0835,0.08335251,60.1,BTC-28MAR25-105000-C,95763.94,buy,4.9,4.9,,,,
832,339321943,2025-01-08 09:31:27,0,0.084,0.08399758,60.42,BTC-28MAR25-105000-C,95849.55,sell,0.1,0.1,,,,
833,339328229,2025-01-08 10:12:43,2,0.083,0.08281553,60.65,BTC-28MAR25-105000-C,95494.03,buy,0.6,0.6,,,,
834,339328469,2025-01-08 10:15:35,3,0.083,0.08284986,60.67,BTC-28MAR25-105000-C,95486.09,sell,0.4,0.4,,,,
835,339357646,2025-01-08 12:48:15,2,0.0815,0.08146496,60.89,BTC-28MAR25-105000-C,94977.31,buy,0.5,0.5,,,,
836,339392218,2025-01-08 15:30:17,2,0.0805,0.08057271,60.66,BTC-28MAR25-105000-C,94820.22,sell,0.9,0.9,,,,
837,339394625,2025-01-08 15:37:50,0,0.082,0.08190003,60.79,BTC-28MAR25-105000-C,95160.31,sell,0.5,0.5,,,,
838,339394694,2025-01-08 15:38:05,1,0.082,0.08186269,60.84,BTC-28MAR25-105000-C,95135.49,sell,3.0,3.0,,,,
839,339394711,2025-01-08 15:38:08,1,0.082,0.08188633,60.79,BTC-28MAR25-105000-C,95155.49,sell,0.2,0.2,,,,
840,339420412,2025-01-08 17:23:25,2,0.077,0.07646546,61.29,BTC-28MAR25-105000-C,93628.89,sell,0.1,0.1,,,,
841,339433101,2025-01-08 17:37:43,2,0.075,0.07538274,60.96,BTC-28MAR25-105000-C,93255.95,sell,3.0,3.0,,,,
842,339442992,2025-01-08 18:04:14,0,0.079,0.07864971,61.08,BTC-28MAR25-105000-C,94246.87,buy,0.1,0.1,,,,
843,339442993,2025-01-08 18:04:14,1,0.079,0.07864971,61.08,BTC-28MAR25-105000-C,94246.87,buy,0.1,0.1,,,,
844,339488544,2025-01-08 21:17:50,2,0.077,0.07689552,60.72,BTC-28MAR25-105000-C,93842.87,sell,0.4,0.4,,,,
845,339515022,2025-01-09 02:07:04,0,0.0785,0.07880243,60.01,BTC-28MAR25-105000-C,94616.66,sell,0.1,0.1,,,,
846,339515023,2025-01-09 02:07:04,1,0.0785,0.07880243,60.01,BTC-28MAR25-105000-C,94616.66,sell,1.8,1.8,,,,
847,339545018,2025-01-09 04:30:31,2,0.076,0.07620912,59.59,BTC-28MAR25-105000-C,94198.77,buy,2.2,2.2,,,,
848,339545019,2025-01-09 04:30:31,3,0.076,0.07620912,59.59,BTC-28MAR25-105000-C,94198.77,buy,0.1,0.1,,,,
849,339545028,2025-01-09 04:30:32,3,0.076,0.07620647,59.57,BTC-28MAR25-105000-C,94205.79,buy,0.1,0.1,,,,
850,339545031,2025-01-09 04:30:32,3,0.076,0.07620647,59.57,BTC-28MAR25-105000-C,94205.79,buy,0.1,0.1,,,,
851,339545050,2025-01-09 04:30:36,3,0.076,0.07622589,59.54,BTC-28MAR25-105000-C,94222.46,buy,0.1,0.1,,,,
852,339546210,2025-01-09 04:41:27,0,0.0765,0.07611461,59.7,BTC-28MAR25-105000-C,94300.34,buy,0.5,0.5,,,,
853,339564219,2025-01-09 07:46:48,2,0.074,0.07339856,59.68,BTC-28MAR25-105000-C,93621.1,buy,0.1,0.1,,,,
854,339598157,2025-01-09 11:21:42,0,0.0755,0.07539609,60.32,BTC-28MAR25-105000-C,93773.74,buy,0.1,0.1,,,,
855,339609398,2025-01-09 13:22:26,2,0.071,0.0709249,59.84,BTC-28MAR25-105000-C,92860.76,sell,0.1,0.1,,,,
856,339612286,2025-01-09 13:33:08,2,0.07,0.07004248,59.75,BTC-28MAR25-105000-C,92644.1,sell,0.1,0.1,,,,
857,339627935,2025-01-09 14:05:52,2,0.068,0.06774927,60.39,BTC-28MAR25-105000-C,91820.75,sell,1.5,1.5,,,,
858,339628703,2025-01-09 14:07:51,0,0.0685,0.06827781,60.36,BTC-28MAR25-105000-C,91967.56,buy,0.2,0.2,,,,
859,339628704,2025-01-09 14:07:51,1,0.0685,0.06827781,60.36,BTC-28MAR25-105000-C,91967.56,buy,0.1,0.1,,,,
860,339631612,2025-01-09 14:13:41,0,0.0695,0.0696983,60.17,BTC-28MAR25-105000-C,92337.71,sell,3.0,3.0,,,,
861,339636280,2025-01-09 14:35:00,0,0.0705,0.07060761,60.29,BTC-28MAR25-105000-C,92530.9,sell,3.0,3.0,,,,
862,339636317,2025-01-09 14:35:03,0,0.071,0.07051787,60.62,BTC-28MAR25-105000-C,92504.88,sell,0.3,0.3,,,,
863,339637373,2025-01-09 14:39:05,2,0.0705,0.07085446,60.51,BTC-28MAR25-105000-C,92393.02,sell,0.2,0.2,,,,
864,339640223,2025-01-09 14:54:38,0,0.0725,0.07211789,61.19,BTC-28MAR25-105000-C,92589.61,sell,3.0,3.0,,,,
865,339640264,2025-01-09 14:54:48,1,0.0725,0.07227582,61.15,BTC-28MAR25-105000-C,92604.91,sell,1.3,1.3,,,,
866,339645620,2025-01-09 15:14:33,0,0.0735,0.07345326,61.24,BTC-28MAR25-105000-C,92806.45,sell,2.5,2.5,,,,
867,339647944,2025-01-09 15:18:44,0,0.0745,0.07469357,61.08,BTC-28MAR25-105000-C,93158.48,sell,2.0,2.0,,,,
868,339649484,2025-01-09 15:24:13,1,0.0745,0.07493962,60.97,BTC-28MAR25-105000-C,93221.1,sell,3.0,3.0,,,,
869,339649516,2025-01-09 15:24:35,1,0.0745,0.07497282,60.96,BTC-28MAR25-105000-C,93219.46,sell,0.9,0.9,,,,
870,339649750,2025-01-09 15:25:45,1,0.0745,0.07496239,60.94,BTC-28MAR25-105000-C,93230.07,sell,0.5,0.5,,,,
871,339662667,2025-01-09 15:56:56,0,0.078,0.07822175,60.51,BTC-28MAR25-105000-C,94323.14,sell,1.5,1.5,,,,
872,339677131,2025-01-09 17:32:03,2,0.0755,0.07521207,60.34,BTC-28MAR25-105000-C,93772.89,sell,0.2,0.2,,,,
873,339687299,2025-01-09 18:00:39,2,0.071,0.07108664,60.27,BTC-28MAR25-105000-C,92600.08,sell,0.5,0.5,,,,
874,339699303,2025-01-09 19:39:29,0,0.072,0.07189721,60.42,BTC-28MAR25-105000-C,92827.54,sell,0.1,0.1,,,,
875,339712205,2025-01-09 20:15:35,2,0.0685,0.06846424,60.47,BTC-28MAR25-105000-C,91834.91,buy,0.1,0.1,,,,
876,339715848,2025-01-09 20:21:50,2,0.0665,0.06741248,60.39,BTC-28MAR25-105000-C,91327.86,sell,1.9,1.9,,,,
877,339718892,2025-01-09 20:25:24,0,0.067,0.06705828,60.44,BTC-28MAR25-105000-C,91418.8,buy,0.1,0.1,,,,
878,339718902,2025-01-09 20:25:25,1,0.067,0.06705828,60.44,BTC-28MAR25-105000-C,91418.8,buy,0.2,0.2,,,,
879,339718903,2025-01-09 20:25:25,1,0.067,0.06705828,60.44,BTC-28MAR25-105000-C,91418.8,buy,0.2,0.2,,,,
880,339720577,2025-01-09 20:30:27,1,0.067,0.06697663,60.49,BTC-28MAR25-105000-C,91414.37,buy,0.2,0.2,,,,
881,339721273,2025-01-09 20:33:08,1,0.067,0.06684216,60.57,BTC-28MAR25-105000-C,91377.35,buy,0.2,0.2,,,,
882,339753340,2025-01-09 23:45:53,0,0.07,0.06963441,60.65,BTC-28MAR25-105000-C,92220.44,buy,0.1,0.1,,,,
883,339819844,2025-01-10 08:55:21,0,0.076,0.07657268,59.11,BTC-28MAR25-105000-C,94677.2,sell,1.5,1.5,,,,
884,339824086,2025-01-10 09:32:33,0,0.0775,0.077085,59.6,BTC-28MAR25-105000-C,94883.89,buy,8.0,8.0,,,,
885,339824087,2025-01-10 09:32:33,1,0.0775,0.077085,59.6,BTC-28MAR25-105000-C,94883.89,buy,1.9,1.9,,,,
886,339824088,2025-01-10 09:32:33,1,0.0775,0.077085,59.6,BTC-28MAR25-105000-C,94883.89,buy,2.0,2.0,,,,
887,339834940,2025-01-10 11:11:26,0,0.078,0.07776445,59.63,BTC-28MAR25-105000-C,95017.09,sell,1.0,1.0,,339834939,BTC-CLAD-28MAR25-105000_120000_125000,
888,339838245,2025-01-10 11:43:07,0,0.0795,0.07889284,60.64,BTC-28MAR25-105000-C,94888.89,buy,2.4,2.4,,,,
889,339838246,2025-01-10 11:43:07,1,0.0795,0.07889284,60.64,BTC-28MAR25-105000-C,94888.89,buy,2.1,2.1,,,,
890,339838247,2025-01-10 11:43:07,1,0.0795,0.07889284,60.64,BTC-28MAR25-105000-C,94888.89,buy,0.1,0.1,,,,
891,339838248,2025-01-10 11:43:07,1,0.0795,0.07889284,60.64,BTC-28MAR25-105000-C,94888.89,buy,8.0,8.0,,,,
892,339838249,2025-01-10 11:43:07,1,0.0795,0.07889284,60.64,BTC-28MAR25-105000-C,94888.89,buy,0.7,0.7,,,,
893,339846826,2025-01-10 13:30:02,2,0.078,0.07858187,59.97,BTC-28MAR25-105000-C,94824.84,sell,0.2,0.2,,,,
894,339855930,2025-01-10 13:31:31,2,0.0735,0.07415432,60.12,BTC-28MAR25-105000-C,93562.31,sell,0.5,0.5,,,,
895,339932208,2025-01-10 15:41:54,0,0.076,0.07601543,60.17,BTC-28MAR25-105000-C,94284.19,buy,0.1,0.1,,,,
896,339964028,2025-01-10 17:33:43,2,0.0745,0.07432686,59.27,BTC-28MAR25-105000-C,94276.71,buy,0.5,0.5,,,,
897,339972542,2025-01-10 17:56:34,0,0.079,0.07838053,59.13,BTC-28MAR25-105000-C,95513.02,buy,0.1,0.1,,,,
898,339979693,2025-01-10 18:04:00,1,0.079,0.07919417,58.95,BTC-28MAR25-105000-C,95611.04,sell,0.5,0.5,,,,
899,339979694,2025-01-10 18:04:00,1,0.079,0.07919417,58.95,BTC-28MAR25-105000-C,95611.04,sell,0.2,0.2,,,,
900,339995577,2025-01-10 19:00:36,2,0.076,0.07635384,58.96,BTC-28MAR25-105000-C,94895.14,sell,8.0,8.0,,,,
901,339995578,2025-01-10 19:00:36,3,0.076,0.07635384,58.96,BTC-28MAR25-105000-C,94895.14,sell,0.8,0.8,,,,
902,340057482,2025-01-11 12:59:41,2,0.0745,0.07468911,59.48,BTC-28MAR25-105000-C,94523.62,buy,0.1,0.1,,,,
903,340108218,2025-01-12 12:27:20,2,0.074,0.07344543,59.72,BTC-28MAR25-105000-C,94472.47,sell,0.1,0.1,,,,
904,340130713,2025-01-12 21:02:58,3,0.074,0.07410721,59.71,BTC-28MAR25-105000-C,94618.15,buy,0.1,0.1,,,,
905,340143669,2025-01-12 23:56:33,0,0.0745,0.0742457,60.28,BTC-28MAR25-105000-C,94472.13,buy,0.1,0.1,,,,
906,340155156,2025-01-13 00:44:52,0,0.0775,0.07781877,59.9,BTC-28MAR25-105000-C,95477.15,buy,0.1,0.1,,,,
907,340156661,2025-01-13 00:54:22,0,0.0785,0.07808055,60.33,BTC-28MAR25-105000-C,95523.78,buy,0.1,0.1,,,,
908,340188747,2025-01-13 06:53:22,2,0.0695,0.0697661,59.81,BTC-28MAR25-105000-C,93360.22,sell,0.6,0.6,,,,
909,340189427,2025-01-13 06:58:45,0,0.07,0.0702781,59.71,BTC-28MAR25-105000-C,93554.79,sell,1.0,1.0,,,,
910,340233462,2025-01-13 10:57:33,2,0.064,0.06372339,60.75,BTC-28MAR25-105000-C,91502.92,buy,0.1,0.1,,,,
911,340233724,2025-01-13 10:58:03,0,0.0645,0.06414706,60.79,BTC-28MAR25-105000-C,91626.58,sell,0.1,0.1,,,,
912,340233750,2025-01-13 10:58:12,1,0.0645,0.06430106,60.73,BTC-28MAR25-105000-C,91657.59,sell,0.1,0.1,,,,
913,340235646,2025-01-13 11:03:54,1,0.0645,0.06418662,60.83,BTC-28MAR25-105000-C,91619.64,buy,0.1,0.1,,,,
914,340238619,2025-01-13 11:19:29,2,0.063,0.06360362,60.47,BTC-28MAR25-105000-C,91339.49,sell,0.1,0.1,,,,
915,340241349,2025-01-13 11:33:33,0,0.0635,0.06331163,61.04,BTC-28MAR25-105000-C,91188.94,sell,0.5,0.5,,,,
916,340246001,2025-01-13 11:45:17,2,0.062,0.06220302,60.76,BTC-28MAR25-105000-C,90911.16,buy,0.2,0.2,,,,
917,340246002,2025-01-13 11:45:17,3,0.062,0.06220302,60.76,BTC-28MAR25-105000-C,90911.16,buy,0.2,0.2,,,,
918,340246614,2025-01-13 11:46:15,0,0.0625,0.06275832,60.69,BTC-28MAR25-105000-C,91093.78,buy,0.2,0.2,,,,
919,340249479,2025-01-13 11:58:28,2,0.0615,0.06157128,60.7,BTC-28MAR25-105000-C,90821.57,sell,5.0,5.0,,,,
920,340249824,2025-01-13 11:59:44,2,0.061,0.06139364,60.49,BTC-28MAR25-105000-C,90784.32,sell,2.3,2.3,,,,
921,340251896,2025-01-13 12:01:47,3,0.061,0.06097801,60.7,BTC-28MAR25-105000-C,90684.98,buy,0.2,0.2,,,,
922,340253478,2025-01-13 12:04:57,2,0.06,0.06024269,60.52,BTC-28MAR25-105000-C,90487.14,sell,0.1,0.1,,,,
923,340256977,2025-01-13 12:10:31,0,0.0615,0.06189525,60.24,BTC-28MAR25-105000-C,91074.8,buy,1.0,1.0,,,,
924,340258022,2025-01-13 12:12:42,0,0.062,0.06185516,60.42,BTC-28MAR25-105000-C,91120.86,sell,0.1,0.1,,,,
925,340260114,2025-01-13 12:20:19,2,0.061,0.06121758,60.28,BTC-28MAR25-105000-C,90894.42,sell,0.3,0.3,,,,
926,340261030,2025-01-13 12:27:45,2,0.06,0.0602205,60.22,BTC-28MAR25-105000-C,90645.28,buy,0.1,0.1,,,,
927,340262635,2025-01-13 12:37:55,2,0.0595,0.05966653,60.43,BTC-28MAR25-105000-C,90393.02,sell,0.1,0.1,,,,
928,340264355,2025-01-13 12:40:21,2,0.059,0.05904115,60.35,BTC-28MAR25-105000-C,90274.58,sell,4.1,4.1,,,,
929,340264387,2025-01-13 12:40:22,3,0.059,0.05902862,60.42,BTC-28MAR25-105000-C,90241.71,sell,0.1,0.1,,,,
