trade_seq,trade_id,timestamp,tick_direction,price,mark_price,iv,instrument_name,index_price,direction,contracts,amount,liquidation,block_trade_id,combo_id,combo_trade_id
1,265522391,2023-09-28 15:51:38,1,0.043,0.04582895,67.77,BTC-27SEP24-70000-C,26930.0,sell,,1.0,,,,
2,265633275,2023-09-29 14:11:22,2,0.042,0.0429948,67.57,BTC-27SEP24-70000-C,26768.48,sell,,0.1,,,,
3,265633276,2023-09-29 14:11:22,3,0.042,0.0429948,67.57,BTC-27SEP24-70000-C,26768.48,sell,,0.1,,,,
4,265654037,2023-09-29 19:34:10,2,0.041,0.04259723,67.09,BTC-27SEP24-70000-C,26929.77,sell,,0.1,,,,
5,265654038,2023-09-29 19:34:10,3,0.041,0.04259723,67.09,BTC-27SEP24-70000-C,26929.77,sell,,1.0,,,,
6,265654039,2023-09-29 19:34:10,3,0.041,0.04259723,67.09,BTC-27SEP24-70000-C,26929.77,sell,,0.1,,,,
7,265717828,2023-10-01 21:26:43,3,0.041,0.04129573,66.91,BTC-27SEP24-70000-C,27124.19,sell,,0.1,,,,
8,265820843,2023-10-02 13:31:10,0,0.043,0.04414188,65.61,BTC-27SEP24-70000-C,28325.02,buy,,2.5,,,,
9,266386450,2023-10-10 11:17:21,0,0.0435,0.0414176,67.98,BTC-27SEP24-70000-C,27595.08,buy,,0.3,,,,
10,266386564,2023-10-10 11:20:34,1,0.0435,0.04147212,68.02,BTC-27SEP24-70000-C,27578.24,buy,,0.3,,,,
11,266386673,2023-10-10 11:23:42,1,0.0435,0.04157715,68.02,BTC-27SEP24-70000-C,27574.48,buy,,0.3,,,,
12,266386821,2023-10-10 11:26:50,1,0.0435,0.04158155,68.03,BTC-27SEP24-70000-C,27569.27,buy,,0.3,,,,
13,266478852,2023-10-11 11:01:42,0,0.044,0.04192444,68.93,BTC-27SEP24-70000-C,27287.45,buy,,4.2,,,,
14,266478974,2023-10-11 11:04:47,1,0.044,0.042209,68.92,BTC-27SEP24-70000-C,27297.03,buy,,4.2,,,,
15,266479090,2023-10-11 11:07:49,2,0.0435,0.04218821,68.76,BTC-27SEP24-70000-C,27271.36,sell,,4.2,,,,
16,266479200,2023-10-11 11:11:09,0,0.044,0.04224608,68.98,BTC-27SEP24-70000-C,27258.63,buy,,0.1,,,,
17,266479201,2023-10-11 11:11:09,1,0.044,0.04224608,68.98,BTC-27SEP24-70000-C,27258.63,buy,,4.1,,,,
18,266528975,2023-10-11 18:41:26,2,0.039,0.04113781,68.14,BTC-27SEP24-70000-C,26616.53,sell,,0.1,,,,
19,266528976,2023-10-11 18:41:26,3,0.039,0.04113781,68.14,BTC-27SEP24-70000-C,26616.53,sell,,0.9,,,,
20,266573573,2023-10-12 14:34:45,2,0.0385,0.03933804,67.92,BTC-27SEP24-70000-C,26676.19,buy,,2.0,,,,
21,266705598,2023-10-15 10:00:45,0,0.04,0.03803587,68.43,BTC-27SEP24-70000-C,26900.79,buy,,0.5,,,,
22,266705611,2023-10-15 10:03:46,1,0.04,0.03808865,68.43,BTC-27SEP24-70000-C,26899.87,buy,,0.5,,,,
23,266705620,2023-10-15 10:06:58,1,0.04,0.03814682,68.43,BTC-27SEP24-70000-C,26900.41,buy,,0.5,,,,
24,266705651,2023-10-15 10:09:50,2,0.039,0.03814504,67.99,BTC-27SEP24-70000-C,26900.16,sell,,0.1,,,,
25,266705652,2023-10-15 10:09:58,0,0.0395,0.0381628,68.21,BTC-27SEP24-70000-C,26900.16,sell,,0.1,,,,
26,266705857,2023-10-15 11:01:17,0,0.04,0.03818546,68.45,BTC-27SEP24-70000-C,26892.23,buy,,0.2,,,,
27,266706114,2023-10-15 11:04:20,2,0.0395,0.03815537,68.27,BTC-27SEP24-70000-C,26877.85,buy,,0.1,,,,
28,266706115,2023-10-15 11:04:33,0,0.04,0.03819253,68.48,BTC-27SEP24-70000-C,26879.24,buy,,0.1,,,,
29,266706185,2023-10-15 11:07:38,1,0.04,0.03824993,68.5,BTC-27SEP24-70000-C,26871.14,buy,,0.2,,,,
30,266706195,2023-10-15 11:10:47,1,0.04,0.03854835,68.51,BTC-27SEP24-70000-C,26869.68,sell,,0.1,,,,
31,267055963,2023-10-17 14:34:28,0,0.042,0.04177861,66.66,BTC-27SEP24-70000-C,28401.95,sell,,25.0,,101407,BTC-CS-27SEP24-70000_120000,
32,267145185,2023-10-18 08:13:09,2,0.0415,0.04312498,66.39,BTC-27SEP24-70000-C,28501.64,sell,,0.1,,,,
33,267252621,2023-10-19 15:49:05,0,0.0445,0.04328358,67.36,BTC-27SEP24-70000-C,28752.83,sell,,1.1,,,,
34,267253082,2023-10-19 15:53:26,1,0.0445,0.04331619,67.43,BTC-27SEP24-70000-C,28715.82,sell,,2.5,,,,
35,267253370,2023-10-19 15:56:33,1,0.0445,0.04341061,67.44,BTC-27SEP24-70000-C,28699.39,sell,,2.5,,,,
36,267253875,2023-10-19 15:59:42,1,0.0445,0.04349012,67.45,BTC-27SEP24-70000-C,28695.37,sell,,2.5,,,,
37,267254199,2023-10-19 16:01:49,0,0.0455,0.04359909,67.81,BTC-27SEP24-70000-C,28729.28,buy,,1.4,,,,
38,267271451,2023-10-19 17:55:22,2,0.0445,0.04474421,67.72,BTC-27SEP24-70000-C,28560.43,sell,,3.7,,,,
39,267325840,2023-10-20 05:05:06,0,0.0455,0.04502453,66.79,BTC-27SEP24-70000-C,29309.05,buy,,0.1,,,,
40,267360093,2023-10-20 08:29:58,0,0.048,0.04751322,67.29,BTC-27SEP24-70000-C,29616.32,buy,,1.0,,,,
41,267485987,2023-10-21 12:39:46,1,0.048,0.04783911,67.1,BTC-27SEP24-70000-C,29797.27,buy,,1.0,,,,
42,267614533,2023-10-23 02:59:15,0,0.051,0.05165115,67.25,BTC-27SEP24-70000-C,30398.53,sell,,10.0,,,,
43,267614552,2023-10-23 02:59:36,0,0.0515,0.05158058,67.44,BTC-27SEP24-70000-C,30395.01,buy,,1.0,,,,
44,267614598,2023-10-23 03:00:07,2,0.051,0.05159896,67.26,BTC-27SEP24-70000-C,30390.41,sell,,10.0,,,,
45,267618357,2023-10-23 03:41:31,3,0.051,0.05134545,67.16,BTC-27SEP24-70000-C,30452.5,buy,,20.0,,,,
46,267625656,2023-10-23 03:53:41,3,0.051,0.05226175,66.88,BTC-27SEP24-70000-C,30615.57,sell,,12.0,,,,
47,267625717,2023-10-23 03:53:48,3,0.051,0.05178442,66.88,BTC-27SEP24-70000-C,30611.75,buy,,8.0,,,,
48,267636107,2023-10-23 04:16:49,0,0.053,0.05140667,67.56,BTC-27SEP24-70000-C,30647.1,buy,,0.1,,,,
49,267636108,2023-10-23 04:16:49,1,0.053,0.05140667,67.56,BTC-27SEP24-70000-C,30647.1,buy,,0.2,,,,
50,267666599,2023-10-23 07:32:12,2,0.052,0.05326362,67.06,BTC-27SEP24-70000-C,30736.01,sell,,0.5,,,,
51,267852982,2023-10-23 22:27:46,0,0.058,0.06029689,67.2,BTC-27SEP24-70000-C,32002.57,sell,,10.0,,,,
52,267984262,2023-10-24 00:32:49,0,0.0615,0.06401338,65.75,BTC-27SEP24-70000-C,33497.26,buy,,0.1,,,,
53,268022474,2023-10-24 02:13:45,0,0.067,0.06692136,65.9,BTC-27SEP24-70000-C,34499.95,buy,,1.0,,,,
54,268189532,2023-10-24 11:18:53,0,0.072,0.07230013,66.99,BTC-27SEP24-70000-C,34819.23,buy,,1.0,,,,
55,268693740,2023-10-26 07:22:31,2,0.0675,0.06711569,65.62,BTC-27SEP24-70000-C,34739.39,buy,,5.0,,,,
56,269110593,2023-10-29 16:34:02,2,0.0625,0.06506127,64.51,BTC-27SEP24-70000-C,34419.97,sell,,0.1,,,,
57,269284782,2023-10-31 11:07:50,0,0.0685,0.06585664,66.6,BTC-27SEP24-70000-C,34459.67,buy,,1.0,,,,
58,269285509,2023-10-31 11:27:59,2,0.0645,0.06549443,65.25,BTC-27SEP24-70000-C,34453.26,buy,,3.0,,,,
59,269522560,2023-11-02 02:00:40,0,0.0825,0.07955507,69.04,BTC-27SEP24-70000-C,35610.12,buy,,25.0,,106251,,
60,269648691,2023-11-02 16:20:05,2,0.079,0.07826498,69.83,BTC-27SEP24-70000-C,34587.83,sell,,0.5,,,,
61,269879417,2023-11-04 12:35:06,2,0.0785,0.07623848,69.76,BTC-27SEP24-70000-C,34729.24,buy,,1.0,,,,
62,270110033,2023-11-07 08:03:00,3,0.0785,0.07753213,69.47,BTC-27SEP24-70000-C,34946.36,buy,,2.0,,,,
63,270130071,2023-11-07 12:00:08,2,0.077,0.07781098,69.54,BTC-27SEP24-70000-C,34630.4,sell,,0.1,,,,
64,270270521,2023-11-08 15:11:57,0,0.0785,0.07949531,69.14,BTC-27SEP24-70000-C,35220.53,sell,,0.1,,,,
65,270273811,2023-11-08 15:38:12,1,0.0785,0.07843646,69.19,BTC-27SEP24-70000-C,35215.74,buy,,1.0,,,,
66,270408263,2023-11-09 05:48:19,0,0.089,0.08757923,70.22,BTC-27SEP24-70000-C,36643.82,buy,,1.0,,,,
67,270500123,2023-11-09 14:19:01,0,0.097,0.09655535,71.08,BTC-27SEP24-70000-C,37545.09,buy,,4.0,,,,
68,270500124,2023-11-09 14:19:01,1,0.097,0.09655535,71.08,BTC-27SEP24-70000-C,37545.09,buy,,0.3,,,,
69,270545026,2023-11-09 15:41:13,2,0.0945,0.09517226,70.33,BTC-27SEP24-70000-C,37489.65,buy,,1.0,,,,
70,270687366,2023-11-10 05:48:45,2,0.086,0.08528762,69.33,BTC-27SEP24-70000-C,36715.7,buy,,1.0,,,,
71,270798306,2023-11-10 22:30:21,0,0.087,0.08789637,68.56,BTC-27SEP24-70000-C,37344.78,sell,,0.1,,,,
72,271072919,2023-11-14 00:56:27,2,0.079,0.07909493,68.07,BTC-27SEP24-70000-C,36259.2,sell,,0.1,,,,
73,271103663,2023-11-14 09:56:23,2,0.075,0.07680635,66.33,BTC-27SEP24-70000-C,36507.91,sell,,0.2,,,,
74,271279769,2023-11-15 07:38:03,2,0.0735,0.0744536,67.42,BTC-27SEP24-70000-C,35654.66,sell,,0.1,,,,
75,271356474,2023-11-15 18:22:40,0,0.0825,0.08377618,67.56,BTC-27SEP24-70000-C,37340.8,buy,,1.0,,,,
76,271439559,2023-11-15 23:10:34,0,0.086,0.08694811,67.74,BTC-27SEP24-70000-C,37806.0,buy,,0.8,,,,
77,271924271,2023-11-19 23:02:21,2,0.08,0.07991846,67.76,BTC-27SEP24-70000-C,37149.02,buy,,1.0,,,,
78,272344238,2023-11-22 13:23:30,2,0.077,0.07829501,68.29,BTC-27SEP24-70000-C,36485.45,sell,,0.9,,,,
79,272344239,2023-11-22 13:23:30,3,0.077,0.07829501,68.29,BTC-27SEP24-70000-C,36485.45,sell,,2.6,,,,
80,272591460,2023-11-24 12:32:06,0,0.0805,0.08193941,66.98,BTC-27SEP24-70000-C,37876.33,buy,,0.2,,,,
81,272641700,2023-11-24 16:16:56,0,0.0855,0.08540201,67.86,BTC-27SEP24-70000-C,38250.05,sell,,0.1,,,,
82,272777236,2023-11-26 18:46:47,2,0.077,0.07845529,67.17,BTC-27SEP24-70000-C,37222.16,buy,,0.3,,,,
83,272859017,2023-11-27 14:18:22,2,0.0765,0.07700422,67.99,BTC-27SEP24-70000-C,36798.95,sell,,1.0,,,,
84,273073581,2023-11-29 10:13:13,0,0.0815,0.08114576,67.2,BTC-27SEP24-70000-C,38241.95,sell,,0.1,,,,
85,273170899,2023-11-30 11:53:47,2,0.08,0.07855252,67.55,BTC-27SEP24-70000-C,37867.11,buy,,0.1,,,,
86,273254354,2023-12-01 07:37:04,2,0.0785,0.07934608,66.34,BTC-27SEP24-70000-C,38274.78,buy,,0.8,,,,
87,273268956,2023-12-01 08:55:16,0,0.079,0.07930983,66.41,BTC-27SEP24-70000-C,38333.7,buy,,0.2,,,,
88,273467263,2023-12-02 21:44:07,0,0.082,0.08272387,65.43,BTC-27SEP24-70000-C,39572.91,sell,,9.0,,,,
89,273467264,2023-12-02 21:44:07,1,0.082,0.08272387,65.43,BTC-27SEP24-70000-C,39572.91,sell,,0.3,,,,
90,273514543,2023-12-03 15:47:26,0,0.083,0.08101103,65.42,BTC-27SEP24-70000-C,39764.95,buy,,0.1,,,,
91,273605019,2023-12-04 04:23:43,0,0.0865,0.08643004,64.9,BTC-27SEP24-70000-C,40711.13,buy,,2.6,,,,
92,273605020,2023-12-04 04:23:43,1,0.0865,0.08643004,64.9,BTC-27SEP24-70000-C,40711.13,buy,,0.4,,,,
93,273638778,2023-12-04 06:43:22,0,0.0955,0.0943133,66.42,BTC-27SEP24-70000-C,41478.19,buy,,3.0,,,,
94,273648962,2023-12-04 07:53:05,2,0.0905,0.09225642,64.94,BTC-27SEP24-70000-C,41423.58,buy,,8.0,,,,
95,273649151,2023-12-04 07:54:49,2,0.09,0.09143814,64.83,BTC-27SEP24-70000-C,41399.14,buy,,6.0,,,,
96,273694823,2023-12-04 11:56:10,0,0.0934,0.09328393,65.83,BTC-27SEP24-70000-C,41535.04,sell,,50.0,,113721,,
97,273745367,2023-12-04 17:00:24,2,0.0915,0.09263608,65.13,BTC-27SEP24-70000-C,41604.73,buy,,0.5,,,,
98,273747759,2023-12-04 17:10:10,0,0.092,0.09302287,65.06,BTC-27SEP24-70000-C,41723.76,buy,,0.5,,,,
99,273778285,2023-12-04 22:04:36,2,0.089,0.09504145,63.8,BTC-27SEP24-70000-C,41978.43,sell,,1.0,,,,
100,273782572,2023-12-04 22:19:27,0,0.095,0.093862,64.92,BTC-27SEP24-70000-C,42396.32,buy,,0.5,,,,
101,273785333,2023-12-04 22:37:10,2,0.0945,0.09439835,65.18,BTC-27SEP24-70000-C,42164.96,buy,,0.5,,,,
102,273802109,2023-12-05 02:58:08,2,0.092,0.09301735,65.15,BTC-27SEP24-70000-C,41723.97,buy,,5.0,,,,
103,273802130,2023-12-05 02:59:08,3,0.092,0.09301256,65.14,BTC-27SEP24-70000-C,41723.03,buy,,5.0,,,,
104,273802337,2023-12-05 03:03:15,3,0.092,0.09314733,65.14,BTC-27SEP24-70000-C,41718.81,buy,,2.4,,,,
105,273802338,2023-12-05 03:03:15,3,0.092,0.09314733,65.14,BTC-27SEP24-70000-C,41718.81,buy,,0.5,,,,
106,273802367,2023-12-05 03:05:09,2,0.0915,0.09292962,64.97,BTC-27SEP24-70000-C,41739.52,sell,,7.1,,,,
107,273835325,2023-12-05 10:42:45,3,0.0915,0.09165929,65.15,BTC-27SEP24-70000-C,41673.44,sell,,0.5,,,,
108,274024115,2023-12-05 22:49:59,0,0.102,0.10217883,63.98,BTC-27SEP24-70000-C,44335.16,buy,,0.5,,,,
109,274024220,2023-12-05 22:51:14,0,0.1025,0.10181872,64.21,BTC-27SEP24-70000-C,44285.35,buy,,0.5,,,,
110,274024688,2023-12-05 22:55:29,1,0.1025,0.10229254,64.13,BTC-27SEP24-70000-C,44325.84,buy,,0.5,,,,
111,274091829,2023-12-06 08:56:13,2,0.097,0.09852042,63.41,BTC-27SEP24-70000-C,43831.83,sell,,0.1,,,,
112,274092129,2023-12-06 08:58:05,0,0.0995,0.09870168,64.09,BTC-27SEP24-70000-C,43870.31,buy,,2.0,,,,
113,274092140,2023-12-06 08:58:10,1,0.0995,0.09865399,64.11,BTC-27SEP24-70000-C,43863.78,buy,,8.0,,,,
114,274094269,2023-12-06 09:25:53,2,0.0985,0.09766632,64.01,BTC-27SEP24-70000-C,43738.41,buy,,10.0,,,,
115,274094270,2023-12-06 09:25:53,3,0.0985,0.09766632,64.01,BTC-27SEP24-70000-C,43738.41,buy,,10.0,,,,
116,274095266,2023-12-06 09:43:13,0,0.099,0.09821421,64.01,BTC-27SEP24-70000-C,43845.46,buy,,10.0,,,,
117,274095267,2023-12-06 09:43:13,1,0.099,0.09821421,64.01,BTC-27SEP24-70000-C,43845.46,buy,,10.0,,,,
118,274098276,2023-12-06 10:08:14,0,0.1,0.09942434,64.06,BTC-27SEP24-70000-C,44008.53,buy,,0.9,,,,
119,274132196,2023-12-06 13:44:56,0,0.1015,0.10171856,64.44,BTC-27SEP24-70000-C,44059.21,buy,,1.0,,,,
120,274144757,2023-12-06 15:20:19,1,0.1015,0.10056248,64.59,BTC-27SEP24-70000-C,43969.45,buy,,2.7,,,,
121,274255051,2023-12-07 11:00:17,2,0.0925,0.09206735,63.51,BTC-27SEP24-70000-C,43127.55,buy,,10.0,,,,
122,274266793,2023-12-07 12:28:28,2,0.0915,0.09206144,63.22,BTC-27SEP24-70000-C,43159.42,buy,,2.3,,,,
123,274266794,2023-12-07 12:28:28,3,0.0915,0.09206144,63.22,BTC-27SEP24-70000-C,43159.42,buy,,0.4,,,,
124,274266795,2023-12-07 12:28:28,3,0.0915,0.09206144,63.22,BTC-27SEP24-70000-C,43159.42,buy,,0.1,,,,
125,274266853,2023-12-07 12:28:46,2,0.091,0.09193197,63.1,BTC-27SEP24-70000-C,43136.61,buy,,7.2,,,,
126,274288001,2023-12-07 15:23:54,0,0.094,0.0937358,62.98,BTC-27SEP24-70000-C,43747.54,buy,,5.0,,,,
127,274386475,2023-12-08 08:35:23,2,0.093,0.09210252,63.46,BTC-27SEP24-70000-C,43257.31,sell,,1.0,,,,
128,274509651,2023-12-08 22:50:15,0,0.096,0.09650433,62.37,BTC-27SEP24-70000-C,44445.1,sell,,0.1,,,,
129,274794275,2023-12-11 11:15:30,2,0.0879,0.08707558,63.48,BTC-27SEP24-70000-C,42435.13,buy,,15.0,,115479,BTC-CDIAG-27SEP24_29DEC23-70000_50000,
130,274931546,2023-12-11 21:02:00,2,0.0815,0.08076548,63.93,BTC-27SEP24-70000-C,40883.65,sell,,0.1,,,,
131,274931830,2023-12-11 21:03:50,3,0.0815,0.08089256,63.88,BTC-27SEP24-70000-C,40915.3,sell,,0.1,,,,
132,275002894,2023-12-12 08:15:59,0,0.083,0.08345153,62.81,BTC-27SEP24-70000-C,41844.35,sell,,0.1,,,,
133,275167043,2023-12-13 10:26:34,2,0.0795,0.08043243,62.91,BTC-27SEP24-70000-C,41141.55,sell,1.0,1.0,,,,
134,275298201,2023-12-14 07:59:44,0,0.0865,0.08741744,62.36,BTC-27SEP24-70000-C,42909.54,buy,1.0,1.0,,,,
135,275298215,2023-12-14 08:00:10,0,0.087,0.08741174,62.51,BTC-27SEP24-70000-C,42913.82,buy,1.0,1.0,,,,
136,275298293,2023-12-14 08:00:32,2,0.0865,0.08730039,62.37,BTC-27SEP24-70000-C,42906.9,buy,1.0,1.0,,,,
137,275298364,2023-12-14 08:00:51,3,0.0865,0.08731989,62.35,BTC-27SEP24-70000-C,42920.67,buy,1.0,1.0,,,,
138,275298597,2023-12-14 08:01:53,2,0.086,0.08720703,62.2,BTC-27SEP24-70000-C,42911.84,sell,1.0,1.0,,,,
139,275298617,2023-12-14 08:01:56,3,0.086,0.08719886,62.2,BTC-27SEP24-70000-C,42910.5,sell,1.0,1.0,,,,
140,275298627,2023-12-14 08:01:59,3,0.086,0.08718468,62.2,BTC-27SEP24-70000-C,42908.57,sell,1.0,1.0,,,,
141,275303184,2023-12-14 08:46:28,0,0.0875,0.08786179,62.66,BTC-27SEP24-70000-C,42896.07,sell,0.2,0.2,,,,
142,275478181,2023-12-15 09:48:33,2,0.083,0.08341131,61.36,BTC-27SEP24-70000-C,42879.2,buy,4.0,4.0,,,,
143,275741447,2023-12-18 01:32:38,2,0.076,0.07653125,62.25,BTC-27SEP24-70000-C,41127.68,sell,1.0,1.0,,,,
144,275741448,2023-12-18 01:32:38,3,0.076,0.07653125,62.25,BTC-27SEP24-70000-C,41127.68,sell,0.1,0.1,,,,
145,275779780,2023-12-18 08:42:31,0,0.0775,0.07535561,62.7,BTC-27SEP24-70000-C,41178.0,buy,10.0,10.0,,,,
146,275798663,2023-12-18 10:31:26,2,0.073,0.07392843,62.05,BTC-27SEP24-70000-C,40669.86,sell,0.1,0.1,,,,
147,275798664,2023-12-18 10:31:26,3,0.073,0.07392843,62.05,BTC-27SEP24-70000-C,40669.86,sell,0.1,0.1,,,,
148,275849138,2023-12-18 17:31:17,0,0.076,0.07582672,61.54,BTC-27SEP24-70000-C,41598.84,buy,1.8,1.8,,,,
149,275849228,2023-12-18 17:31:23,1,0.076,0.07589997,61.51,BTC-27SEP24-70000-C,41616.97,buy,1.9,1.9,,,,
150,275850609,2023-12-18 17:55:50,2,0.0755,0.07531938,61.51,BTC-27SEP24-70000-C,41494.1,buy,1.3,1.3,,,,
151,275850610,2023-12-18 17:55:50,3,0.0755,0.07531938,61.51,BTC-27SEP24-70000-C,41494.1,buy,1.3,1.3,,,,
152,275850611,2023-12-18 17:55:50,3,0.0755,0.07531938,61.51,BTC-27SEP24-70000-C,41494.1,buy,1.3,1.3,,,,
153,275850612,2023-12-18 17:55:50,3,0.0755,0.07531938,61.51,BTC-27SEP24-70000-C,41494.1,buy,1.3,1.3,,,,
154,275850613,2023-12-18 17:55:50,3,0.0755,0.07531938,61.51,BTC-27SEP24-70000-C,41494.1,buy,1.1,1.1,,,,
155,276013246,2023-12-19 20:37:11,0,0.082,0.08257473,62.74,BTC-27SEP24-70000-C,42191.58,sell,1.0,1.0,,,,
156,276013247,2023-12-19 20:37:11,1,0.082,0.08257473,62.74,BTC-27SEP24-70000-C,42191.58,sell,0.3,0.3,,,,
157,276028154,2023-12-20 02:23:38,0,0.084,0.08472603,63.09,BTC-27SEP24-70000-C,42347.8,sell,0.6,0.6,,,,
158,276123694,2023-12-20 15:12:56,0,0.0925,0.09175855,62.74,BTC-27SEP24-70000-C,44120.9,buy,0.1,0.1,,,,
159,276532405,2023-12-24 11:00:24,2,0.092,0.08850507,63.52,BTC-27SEP24-70000-C,43615.77,buy,0.4,0.4,,,,
160,276770257,2023-12-26 22:21:00,2,0.085,0.08459118,63.31,BTC-27SEP24-70000-C,42550.09,sell,0.1,0.1,,,,
161,276770319,2023-12-26 22:21:20,3,0.085,0.08441737,63.39,BTC-27SEP24-70000-C,42504.13,sell,0.2,0.2,,,,
162,276770331,2023-12-26 22:21:30,3,0.085,0.0844665,63.38,BTC-27SEP24-70000-C,42509.52,sell,0.2,0.2,,,,
163,276770819,2023-12-26 22:32:04,3,0.085,0.08529361,63.48,BTC-27SEP24-70000-C,42427.36,sell,0.3,0.3,,,,
164,276776846,2023-12-27 01:15:26,3,0.085,0.08535734,63.65,BTC-27SEP24-70000-C,42310.13,sell,1.5,1.5,,,,
165,276776847,2023-12-27 01:15:26,3,0.085,0.08535734,63.65,BTC-27SEP24-70000-C,42310.13,sell,0.3,0.3,,,,
166,276780627,2023-12-27 02:52:46,3,0.085,0.08521016,63.74,BTC-27SEP24-70000-C,42267.23,sell,1.4,1.4,,,,
167,276780667,2023-12-27 02:53:12,3,0.085,0.08514701,63.76,BTC-27SEP24-70000-C,42253.14,sell,1.4,1.4,,,,
168,276780668,2023-12-27 02:53:12,3,0.085,0.08514701,63.76,BTC-27SEP24-70000-C,42253.14,sell,0.2,0.2,,,,
169,276780806,2023-12-27 02:56:13,3,0.085,0.08510424,63.79,BTC-27SEP24-70000-C,42244.6,sell,1.5,1.5,,,,
170,276780807,2023-12-27 02:56:13,3,0.085,0.08510424,63.79,BTC-27SEP24-70000-C,42244.6,sell,0.3,0.3,,,,
171,276780908,2023-12-27 02:58:27,3,0.085,0.08492949,63.86,BTC-27SEP24-70000-C,42210.49,sell,2.6,2.6,,,,
172,276879956,2023-12-27 22:54:50,0,0.091,0.09233082,63.59,BTC-27SEP24-70000-C,43435.15,buy,1.0,1.0,,,,
173,276887080,2023-12-28 00:33:01,0,0.092,0.09175451,63.58,BTC-27SEP24-70000-C,43647.29,buy,2.2,2.2,,,,
174,276887283,2023-12-28 00:33:03,1,0.092,0.09176349,63.52,BTC-27SEP24-70000-C,43677.76,buy,2.8,2.8,,,,
175,277289498,2023-12-30 17:33:41,2,0.0875,0.08759202,63.55,BTC-27SEP24-70000-C,42551.24,sell,2.5,2.5,,,,
176,277290534,2023-12-30 17:45:31,2,0.087,0.08777737,63.52,BTC-27SEP24-70000-C,42446.67,sell,0.5,0.5,,,,
177,277326398,2023-12-31 09:08:40,3,0.087,0.08744959,63.2,BTC-27SEP24-70000-C,42515.06,buy,2.6,2.6,,,,
178,277326446,2023-12-31 09:10:16,3,0.087,0.08735709,63.16,BTC-27SEP24-70000-C,42525.15,buy,2.4,2.4,,,,
179,277483044,2024-01-02 00:13:54,0,0.1045,0.1046608,64.71,BTC-27SEP24-70000-C,44612.82,buy,0.2,0.2,,,,
180,277483157,2024-01-02 00:14:03,1,0.1045,0.10474826,64.68,BTC-27SEP24-70000-C,44624.41,buy,0.2,0.2,,,,
181,277483224,2024-01-02 00:14:15,1,0.1045,0.10486886,64.64,BTC-27SEP24-70000-C,44650.03,buy,0.1,0.1,,,,
182,277527978,2024-01-02 02:43:58,0,0.112,0.10955004,65.71,BTC-27SEP24-70000-C,45318.33,buy,1.0,1.0,,,,
183,277592863,2024-01-02 10:49:46,2,0.109,0.10941945,64.09,BTC-27SEP24-70000-C,45539.63,buy,1.0,1.0,,,,
184,277596753,2024-01-02 11:22:21,3,0.109,0.10858283,64.02,BTC-27SEP24-70000-C,45585.0,buy,0.6,0.6,,,,
185,277600034,2024-01-02 11:44:53,2,0.1065,0.10692932,63.79,BTC-27SEP24-70000-C,45258.5,sell,1.2,1.2,,,,
186,277619189,2024-01-02 14:07:33,0,0.1095,0.10997277,63.75,BTC-27SEP24-70000-C,45772.98,sell,0.6,0.6,,,,
187,277620350,2024-01-02 14:14:41,2,0.109,0.1103521,63.48,BTC-27SEP24-70000-C,45804.35,sell,0.6,0.6,,,,
188,277620351,2024-01-02 14:14:41,3,0.109,0.1103521,63.48,BTC-27SEP24-70000-C,45804.35,sell,0.2,0.2,,,,
189,277620621,2024-01-02 14:16:06,0,0.1095,0.11036924,63.63,BTC-27SEP24-70000-C,45832.93,sell,0.6,0.6,,,,
190,277636237,2024-01-02 15:16:03,2,0.106,0.10666978,63.83,BTC-27SEP24-70000-C,45093.01,sell,0.1,0.1,,,,
191,277784251,2024-01-03 11:52:11,2,0.097,0.09765951,63.45,BTC-27SEP24-70000-C,44150.99,sell,0.1,0.1,,,,
192,277818713,2024-01-03 12:08:38,2,0.088,0.0917815,63.84,BTC-27SEP24-70000-C,42432.94,sell,0.2,0.2,,,,
193,277914237,2024-01-03 15:19:44,0,0.0955,0.0930856,66.56,BTC-27SEP24-70000-C,42455.2,sell,0.8,0.8,,,,
194,277914238,2024-01-03 15:19:44,1,0.0955,0.0930856,66.56,BTC-27SEP24-70000-C,42455.2,sell,4.2,4.2,,,,
195,278291710,2024-01-05 10:05:14,0,0.0995,0.10099483,65.67,BTC-27SEP24-70000-C,44107.67,sell,9.0,9.0,,,,
196,278291711,2024-01-05 10:05:14,1,0.0995,0.10099483,65.67,BTC-27SEP24-70000-C,44107.67,buy,1.0,1.0,,,,
197,278514040,2024-01-07 13:22:13,0,0.103,0.10302115,67.29,BTC-27SEP24-70000-C,44312.31,sell,0.5,0.5,,,,
198,278514516,2024-01-07 13:25:23,0,0.1035,0.10299722,67.36,BTC-27SEP24-70000-C,44354.55,sell,0.5,0.5,,,,
199,278514786,2024-01-07 13:28:33,1,0.1035,0.10296416,67.37,BTC-27SEP24-70000-C,44355.36,sell,0.5,0.5,,,,
200,278515379,2024-01-07 13:31:42,0,0.104,0.10334917,67.43,BTC-27SEP24-70000-C,44386.38,sell,0.5,0.5,,,,
201,278515985,2024-01-07 13:35:20,2,0.1035,0.10280333,67.47,BTC-27SEP24-70000-C,44295.96,sell,1.3,1.3,,,,
202,278516210,2024-01-07 13:38:35,0,0.104,0.10366682,67.63,BTC-27SEP24-70000-C,44300.15,sell,1.3,1.3,,,,
203,278516663,2024-01-07 13:41:42,0,0.1045,0.10418759,67.59,BTC-27SEP24-70000-C,44398.11,sell,0.4,0.4,,,,
204,278684288,2024-01-08 15:41:35,0,0.1055,0.10569802,66.65,BTC-27SEP24-70000-C,45270.1,buy,0.1,0.1,,,,
205,278757259,2024-01-08 19:24:29,0,0.1128,0.11369947,66.06,BTC-27SEP24-70000-C,46922.99,sell,75.0,75.0,,120319,,
206,278848613,2024-01-09 08:46:31,2,0.1035,0.10326142,63.35,BTC-27SEP24-70000-C,46736.07,buy,1.0,1.0,,,,
207,278848624,2024-01-09 08:46:45,0,0.105,0.10321907,63.83,BTC-27SEP24-70000-C,46732.74,buy,0.5,0.5,,,,
208,278848625,2024-01-09 08:46:45,1,0.105,0.10321907,63.83,BTC-27SEP24-70000-C,46732.74,buy,8.0,8.0,,,,
209,278848626,2024-01-09 08:46:45,1,0.105,0.10321907,63.83,BTC-27SEP24-70000-C,46732.74,sell,1.5,1.5,,,,
210,279000962,2024-01-09 21:33:07,2,0.0945,0.09507669,62.46,BTC-27SEP24-70000-C,45802.25,buy,1.0,1.0,,,,
211,279427827,2024-01-11 03:23:48,0,0.102,0.1017506,64.11,BTC-27SEP24-70000-C,46407.6,sell,2.5,2.5,,,,
212,279527862,2024-01-11 14:10:17,0,0.106,0.10794105,63.29,BTC-27SEP24-70000-C,47699.31,buy,5.0,5.0,,,,
213,279527863,2024-01-11 14:10:17,1,0.106,0.10794105,63.29,BTC-27SEP24-70000-C,47699.31,buy,4.0,4.0,,,,
214,279527923,2024-01-11 14:10:27,1,0.106,0.10777096,63.32,BTC-27SEP24-70000-C,47675.17,buy,2.8,2.8,,,,
215,279527924,2024-01-11 14:10:27,1,0.106,0.10777096,63.32,BTC-27SEP24-70000-C,47675.17,buy,0.6,0.6,,,,
216,279527925,2024-01-11 14:10:27,1,0.106,0.10777096,63.32,BTC-27SEP24-70000-C,47675.17,buy,3.8,3.8,,,,
217,279527939,2024-01-11 14:10:28,1,0.106,0.10780919,63.32,BTC-27SEP24-70000-C,47682.79,buy,2.8,2.8,,,,
218,279528069,2024-01-11 14:10:57,1,0.106,0.10781827,63.31,BTC-27SEP24-70000-C,47680.17,buy,0.3,0.3,,,,
219,279681542,2024-01-11 19:11:07,2,0.0955,0.09720218,62.29,BTC-27SEP24-70000-C,46481.58,sell,1.0,1.0,,,,
220,279808647,2024-01-12 11:15:31,2,0.0885,0.08815301,61.16,BTC-27SEP24-70000-C,46014.05,buy,0.2,0.2,,,,
221,279811413,2024-01-12 11:34:41,0,0.0895,0.0891168,61.27,BTC-27SEP24-70000-C,46150.68,buy,0.2,0.2,,,,
222,279811440,2024-01-12 11:34:50,0,0.09,0.08914567,61.42,BTC-27SEP24-70000-C,46158.13,buy,1.3,1.3,,,,
223,279820680,2024-01-12 12:40:09,2,0.088,0.08811263,61.1,BTC-27SEP24-70000-C,45888.85,buy,0.2,0.2,,,,
224,279820685,2024-01-12 12:40:12,3,0.088,0.08812072,61.1,BTC-27SEP24-70000-C,45889.12,buy,0.2,0.2,,,,
225,279838204,2024-01-12 14:33:06,2,0.087,0.08704269,61.11,BTC-27SEP24-70000-C,45655.08,buy,0.2,0.2,,,,
226,279838511,2024-01-12 14:33:43,3,0.087,0.08696946,61.11,BTC-27SEP24-70000-C,45659.82,buy,0.2,0.2,,,,
227,279853557,2024-01-12 15:19:18,2,0.084,0.08375499,61.21,BTC-27SEP24-70000-C,44994.37,buy,0.2,0.2,,,,
228,279854705,2024-01-12 15:20:56,2,0.0835,0.0834542,61.13,BTC-27SEP24-70000-C,44953.82,buy,0.2,0.2,,,,
229,279865299,2024-01-12 15:42:18,2,0.0815,0.08154188,61.11,BTC-27SEP24-70000-C,44627.94,buy,0.2,0.2,,,,
230,279866695,2024-01-12 15:44:37,2,0.081,0.08094571,61.11,BTC-27SEP24-70000-C,44490.47,buy,0.2,0.2,,,,
231,279871210,2024-01-12 15:53:14,3,0.081,0.081109,61.16,BTC-27SEP24-70000-C,44452.63,buy,14.0,14.0,,121741,BTC-CS-27SEP24-65000_70000,
232,280006199,2024-01-12 22:21:22,2,0.071,0.07173389,62.27,BTC-27SEP24-70000-C,42203.78,sell,0.3,0.3,,,,
233,280006905,2024-01-12 22:21:29,2,0.07,0.07047039,62.42,BTC-27SEP24-70000-C,41867.68,sell,0.1,0.1,,,,
234,280211162,2024-01-14 21:35:17,3,0.07,0.07192795,62.4,BTC-27SEP24-70000-C,42087.0,sell,0.1,0.1,,,,
235,280248083,2024-01-15 02:45:32,0,0.072,0.07166357,62.77,BTC-27SEP24-70000-C,42310.58,buy,0.2,0.2,,,,
236,280275529,2024-01-15 08:17:16,0,0.073,0.0741354,62.51,BTC-27SEP24-70000-C,42687.08,sell,2.0,2.0,,,,
237,280287713,2024-01-15 11:15:17,2,0.0725,0.07253184,62.42,BTC-27SEP24-70000-C,42581.87,buy,0.5,0.5,,,,
238,280309470,2024-01-15 13:42:27,0,0.073,0.07325081,62.2,BTC-27SEP24-70000-C,42706.41,buy,2.0,2.0,,,,
239,280310133,2024-01-15 13:49:31,0,0.0735,0.07362346,62.2,BTC-27SEP24-70000-C,42823.89,buy,1.5,1.5,,,,
240,280310134,2024-01-15 13:49:31,1,0.0735,0.07362346,62.2,BTC-27SEP24-70000-C,42823.89,buy,0.1,0.1,,,,
241,280310135,2024-01-15 13:49:31,1,0.0735,0.07362346,62.2,BTC-27SEP24-70000-C,42823.89,buy,0.1,0.1,,,,
242,280315928,2024-01-15 14:23:24,2,0.0725,0.07224721,62.26,BTC-27SEP24-70000-C,42604.28,buy,6.3,6.3,,,,
243,280542239,2024-01-17 11:33:06,2,0.07,0.07102791,61.25,BTC-27SEP24-70000-C,42689.46,sell,0.7,0.7,,,,
244,280579282,2024-01-17 16:44:04,2,0.068,0.06827563,61.36,BTC-27SEP24-70000-C,42272.45,sell,0.1,0.1,,,,
245,280635690,2024-01-18 09:35:34,2,0.0659,0.06587894,59.65,BTC-27SEP24-70000-C,42780.26,sell,50.0,50.0,,122461,,
246,280638819,2024-01-18 10:35:39,2,0.0625,0.06297401,58.74,BTC-27SEP24-70000-C,42615.67,sell,3.0,3.0,,,,
247,280696396,2024-01-18 17:53:17,2,0.058,0.05826563,59.06,BTC-27SEP24-70000-C,41529.53,sell,0.2,0.2,,,,
248,280696397,2024-01-18 17:53:17,3,0.058,0.05826563,59.06,BTC-27SEP24-70000-C,41529.53,sell,2.1,2.1,,,,
249,280809404,2024-01-19 05:18:01,2,0.057,0.05623128,59.74,BTC-27SEP24-70000-C,41133.74,sell,0.1,0.1,,,,
250,280809614,2024-01-19 05:27:37,3,0.057,0.05681936,59.72,BTC-27SEP24-70000-C,41148.99,sell,0.1,0.1,,,,
251,280809615,2024-01-19 05:27:43,3,0.057,0.0568123,59.72,BTC-27SEP24-70000-C,41148.95,sell,0.2,0.2,,,,
252,280809625,2024-01-19 05:28:07,3,0.057,0.05679634,59.72,BTC-27SEP24-70000-C,41147.91,sell,0.1,0.1,,,,
253,280810572,2024-01-19 05:40:21,2,0.056,0.05677908,59.33,BTC-27SEP24-70000-C,41128.12,sell,0.1,0.1,,,,
254,281006106,2024-01-21 16:48:49,3,0.056,0.05762571,58.82,BTC-27SEP24-70000-C,41598.79,sell,1.0,1.0,,,,
255,281018717,2024-01-22 01:17:10,2,0.0545,0.0546908,58.73,BTC-27SEP24-70000-C,41354.73,sell,1.0,1.0,,,,
256,281065282,2024-01-22 10:28:22,2,0.05,0.05020401,58.85,BTC-27SEP24-70000-C,40365.46,sell,0.1,0.1,,,,
257,281146547,2024-01-22 19:30:42,2,0.0485,0.04909139,59.48,BTC-27SEP24-70000-C,39787.69,sell,2.5,2.5,,,,
258,281147100,2024-01-22 19:31:15,3,0.0485,0.0489171,59.61,BTC-27SEP24-70000-C,39722.95,sell,0.5,0.5,,,,
259,281147101,2024-01-22 19:31:15,3,0.0485,0.0489171,59.61,BTC-27SEP24-70000-C,39722.95,sell,0.1,0.1,,,,
260,281147102,2024-01-22 19:31:15,3,0.0485,0.0489171,59.61,BTC-27SEP24-70000-C,39722.95,sell,0.2,0.2,,,,
261,281198168,2024-01-23 00:38:00,0,0.0495,0.04906954,60.02,BTC-27SEP24-70000-C,39742.85,sell,2.0,2.0,,,,
262,281233693,2024-01-23 08:22:46,2,0.0485,0.04861698,59.8,BTC-27SEP24-70000-C,39652.5,sell,5.0,5.0,,,,
263,281233793,2024-01-23 08:23:45,3,0.0485,0.04856515,59.84,BTC-27SEP24-70000-C,39617.89,sell,5.0,5.0,,,,
264,281233803,2024-01-23 08:23:51,3,0.0485,0.04856962,59.84,BTC-27SEP24-70000-C,39617.35,sell,5.0,5.0,,,,
265,281233804,2024-01-23 08:23:51,3,0.0485,0.04856962,59.84,BTC-27SEP24-70000-C,39617.35,sell,2.8,2.8,,,,
266,281233814,2024-01-23 08:23:54,3,0.0485,0.04854389,59.85,BTC-27SEP24-70000-C,39607.72,sell,2.2,2.2,,,,
267,281236826,2024-01-23 08:44:46,0,0.049,0.04875936,60.29,BTC-27SEP24-70000-C,39490.99,sell,11.0,11.0,,,,
268,281237277,2024-01-23 08:47:18,1,0.049,0.04886033,60.29,BTC-27SEP24-70000-C,39483.89,sell,5.0,5.0,,,,
269,281237485,2024-01-23 08:49:02,1,0.049,0.04884965,60.34,BTC-27SEP24-70000-C,39448.26,sell,5.0,5.0,,,,
270,281237556,2024-01-23 08:49:18,1,0.049,0.04877107,60.37,BTC-27SEP24-70000-C,39426.93,sell,5.0,5.0,,,,
271,281237994,2024-01-23 08:50:16,1,0.049,0.04870513,60.43,BTC-27SEP24-70000-C,39397.54,sell,10.0,10.0,,,,
272,281237995,2024-01-23 08:50:16,1,0.049,0.04870513,60.43,BTC-27SEP24-70000-C,39397.54,sell,11.6,11.6,,,,
273,281237996,2024-01-23 08:50:16,1,0.049,0.04870513,60.43,BTC-27SEP24-70000-C,39397.54,sell,2.4,2.4,,,,
274,281321370,2024-01-23 15:27:54,0,0.0495,0.04856774,61.46,BTC-27SEP24-70000-C,38953.34,buy,5.9,5.9,,,,
275,281321371,2024-01-23 15:27:54,1,0.0495,0.04856774,61.46,BTC-27SEP24-70000-C,38953.34,buy,4.1,4.1,,,,
276,281433010,2024-01-24 11:57:19,1,0.0495,0.05035095,59.34,BTC-27SEP24-70000-C,40181.33,buy,0.3,0.3,,,,
277,281524082,2024-01-25 13:05:47,2,0.049,0.04767163,59.7,BTC-27SEP24-70000-C,39805.52,sell,0.1,0.1,,,,
278,281536371,2024-01-25 15:55:26,2,0.0485,0.04789267,59.79,BTC-27SEP24-70000-C,39645.25,sell,0.1,0.1,,,,
279,281657573,2024-01-26 13:18:10,0,0.0525,0.05165351,58.96,BTC-27SEP24-70000-C,41126.0,sell,1.0,1.0,,,,
280,281678637,2024-01-26 16:07:24,0,0.0539,0.05315682,58.71,BTC-27SEP24-70000-C,41596.65,buy,70.0,70.0,,123909,BTC-CS-27SEP24-70000_100000,
281,281823419,2024-01-28 08:19:57,0,0.0675,0.06917332,62.56,BTC-27SEP24-70000-C,42455.33,sell,2.0,2.0,M,,,
282,281840244,2024-01-28 13:24:08,2,0.0545,0.05489213,57.87,BTC-27SEP24-70000-C,42326.28,sell,0.1,0.1,,,,
283,282039443,2024-01-30 12:20:20,0,0.0615,0.06138906,58.37,BTC-27SEP24-70000-C,43711.1,buy,1.0,1.0,,,,
284,282041378,2024-01-30 12:26:25,1,0.0615,0.06148121,58.33,BTC-27SEP24-70000-C,43732.97,buy,1.0,1.0,,,,
285,282042192,2024-01-30 12:29:45,2,0.0605,0.06023538,58.38,BTC-27SEP24-70000-C,43496.06,buy,1.0,1.0,,,,
286,282048557,2024-01-30 12:50:28,2,0.0595,0.05934389,58.43,BTC-27SEP24-70000-C,43286.59,buy,1.0,1.0,,,,
287,282048606,2024-01-30 12:50:52,3,0.0595,0.05941331,58.4,BTC-27SEP24-70000-C,43294.69,buy,1.0,1.0,,,,
288,282049538,2024-01-30 12:59:41,3,0.0595,0.05936112,58.32,BTC-27SEP24-70000-C,43341.69,buy,1.0,1.0,,,,
289,282050273,2024-01-30 13:06:04,3,0.0595,0.05954681,58.21,BTC-27SEP24-70000-C,43412.4,buy,1.0,1.0,,,,
290,282050757,2024-01-30 13:09:23,0,0.06,0.05955527,58.33,BTC-27SEP24-70000-C,43447.41,buy,0.5,0.5,,,,
291,282050758,2024-01-30 13:09:23,1,0.06,0.05955527,58.33,BTC-27SEP24-70000-C,43447.41,buy,1.0,1.0,,,,
292,282050759,2024-01-30 13:09:23,1,0.06,0.05955527,58.33,BTC-27SEP24-70000-C,43447.41,buy,1.0,1.0,,,,
293,282050851,2024-01-30 13:10:32,2,0.0595,0.05938352,58.2,BTC-27SEP24-70000-C,43412.18,buy,1.0,1.0,,,,
294,282050852,2024-01-30 13:10:32,3,0.0595,0.05938352,58.2,BTC-27SEP24-70000-C,43412.18,buy,1.0,1.0,,,,
295,282051017,2024-01-30 13:12:42,2,0.059,0.0590813,58.1,BTC-27SEP24-70000-C,43359.29,buy,1.0,1.0,,,,
296,282051018,2024-01-30 13:12:42,3,0.059,0.0590813,58.1,BTC-27SEP24-70000-C,43359.29,buy,1.0,1.0,,,,
297,282054616,2024-01-30 13:47:46,3,0.059,0.05879908,58.37,BTC-27SEP24-70000-C,43218.82,buy,1.0,1.0,,,,
298,282054617,2024-01-30 13:47:46,3,0.059,0.05879908,58.37,BTC-27SEP24-70000-C,43218.82,buy,1.0,1.0,,,,
299,282055521,2024-01-30 13:58:45,0,0.0595,0.05921281,58.41,BTC-27SEP24-70000-C,43302.02,buy,1.0,1.0,,,,
300,282386025,2024-02-01 19:23:43,2,0.058,0.05745596,59.14,BTC-27SEP24-70000-C,42863.96,sell,0.1,0.1,,,,
301,282386026,2024-02-01 19:23:46,3,0.058,0.05745459,59.14,BTC-27SEP24-70000-C,42863.33,sell,0.1,0.1,,,,
302,282386056,2024-02-01 19:24:22,3,0.058,0.05749208,59.14,BTC-27SEP24-70000-C,42865.86,sell,0.1,0.1,,,,
303,282386057,2024-02-01 19:24:24,3,0.058,0.05747641,59.14,BTC-27SEP24-70000-C,42861.86,sell,0.1,0.1,,,,
304,282386060,2024-02-01 19:24:26,3,0.058,0.05747609,59.14,BTC-27SEP24-70000-C,42861.7,sell,0.1,0.1,,,,
305,282572042,2024-02-04 08:13:30,0,0.067,0.06854078,62.84,BTC-27SEP24-70000-C,42793.82,sell,2.0,2.0,M,,,
306,282584665,2024-02-04 14:44:00,2,0.053,0.05324049,57.19,BTC-27SEP24-70000-C,42937.59,buy,0.1,0.1,,,,
307,282602248,2024-02-04 21:22:38,0,0.0555,0.05490246,58.39,BTC-27SEP24-70000-C,42833.55,sell,0.2,0.2,,,,
308,282893556,2024-02-07 21:42:24,0,0.058,0.05812679,57.48,BTC-27SEP24-70000-C,44190.75,sell,0.5,0.5,,,,
309,283006101,2024-02-08 15:59:59,0,0.0655,0.06437141,58.13,BTC-27SEP24-70000-C,45454.74,buy,2.5,2.5,,,,
310,283006102,2024-02-08 15:59:59,1,0.0655,0.06437141,58.13,BTC-27SEP24-70000-C,45454.74,buy,4.1,4.1,,,,
311,283006110,2024-02-08 16:00:00,1,0.0655,0.06438065,58.13,BTC-27SEP24-70000-C,45455.09,sell,12.3,12.3,,,,
312,283006141,2024-02-08 16:00:02,1,0.0655,0.06438182,58.13,BTC-27SEP24-70000-C,45454.93,sell,6.1,6.1,,,,
313,283007633,2024-02-08 16:06:33,2,0.0645,0.06465488,57.89,BTC-27SEP24-70000-C,45364.95,buy,1.0,1.0,,,,
314,283043982,2024-02-08 20:28:47,2,0.064,0.06565241,57.69,BTC-27SEP24-70000-C,45368.81,sell,1.0,1.0,,,,
315,283074833,2024-02-09 02:36:22,0,0.068,0.0670651,58.51,BTC-27SEP24-70000-C,45760.34,sell,1.0,1.0,,,,
316,283133405,2024-02-09 08:30:19,0,0.073,0.07122977,59.08,BTC-27SEP24-70000-C,46439.97,buy,3.8,3.8,,,,
317,283133406,2024-02-09 08:30:19,1,0.073,0.07122977,59.08,BTC-27SEP24-70000-C,46439.97,buy,13.0,13.0,,,,
318,283133407,2024-02-09 08:30:19,1,0.073,0.07122977,59.08,BTC-27SEP24-70000-C,46439.97,sell,16.0,16.0,,,,
319,283133408,2024-02-09 08:30:19,1,0.073,0.07122977,59.08,BTC-27SEP24-70000-C,46439.97,sell,16.0,16.0,,,,
320,283133409,2024-02-09 08:30:19,1,0.073,0.07122977,59.08,BTC-27SEP24-70000-C,46439.97,sell,1.2,1.2,,,,
321,283152005,2024-02-09 11:05:52,0,0.0765,0.07572905,59.61,BTC-27SEP24-70000-C,46833.82,buy,0.1,0.1,,,,
322,283154478,2024-02-09 11:21:05,2,0.0755,0.07537878,59.41,BTC-27SEP24-70000-C,46740.98,buy,0.1,0.1,,,,
323,283196497,2024-02-09 14:18:06,0,0.0825,0.07945616,60.81,BTC-27SEP24-70000-C,47353.12,sell,5.9,5.9,,,,
324,283196731,2024-02-09 14:18:13,1,0.0825,0.07990845,60.87,BTC-27SEP24-70000-C,47318.19,sell,0.1,0.1,,,,
325,283196748,2024-02-09 14:18:14,1,0.0825,0.07997588,60.87,BTC-27SEP24-70000-C,47315.64,sell,0.1,0.1,,,,
326,283196757,2024-02-09 14:18:15,1,0.0825,0.08001523,60.88,BTC-27SEP24-70000-C,47312.92,sell,0.1,0.1,,,,
327,283197174,2024-02-09 14:19:39,1,0.0825,0.08177899,60.89,BTC-27SEP24-70000-C,47287.12,sell,22.8,22.8,,,,
328,283279225,2024-02-09 22:12:53,2,0.081,0.08267628,60.14,BTC-27SEP24-70000-C,47468.52,buy,0.1,0.1,,,,
329,283279241,2024-02-09 22:12:57,3,0.081,0.08269475,60.13,BTC-27SEP24-70000-C,47474.22,buy,0.1,0.1,,,,
330,283279423,2024-02-09 22:15:32,0,0.0815,0.08243872,60.27,BTC-27SEP24-70000-C,47486.68,buy,0.1,0.1,,,,
331,283279424,2024-02-09 22:15:32,1,0.0815,0.08243872,60.27,BTC-27SEP24-70000-C,47486.68,buy,0.1,0.1,,,,
332,283279425,2024-02-09 22:15:32,1,0.0815,0.08243872,60.27,BTC-27SEP24-70000-C,47486.68,buy,0.1,0.1,,,,
333,283279426,2024-02-09 22:15:32,1,0.0815,0.08243872,60.27,BTC-27SEP24-70000-C,47486.68,buy,0.1,0.1,,,,
334,283279427,2024-02-09 22:15:32,1,0.0815,0.08243872,60.27,BTC-27SEP24-70000-C,47486.68,buy,0.1,0.1,,,,
335,283279822,2024-02-09 22:23:16,0,0.0845,0.08295039,61.38,BTC-27SEP24-70000-C,47453.53,sell,0.1,0.1,,,,
336,283279835,2024-02-09 22:23:22,1,0.0845,0.08290999,61.39,BTC-27SEP24-70000-C,47445.77,sell,0.1,0.1,,,,
337,283508363,2024-02-12 10:25:24,0,0.089,0.08973538,62.07,BTC-27SEP24-70000-C,47938.84,buy,2.0,2.0,,,,
338,283518115,2024-02-12 13:39:36,0,0.0925,0.09019232,63.23,BTC-27SEP24-70000-C,47914.25,sell,39.0,39.0,,,,
339,283519831,2024-02-12 14:06:31,0,0.093,0.09428334,63.24,BTC-27SEP24-70000-C,47988.68,buy,5.0,5.0,,,,
340,283519835,2024-02-12 14:06:51,0,0.0935,0.09425251,63.4,BTC-27SEP24-70000-C,47987.95,buy,2.6,2.6,,,,
341,283519840,2024-02-12 14:06:56,1,0.0935,0.09424632,63.4,BTC-27SEP24-70000-C,47987.95,buy,2.4,2.4,,,,
342,283574940,2024-02-12 16:11:39,0,0.1055,0.10709032,63.86,BTC-27SEP24-70000-C,49796.26,buy,5.0,5.0,,,,
343,283579192,2024-02-12 16:18:48,1,0.1055,0.10558642,64.26,BTC-27SEP24-70000-C,49623.09,buy,0.1,0.1,,,,
344,283646538,2024-02-12 21:59:31,2,0.103,0.10441731,62.99,BTC-27SEP24-70000-C,49855.13,buy,2.0,2.0,,,,
345,283646707,2024-02-12 22:01:06,3,0.103,0.10444173,62.93,BTC-27SEP24-70000-C,49886.45,buy,3.0,3.0,,,,
346,283646944,2024-02-12 22:04:19,0,0.1055,0.10474184,63.58,BTC-27SEP24-70000-C,49972.76,buy,0.9,0.9,,,,
347,283646945,2024-02-12 22:04:19,1,0.1055,0.10474184,63.58,BTC-27SEP24-70000-C,49972.76,buy,2.5,2.5,,,,
348,283784579,2024-02-13 19:49:58,2,0.0958,0.09675763,62.35,BTC-27SEP24-70000-C,49240.92,sell,1.0,1.0,,,BTC-CS-27SEP24-54000_70000,283784577
349,283785104,2024-02-13 19:54:29,2,0.0949,0.09570907,62.43,BTC-27SEP24-70000-C,49040.28,sell,1.0,1.0,,,BTC-CS-27SEP24-55000_70000,283785103
350,283859070,2024-02-14 09:14:51,0,0.11,0.10892495,63.24,BTC-27SEP24-70000-C,51011.9,sell,0.5,0.5,,,,
351,283925410,2024-02-14 12:38:26,0,0.1165,0.11551871,63.89,BTC-27SEP24-70000-C,51737.92,buy,0.5,0.5,,,,
352,283927924,2024-02-14 12:48:18,2,0.114,0.11538704,63.4,BTC-27SEP24-70000-C,51554.78,sell,1.0,1.0,,,,
353,283939642,2024-02-14 13:57:22,0,0.1195,0.11715057,64.84,BTC-27SEP24-70000-C,51748.65,buy,5.0,5.0,,,,
354,284055652,2024-02-15 01:17:25,0,0.1205,0.12039429,64.6,BTC-27SEP24-70000-C,52095.73,sell,0.2,0.2,,,,
355,284058097,2024-02-15 01:29:19,2,0.1195,0.11961847,64.5,BTC-27SEP24-70000-C,51986.54,sell,0.2,0.2,,,,
356,284058121,2024-02-15 01:29:24,3,0.1195,0.11961179,64.5,BTC-27SEP24-70000-C,51986.81,sell,0.2,0.2,,,,
357,284058440,2024-02-15 01:30:57,3,0.1195,0.11963942,64.5,BTC-27SEP24-70000-C,51984.54,sell,0.2,0.2,,,,
358,284058788,2024-02-15 01:32:39,2,0.119,0.11911005,64.53,BTC-27SEP24-70000-C,51888.98,sell,0.2,0.2,,,,
359,284058845,2024-02-15 01:32:55,3,0.119,0.11915136,64.52,BTC-27SEP24-70000-C,51897.79,sell,0.2,0.2,,,,
360,284059037,2024-02-15 01:33:56,3,0.119,0.11910362,64.54,BTC-27SEP24-70000-C,51881.14,sell,0.2,0.2,,,,
361,284059891,2024-02-15 01:35:43,3,0.119,0.11894966,64.58,BTC-27SEP24-70000-C,51859.71,sell,0.2,0.2,,,,
362,284059953,2024-02-15 01:35:58,3,0.119,0.11915618,64.51,BTC-27SEP24-70000-C,51901.12,sell,0.2,0.2,,,,
363,284060045,2024-02-15 01:36:36,3,0.119,0.11939026,64.46,BTC-27SEP24-70000-C,51927.67,sell,0.2,0.2,,,,
364,284063173,2024-02-15 02:01:52,0,0.1195,0.11985512,64.43,BTC-27SEP24-70000-C,52013.58,sell,0.2,0.2,,,,
365,284063290,2024-02-15 02:02:16,1,0.1195,0.1201164,64.35,BTC-27SEP24-70000-C,52050.15,sell,0.2,0.2,,,,
366,284063321,2024-02-15 02:02:32,1,0.1195,0.12007513,64.36,BTC-27SEP24-70000-C,52047.59,sell,0.2,0.2,,,,
367,284063335,2024-02-15 02:02:37,1,0.1195,0.11992434,64.4,BTC-27SEP24-70000-C,52021.71,sell,0.2,0.2,,,,
368,284063355,2024-02-15 02:02:53,1,0.1195,0.11993203,64.4,BTC-27SEP24-70000-C,52024.39,sell,0.2,0.2,,,,
369,284063360,2024-02-15 02:03:08,1,0.1195,0.11987046,64.42,BTC-27SEP24-70000-C,52015.33,sell,0.2,0.2,,,,
370,284063381,2024-02-15 02:03:24,1,0.1195,0.11993331,64.4,BTC-27SEP24-70000-C,52027.97,sell,0.2,0.2,,,,
371,284063442,2024-02-15 02:03:40,1,0.1195,0.11992722,64.4,BTC-27SEP24-70000-C,52024.58,sell,0.2,0.2,,,,
372,284063452,2024-02-15 02:03:54,1,0.1195,0.11989083,64.41,BTC-27SEP24-70000-C,52014.25,sell,0.2,0.2,,,,
373,284064447,2024-02-15 02:10:25,0,0.1205,0.1203623,64.6,BTC-27SEP24-70000-C,52080.18,sell,0.1,0.1,,,,
374,284064523,2024-02-15 02:11:16,2,0.12,0.12034179,64.45,BTC-27SEP24-70000-C,52074.02,sell,0.1,0.1,,,,
375,284064535,2024-02-15 02:11:34,0,0.1205,0.12049801,64.57,BTC-27SEP24-70000-C,52099.3,sell,0.1,0.1,,,,
376,284064537,2024-02-15 02:11:36,1,0.1205,0.12045732,64.57,BTC-27SEP24-70000-C,52094.81,sell,0.1,0.1,,,,
377,284064539,2024-02-15 02:11:38,1,0.1205,0.12047663,64.57,BTC-27SEP24-70000-C,52097.76,sell,0.1,0.1,,,,
378,284064542,2024-02-15 02:11:40,1,0.1205,0.12047644,64.58,BTC-27SEP24-70000-C,52092.77,sell,0.1,0.1,,,,
379,284064652,2024-02-15 02:12:10,1,0.1205,0.12062498,64.52,BTC-27SEP24-70000-C,52122.9,sell,0.1,0.1,,,,
380,284064654,2024-02-15 02:12:12,1,0.1205,0.12062694,64.52,BTC-27SEP24-70000-C,52123.66,sell,0.1,0.1,,,,
381,284064659,2024-02-15 02:12:14,1,0.1205,0.12063241,64.52,BTC-27SEP24-70000-C,52123.54,sell,0.1,0.1,,,,
382,284064685,2024-02-15 02:12:16,1,0.1205,0.12066485,64.5,BTC-27SEP24-70000-C,52134.89,sell,0.1,0.1,,,,
383,284064688,2024-02-15 02:12:18,1,0.1205,0.12070087,64.5,BTC-27SEP24-70000-C,52135.95,sell,0.1,0.1,,,,
384,284064716,2024-02-15 02:12:32,1,0.1205,0.12066507,64.51,BTC-27SEP24-70000-C,52127.91,sell,0.2,0.2,,,,
385,284064767,2024-02-15 02:13:02,0,0.121,0.12062272,64.69,BTC-27SEP24-70000-C,52122.84,sell,0.1,0.1,,,,
386,284064778,2024-02-15 02:13:16,1,0.121,0.12065729,64.68,BTC-27SEP24-70000-C,52127.94,sell,0.1,0.1,,,,
387,284064780,2024-02-15 02:13:18,1,0.121,0.12066586,64.68,BTC-27SEP24-70000-C,52127.45,sell,0.1,0.1,,,,
388,284064782,2024-02-15 02:13:20,1,0.121,0.12065797,64.68,BTC-27SEP24-70000-C,52125.77,sell,0.1,0.1,,,,
389,284064784,2024-02-15 02:13:22,1,0.121,0.12066227,64.68,BTC-27SEP24-70000-C,52128.38,sell,0.1,0.1,,,,
390,284064786,2024-02-15 02:13:24,1,0.121,0.12066192,64.68,BTC-27SEP24-70000-C,52127.22,sell,0.1,0.1,,,,
391,284064820,2024-02-15 02:13:57,1,0.121,0.12067377,64.68,BTC-27SEP24-70000-C,52123.22,sell,0.1,0.1,,,,
392,284064836,2024-02-15 02:14:29,1,0.121,0.12073503,64.67,BTC-27SEP24-70000-C,52133.39,sell,0.1,0.1,,,,
393,284064837,2024-02-15 02:14:33,2,0.1205,0.1207182,64.51,BTC-27SEP24-70000-C,52130.3,sell,0.2,0.2,,,,
394,284065284,2024-02-15 02:18:08,0,0.121,0.12144114,64.47,BTC-27SEP24-70000-C,52233.91,sell,0.1,0.1,,,,
395,284065285,2024-02-15 02:18:08,1,0.121,0.12144114,64.47,BTC-27SEP24-70000-C,52233.91,sell,0.2,0.2,,,,
396,284065428,2024-02-15 02:18:24,1,0.121,0.12136531,64.48,BTC-27SEP24-70000-C,52224.47,sell,0.2,0.2,,,,
397,284066013,2024-02-15 02:20:56,2,0.1205,0.12095293,64.48,BTC-27SEP24-70000-C,52148.13,sell,0.2,0.2,,,,
398,284066115,2024-02-15 02:21:26,3,0.1205,0.12101549,64.45,BTC-27SEP24-70000-C,52165.73,sell,0.2,0.2,,,,
399,284066249,2024-02-15 02:23:11,3,0.1205,0.12091962,64.49,BTC-27SEP24-70000-C,52143.6,sell,0.2,0.2,,,,
400,284066344,2024-02-15 02:26:04,3,0.1205,0.1209568,64.49,BTC-27SEP24-70000-C,52142.2,sell,0.2,0.2,,,,
401,284066954,2024-02-15 02:34:26,2,0.12,0.12054741,64.45,BTC-27SEP24-70000-C,52070.74,sell,0.2,0.2,,,,
402,284067679,2024-02-15 02:44:01,0,0.1215,0.12136888,64.68,BTC-27SEP24-70000-C,52210.56,sell,0.2,0.2,,,,
403,284067681,2024-02-15 02:44:03,2,0.121,0.12139067,64.51,BTC-27SEP24-70000-C,52212.95,sell,0.2,0.2,,,,
404,284067711,2024-02-15 02:44:14,0,0.1215,0.12145579,64.66,BTC-27SEP24-70000-C,52224.13,sell,0.2,0.2,,,,
405,284067719,2024-02-15 02:44:19,2,0.121,0.1214541,64.49,BTC-27SEP24-70000-C,52222.64,sell,0.2,0.2,,,,
406,284067729,2024-02-15 02:44:33,3,0.121,0.12148391,64.49,BTC-27SEP24-70000-C,52225.75,sell,0.2,0.2,,,,
407,284067957,2024-02-15 02:47:11,3,0.121,0.12120851,64.58,BTC-27SEP24-70000-C,52178.23,sell,0.2,0.2,,,,
408,284067961,2024-02-15 02:47:13,3,0.121,0.12120637,64.58,BTC-27SEP24-70000-C,52178.28,sell,0.2,0.2,,,,
409,284068019,2024-02-15 02:48:08,3,0.121,0.12115233,64.6,BTC-27SEP24-70000-C,52171.76,sell,0.2,0.2,,,,
410,284068262,2024-02-15 02:51:06,3,0.121,0.12135968,64.54,BTC-27SEP24-70000-C,52198.05,sell,0.2,0.2,,,,
411,284068263,2024-02-15 02:51:10,0,0.1215,0.12136574,64.7,BTC-27SEP24-70000-C,52199.01,sell,0.2,0.2,,,,
412,284068321,2024-02-15 02:51:26,1,0.1215,0.1213553,64.7,BTC-27SEP24-70000-C,52198.21,sell,0.2,0.2,,,,
413,284068355,2024-02-15 02:52:02,1,0.1215,0.12146743,64.66,BTC-27SEP24-70000-C,52218.61,sell,0.2,0.2,,,,
414,284068478,2024-02-15 02:53:13,2,0.121,0.12134092,64.55,BTC-27SEP24-70000-C,52184.95,sell,0.2,0.2,,,,
415,284068479,2024-02-15 02:53:13,3,0.121,0.12134092,64.55,BTC-27SEP24-70000-C,52184.95,sell,0.2,0.2,,,,
416,284068539,2024-02-15 02:53:58,3,0.121,0.12127288,64.57,BTC-27SEP24-70000-C,52180.23,sell,0.2,0.2,,,,
417,284069002,2024-02-15 02:58:33,3,0.121,0.12092198,64.68,BTC-27SEP24-70000-C,52119.08,sell,0.2,0.2,,,,
418,284069157,2024-02-15 03:00:04,3,0.121,0.12089215,64.68,BTC-27SEP24-70000-C,52115.31,sell,0.2,0.2,,,,
419,284069181,2024-02-15 03:00:20,2,0.1205,0.12081416,64.55,BTC-27SEP24-70000-C,52097.27,sell,0.2,0.2,,,,
420,284069303,2024-02-15 03:03:38,0,0.121,0.12108273,64.63,BTC-27SEP24-70000-C,52147.94,sell,0.2,0.2,,,,
421,284069353,2024-02-15 03:03:55,1,0.121,0.12119748,64.59,BTC-27SEP24-70000-C,52169.38,sell,0.2,0.2,,,,
422,284069420,2024-02-15 03:05:55,1,0.121,0.12104684,64.64,BTC-27SEP24-70000-C,52145.11,sell,0.2,0.2,,,,
423,284069468,2024-02-15 03:06:40,1,0.121,0.12104849,64.64,BTC-27SEP24-70000-C,52145.25,sell,0.2,0.2,,,,
424,284069473,2024-02-15 03:06:55,1,0.121,0.12105449,64.64,BTC-27SEP24-70000-C,52144.98,sell,0.2,0.2,,,,
425,284069509,2024-02-15 03:07:27,1,0.121,0.12113628,64.61,BTC-27SEP24-70000-C,52157.88,sell,0.2,0.2,,,,
426,284069572,2024-02-15 03:08:12,1,0.121,0.12126691,64.58,BTC-27SEP24-70000-C,52178.32,sell,0.2,0.2,,,,
427,284069743,2024-02-15 03:10:55,0,0.1215,0.12154254,64.69,BTC-27SEP24-70000-C,52207.77,sell,0.2,0.2,,,,
428,284069775,2024-02-15 03:11:00,1,0.1215,0.12159111,64.69,BTC-27SEP24-70000-C,52206.17,sell,0.2,0.2,,,,
429,284070728,2024-02-15 03:19:11,0,0.122,0.12201422,64.8,BTC-27SEP24-70000-C,52228.25,sell,0.2,0.2,,,,
430,284070737,2024-02-15 03:19:23,1,0.122,0.12204889,64.78,BTC-27SEP24-70000-C,52234.77,sell,0.2,0.2,,,,
431,284071547,2024-02-15 03:24:59,0,0.1225,0.12253342,64.79,BTC-27SEP24-70000-C,52308.19,sell,0.5,0.5,,,,
432,284072155,2024-02-15 03:30:11,1,0.1225,0.12262798,64.76,BTC-27SEP24-70000-C,52330.38,sell,0.2,0.2,,,,
433,284072183,2024-02-15 03:30:18,1,0.1225,0.12259061,64.78,BTC-27SEP24-70000-C,52319.48,sell,0.2,0.2,,,,
434,284072227,2024-02-15 03:30:20,1,0.1225,0.12253554,64.79,BTC-27SEP24-70000-C,52312.13,sell,0.2,0.2,,,,
435,284072229,2024-02-15 03:30:22,1,0.1225,0.12250872,64.8,BTC-27SEP24-70000-C,52310.46,sell,0.2,0.2,,,,
436,284072244,2024-02-15 03:30:36,1,0.1225,0.12258753,64.78,BTC-27SEP24-70000-C,52320.01,sell,0.2,0.2,,,,
437,284072246,2024-02-15 03:30:38,1,0.1225,0.12257412,64.78,BTC-27SEP24-70000-C,52319.8,sell,0.2,0.2,,,,
438,284072285,2024-02-15 03:31:09,1,0.1225,0.12262243,64.78,BTC-27SEP24-70000-C,52318.08,sell,0.2,0.2,,,,
439,284072307,2024-02-15 03:31:19,1,0.1225,0.12258839,64.79,BTC-27SEP24-70000-C,52310.11,sell,0.2,0.2,,,,
440,284072309,2024-02-15 03:31:23,1,0.1225,0.12257983,64.79,BTC-27SEP24-70000-C,52309.06,sell,0.2,0.2,,,,
441,284072757,2024-02-15 03:33:59,0,0.123,0.12244995,64.97,BTC-27SEP24-70000-C,52286.93,sell,0.2,0.2,,,,
442,284072870,2024-02-15 03:34:55,2,0.1225,0.12258842,64.79,BTC-27SEP24-70000-C,52299.25,sell,0.2,0.2,,,,
443,284075134,2024-02-15 03:55:29,3,0.1225,0.12288502,64.69,BTC-27SEP24-70000-C,52355.05,sell,0.2,0.2,,,,
444,284080845,2024-02-15 05:32:05,2,0.12,0.11997547,64.3,BTC-27SEP24-70000-C,52160.01,sell,0.2,0.2,,,,
445,284122190,2024-02-15 10:22:46,2,0.119,0.1192964,63.55,BTC-27SEP24-70000-C,52295.68,buy,0.2,0.2,,,,
446,284265334,2024-02-15 22:00:38,2,0.115,0.11583928,63.95,BTC-27SEP24-70000-C,51416.07,sell,0.1,0.1,,,,
447,284294432,2024-02-16 04:06:40,0,0.119,0.12026375,63.39,BTC-27SEP24-70000-C,52344.99,sell,5.0,5.0,,,,
448,284299244,2024-02-16 05:46:20,0,0.1195,0.11992368,63.99,BTC-27SEP24-70000-C,52136.24,sell,0.2,0.2,,,,
449,284319007,2024-02-16 07:47:59,2,0.1165,0.11771946,63.44,BTC-27SEP24-70000-C,51868.17,buy,1.0,1.0,,,,
450,284350354,2024-02-16 11:39:20,0,0.119,0.11995522,63.27,BTC-27SEP24-70000-C,52372.19,buy,5.0,5.0,,,,
451,284433189,2024-02-16 21:05:14,2,0.117,0.11550177,63.87,BTC-27SEP24-70000-C,51806.95,buy,4.0,4.0,,,,
452,284433202,2024-02-16 21:05:19,3,0.117,0.11550624,63.88,BTC-27SEP24-70000-C,51803.53,buy,1.0,1.0,,,,
453,284618446,2024-02-18 17:08:26,0,0.1305,0.11753798,68.26,BTC-27SEP24-70000-C,51904.01,sell,0.3,0.3,,,,
454,284782094,2024-02-20 01:22:01,2,0.118,0.11791252,64.86,BTC-27SEP24-70000-C,51501.59,sell,0.1,0.1,,,,
455,284981730,2024-02-21 06:39:40,3,0.118,0.11720102,64.57,BTC-27SEP24-70000-C,51740.62,sell,0.3,0.3,,,,
456,285090683,2024-02-21 17:44:27,2,0.1105,0.11063768,64.01,BTC-27SEP24-70000-C,50950.11,sell,1.0,1.0,,,,
457,285430956,2024-02-24 03:48:37,3,0.1105,0.10841931,64.59,BTC-27SEP24-70000-C,50806.43,sell,4.0,4.0,,,,
458,285430957,2024-02-24 03:48:37,3,0.1105,0.10841931,64.59,BTC-27SEP24-70000-C,50806.43,sell,0.8,0.8,,,,
459,285430958,2024-02-24 03:48:40,3,0.1105,0.10844084,64.59,BTC-27SEP24-70000-C,50806.5,sell,3.9,3.9,,,,
460,285430993,2024-02-24 03:50:51,3,0.1105,0.10928762,64.56,BTC-27SEP24-70000-C,50824.56,sell,10.8,10.8,,,,
461,285438742,2024-02-24 07:26:10,0,0.133,0.11826423,71.68,BTC-27SEP24-70000-C,50991.28,buy,20.0,20.0,,,,
462,285446010,2024-02-24 09:39:01,2,0.106,0.10938865,62.55,BTC-27SEP24-70000-C,51073.74,sell,0.1,0.1,,,,
463,285569731,2024-02-26 02:42:01,0,0.1105,0.11214464,63.3,BTC-27SEP24-70000-C,51491.67,buy,5.0,5.0,,,,
464,285696598,2024-02-26 18:08:00,0,0.124,0.12508235,63.64,BTC-27SEP24-70000-C,53540.34,buy,0.1,0.1,,,,
465,285696608,2024-02-26 18:08:00,2,0.1235,0.12508235,63.47,BTC-27SEP24-70000-C,53541.96,buy,0.1,0.1,,,,
466,285696644,2024-02-26 18:08:09,0,0.1245,0.12509198,63.8,BTC-27SEP24-70000-C,53544.53,buy,0.1,0.1,,,,
467,285696786,2024-02-26 18:08:38,2,0.124,0.12512214,63.6,BTC-27SEP24-70000-C,53555.46,buy,0.1,0.1,,,,
468,285796959,2024-02-27 01:52:47,0,0.138,0.14058093,64.07,BTC-27SEP24-70000-C,55465.4,sell,2.0,2.0,,,,
469,285796960,2024-02-27 01:52:47,1,0.138,0.14058093,64.07,BTC-27SEP24-70000-C,55465.4,sell,1.0,1.0,,,,
470,285806780,2024-02-27 02:06:51,0,0.144,0.14451146,64.36,BTC-27SEP24-70000-C,56242.05,buy,0.5,0.5,,,,
471,285812154,2024-02-27 02:08:04,0,0.15,0.14733931,64.9,BTC-27SEP24-70000-C,56918.53,buy,0.1,0.1,,,,
472,285829934,2024-02-27 02:25:53,2,0.145,0.14685746,64.24,BTC-27SEP24-70000-C,56426.77,buy,0.1,0.1,,,,
473,285834358,2024-02-27 02:38:39,2,0.1425,0.14514379,63.87,BTC-27SEP24-70000-C,56224.18,sell,0.2,0.2,,,,
474,285905093,2024-02-27 08:13:46,2,0.14,0.14238866,62.98,BTC-27SEP24-70000-C,56332.18,sell,3.2,3.2,,,,
475,285905094,2024-02-27 08:13:46,3,0.14,0.14238866,62.98,BTC-27SEP24-70000-C,56332.18,sell,2.8,2.8,,,,
476,285949832,2024-02-27 12:31:52,0,0.1465,0.14553709,63.91,BTC-27SEP24-70000-C,57054.07,sell,0.5,0.5,,,,
477,285954875,2024-02-27 12:42:48,0,0.1488,0.14826153,64.18,BTC-27SEP24-70000-C,57251.9,buy,10.0,10.0,,127957,BTC-CCOND-27SEP24-40000_58000_70000_90000,
478,285963561,2024-02-27 12:59:55,2,0.1445,0.14588029,63.69,BTC-27SEP24-70000-C,56777.42,buy,0.1,0.1,,,,
479,286020765,2024-02-27 16:43:22,0,0.145,0.14553513,63.78,BTC-27SEP24-70000-C,56900.32,sell,0.5,0.5,,,,
480,286042954,2024-02-27 19:43:55,0,0.1459,0.14548046,63.28,BTC-27SEP24-70000-C,57253.96,buy,1.0,1.0,,,BTC-CS-27SEP24-70000_90000,286042951
481,286042955,2024-02-27 19:43:55,1,0.1459,0.14548046,63.28,BTC-27SEP24-70000-C,57253.96,buy,1.0,1.0,,,BTC-CS-27SEP24-70000_90000,286042950
482,286065414,2024-02-27 22:48:05,0,0.1465,0.14471479,64.13,BTC-27SEP24-70000-C,56943.44,buy,3.1,3.1,,,,
483,286065415,2024-02-27 22:48:05,1,0.1465,0.14471479,64.13,BTC-27SEP24-70000-C,56943.44,buy,8.0,8.0,,,,
484,286065416,2024-02-27 22:48:05,1,0.1465,0.14471479,64.13,BTC-27SEP24-70000-C,56943.44,sell,8.9,8.9,,,,
485,286082281,2024-02-28 02:46:02,2,0.1415,0.14318022,62.37,BTC-27SEP24-70000-C,57004.15,sell,2.0,2.0,,,,
486,286082282,2024-02-28 02:46:02,2,0.141,0.14318022,62.21,BTC-27SEP24-70000-C,57004.15,sell,8.0,8.0,,,,
487,286083002,2024-02-28 02:49:08,2,0.139,0.14102108,61.79,BTC-27SEP24-70000-C,56935.71,buy,14.0,14.0,,,,
488,286116580,2024-02-28 07:45:13,0,0.144,0.14358582,61.54,BTC-27SEP24-70000-C,57867.26,sell,7.6,7.6,,,,
489,286116652,2024-02-28 07:45:25,0,0.1445,0.14363466,61.67,BTC-27SEP24-70000-C,57889.84,sell,2.4,2.4,,,,
490,286129801,2024-02-28 08:08:58,0,0.1495,0.14765439,62.15,BTC-27SEP24-70000-C,58455.06,buy,50.0,50.0,,128165,,
491,286130608,2024-02-28 08:12:24,0,0.1497,0.14647498,62.58,BTC-27SEP24-70000-C,58275.46,buy,25.0,25.0,,128166,,
492,286132199,2024-02-28 08:19:07,2,0.147,0.14757261,61.4,BTC-27SEP24-70000-C,58428.21,buy,0.1,0.1,,,,
493,286133824,2024-02-28 08:23:17,0,0.149,0.14940188,61.45,BTC-27SEP24-70000-C,58727.67,buy,0.1,0.1,,,,
494,286138109,2024-02-28 08:36:27,2,0.1485,0.14874319,61.52,BTC-27SEP24-70000-C,58587.63,buy,0.5,0.5,,,,
495,286138152,2024-02-28 08:36:32,3,0.1485,0.14884077,61.51,BTC-27SEP24-70000-C,58593.4,buy,0.5,0.5,,,,
496,286191031,2024-02-28 11:30:50,0,0.1565,0.15366784,62.73,BTC-27SEP24-70000-C,59364.75,buy,0.1,0.1,,,,
497,286191163,2024-02-28 11:31:26,1,0.1565,0.15369879,62.71,BTC-27SEP24-70000-C,59370.8,buy,0.1,0.1,,,,
498,286220777,2024-02-28 13:18:27,1,0.1565,0.15687403,61.56,BTC-27SEP24-70000-C,59881.21,buy,10.0,10.0,,,,
499,286220838,2024-02-28 13:18:47,1,0.1565,0.15693007,61.53,BTC-27SEP24-70000-C,59886.25,buy,10.0,10.0,,,,
500,286224172,2024-02-28 13:23:18,0,0.1575,0.15782025,61.43,BTC-27SEP24-70000-C,60066.88,buy,25.0,25.0,,,,
501,286224397,2024-02-28 13:23:23,1,0.1575,0.1582648,61.2,BTC-27SEP24-70000-C,60182.56,buy,14.0,14.0,,,,
502,286224452,2024-02-28 13:23:25,1,0.1575,0.1582851,61.14,BTC-27SEP24-70000-C,60213.94,buy,1.0,1.0,,,,
503,286224455,2024-02-28 13:23:25,1,0.1575,0.1582851,61.14,BTC-27SEP24-70000-C,60213.94,buy,0.1,0.1,,,,
504,286224499,2024-02-28 13:23:26,1,0.1575,0.15835084,61.14,BTC-27SEP24-70000-C,60208.88,buy,0.4,0.4,,,,
505,286224500,2024-02-28 13:23:26,1,0.1575,0.15835084,61.14,BTC-27SEP24-70000-C,60208.88,buy,0.1,0.1,,,,
506,286224748,2024-02-28 13:23:29,1,0.1575,0.15830115,61.1,BTC-27SEP24-70000-C,60232.95,buy,0.1,0.1,,,,
507,286224793,2024-02-28 13:23:30,1,0.1575,0.15841218,61.06,BTC-27SEP24-70000-C,60251.76,buy,0.1,0.1,,,,
508,286224806,2024-02-28 13:23:31,1,0.1575,0.15841218,61.06,BTC-27SEP24-70000-C,60251.76,buy,0.1,0.1,,,,
509,286224810,2024-02-28 13:23:31,1,0.1575,0.15841218,61.03,BTC-27SEP24-70000-C,60268.71,buy,0.1,0.1,,,,
510,286224821,2024-02-28 13:23:31,1,0.1575,0.15841218,61.03,BTC-27SEP24-70000-C,60268.71,buy,0.1,0.1,,,,
511,286224827,2024-02-28 13:23:31,1,0.1575,0.15841218,61.03,BTC-27SEP24-70000-C,60268.71,buy,10.0,10.0,,,,
512,286224849,2024-02-28 13:23:31,1,0.1575,0.15851856,61.03,BTC-27SEP24-70000-C,60268.71,buy,0.1,0.1,,,,
513,286224871,2024-02-28 13:23:32,1,0.1575,0.15851856,60.99,BTC-27SEP24-70000-C,60286.34,buy,0.1,0.1,,,,
514,286225783,2024-02-28 13:24:01,0,0.1595,0.15877692,61.59,BTC-27SEP24-70000-C,60311.26,buy,3.0,3.0,,,,
515,286225829,2024-02-28 13:24:04,1,0.1595,0.15867788,61.61,BTC-27SEP24-70000-C,60300.57,buy,5.0,5.0,,,,
516,286227271,2024-02-28 13:25:10,1,0.1595,0.15962787,61.15,BTC-27SEP24-70000-C,60524.06,buy,0.1,0.1,,,,
517,286227280,2024-02-28 13:25:10,1,0.1595,0.15962787,61.15,BTC-27SEP24-70000-C,60524.06,buy,0.2,0.2,,,,
518,286227283,2024-02-28 13:25:10,1,0.1595,0.15962787,61.15,BTC-27SEP24-70000-C,60524.06,buy,0.1,0.1,,,,
519,286227592,2024-02-28 13:25:13,1,0.1595,0.15965615,61.29,BTC-27SEP24-70000-C,60449.17,buy,5.0,5.0,,,,
520,286227841,2024-02-28 13:25:19,1,0.1595,0.15976342,61.16,BTC-27SEP24-70000-C,60510.22,buy,25.0,25.0,,,,
521,286227850,2024-02-28 13:25:19,1,0.1595,0.15976342,61.16,BTC-27SEP24-70000-C,60510.22,buy,25.0,25.0,,,,
522,286227851,2024-02-28 13:25:19,1,0.1595,0.15976342,61.16,BTC-27SEP24-70000-C,60510.22,buy,10.3,10.3,,,,
523,286256757,2024-02-28 14:19:12,0,0.161,0.16277346,61.66,BTC-27SEP24-70000-C,60523.77,sell,39.5,39.5,,128318,,
524,286292217,2024-02-28 14:58:00,0,0.166,0.16482875,62.68,BTC-27SEP24-70000-C,61004.48,sell,3.2,3.2,,,,
525,286292304,2024-02-28 14:58:03,1,0.166,0.16474964,62.74,BTC-27SEP24-70000-C,60974.04,sell,3.2,3.2,,,,
526,286292305,2024-02-28 14:58:03,1,0.166,0.16474964,62.74,BTC-27SEP24-70000-C,60974.04,sell,0.1,0.1,,,,
527,286292346,2024-02-28 14:58:04,1,0.166,0.16475379,62.77,BTC-27SEP24-70000-C,60955.25,sell,0.1,0.1,,,,
528,286292375,2024-02-28 14:58:05,1,0.166,0.16456198,62.77,BTC-27SEP24-70000-C,60939.91,sell,0.1,0.1,,,,
529,286292382,2024-02-28 14:58:05,1,0.166,0.16456198,62.77,BTC-27SEP24-70000-C,60939.91,sell,0.1,0.1,,,,
530,286297843,2024-02-28 15:04:10,1,0.166,0.1653101,63.02,BTC-27SEP24-70000-C,60867.26,sell,5.0,5.0,,,,
531,286298741,2024-02-28 15:05:14,1,0.166,0.1650672,63.2,BTC-27SEP24-70000-C,60736.92,sell,2.8,2.8,,,,
532,286298836,2024-02-28 15:05:17,1,0.166,0.16482661,63.26,BTC-27SEP24-70000-C,60708.56,sell,4.7,4.7,,,,
533,286323167,2024-02-28 15:34:44,2,0.1652,0.16610321,62.26,BTC-27SEP24-70000-C,61156.81,sell,50.0,50.0,,128389,BTC-CS-27SEP24-55000_70000,
534,286350806,2024-02-28 16:36:00,0,0.172,0.17198477,63.22,BTC-27SEP24-70000-C,61681.11,buy,0.5,0.5,,,,
535,286373137,2024-02-28 17:07:25,0,0.184,0.18021977,64.76,BTC-27SEP24-70000-C,62827.16,sell,1.8,1.8,,,,
536,286373140,2024-02-28 17:07:25,2,0.183,0.18015885,64.42,BTC-27SEP24-70000-C,62842.29,sell,2.0,2.0,,,,
537,286373207,2024-02-28 17:07:30,0,0.1835,0.18033854,64.52,BTC-27SEP24-70000-C,62865.44,sell,2.7,2.7,,,,
538,286373279,2024-02-28 17:07:35,0,0.184,0.18031472,64.73,BTC-27SEP24-70000-C,62843.32,sell,4.4,4.4,,,,
539,286373303,2024-02-28 17:07:36,2,0.183,0.18031496,64.39,BTC-27SEP24-70000-C,62843.32,sell,1.3,1.3,,,,
540,286373920,2024-02-28 17:08:39,3,0.183,0.18070849,64.33,BTC-27SEP24-70000-C,62893.26,sell,1.5,1.5,,,,
541,286373957,2024-02-28 17:08:42,3,0.183,0.18080682,64.36,BTC-27SEP24-70000-C,62882.13,sell,1.4,1.4,,,,
542,286374065,2024-02-28 17:08:52,0,0.1835,0.18162449,64.47,BTC-27SEP24-70000-C,62914.25,sell,1.8,1.8,,,,
543,286374070,2024-02-28 17:08:53,0,0.184,0.18159265,64.64,BTC-27SEP24-70000-C,62911.32,sell,1.5,1.5,,,,
544,286374157,2024-02-28 17:09:00,1,0.184,0.18192266,64.71,BTC-27SEP24-70000-C,62881.78,sell,1.2,1.2,,,,
545,286374158,2024-02-28 17:09:00,1,0.184,0.18192266,64.71,BTC-27SEP24-70000-C,62881.78,sell,1.5,1.5,,,,
546,286374168,2024-02-28 17:09:01,1,0.184,0.18182894,64.71,BTC-27SEP24-70000-C,62879.89,sell,1.2,1.2,,,,
547,286374169,2024-02-28 17:09:01,1,0.184,0.18182894,64.71,BTC-27SEP24-70000-C,62879.89,sell,1.2,1.2,,,,
548,286374265,2024-02-28 17:09:08,0,0.1845,0.18224792,64.85,BTC-27SEP24-70000-C,62896.08,sell,3.2,3.2,,,,
549,286374270,2024-02-28 17:09:08,1,0.1845,0.18224792,64.85,BTC-27SEP24-70000-C,62896.08,sell,4.2,4.2,,,,
550,286374320,2024-02-28 17:09:14,1,0.1845,0.1823796,64.85,BTC-27SEP24-70000-C,62896.91,sell,3.8,3.8,,,,
551,286374321,2024-02-28 17:09:14,1,0.1845,0.1823796,64.85,BTC-27SEP24-70000-C,62896.91,sell,2.0,2.0,,,,
552,286374330,2024-02-28 17:09:14,1,0.1845,0.1823796,64.85,BTC-27SEP24-70000-C,62896.91,sell,0.5,0.5,,,,
553,286392119,2024-02-28 17:17:02,0,0.194,0.19146026,65.9,BTC-27SEP24-70000-C,63655.3,sell,3.0,3.0,,,,
554,286393757,2024-02-28 17:17:41,1,0.194,0.19096421,66.3,BTC-27SEP24-70000-C,63459.66,sell,11.0,11.0,,,,
555,286393758,2024-02-28 17:17:41,1,0.194,0.19096421,66.3,BTC-27SEP24-70000-C,63459.66,sell,11.0,11.0,,,,
556,286393759,2024-02-28 17:17:41,1,0.194,0.19096421,66.3,BTC-27SEP24-70000-C,63459.66,sell,8.0,8.0,,,,
557,286393764,2024-02-28 17:17:41,1,0.194,0.19096421,66.3,BTC-27SEP24-70000-C,63459.66,sell,7.0,7.0,,,,
558,286398666,2024-02-28 17:20:00,2,0.1905,0.1890229,65.99,BTC-27SEP24-70000-C,63170.68,sell,1.0,1.0,,,,
559,286399924,2024-02-28 17:20:40,3,0.1905,0.18950179,66.02,BTC-27SEP24-70000-C,63185.63,sell,0.5,0.5,,,,
560,286403309,2024-02-28 17:23:15,0,0.1915,0.19126678,66.39,BTC-27SEP24-70000-C,63163.26,sell,3.0,3.0,,,,
561,286403539,2024-02-28 17:23:22,1,0.1915,0.19061704,66.61,BTC-27SEP24-70000-C,63053.23,sell,4.7,4.7,,,,
562,286403596,2024-02-28 17:23:24,1,0.1915,0.19049374,66.64,BTC-27SEP24-70000-C,63039.97,sell,0.1,0.1,,,,
563,286403609,2024-02-28 17:23:24,1,0.1915,0.19049374,66.64,BTC-27SEP24-70000-C,63023.97,sell,0.1,0.1,,,,
564,286403629,2024-02-28 17:23:24,1,0.1915,0.19049374,66.64,BTC-27SEP24-70000-C,63023.97,sell,0.1,0.1,,,,
565,286403680,2024-02-28 17:23:25,1,0.1915,0.19052026,66.64,BTC-27SEP24-70000-C,63023.97,sell,0.3,0.3,,,,
566,286403823,2024-02-28 17:23:26,1,0.1915,0.19008318,66.79,BTC-27SEP24-70000-C,62964.61,sell,0.2,0.2,,,,
567,286403824,2024-02-28 17:23:26,1,0.1915,0.19008318,66.79,BTC-27SEP24-70000-C,62964.61,sell,0.2,0.2,,,,
568,286403834,2024-02-28 17:23:26,1,0.1915,0.19008318,66.79,BTC-27SEP24-70000-C,62964.61,sell,0.1,0.1,,,,
569,286403843,2024-02-28 17:23:26,1,0.1915,0.19008318,66.9,BTC-27SEP24-70000-C,62910.61,sell,0.2,0.2,,,,
570,286403878,2024-02-28 17:23:26,1,0.1915,0.19008318,66.9,BTC-27SEP24-70000-C,62910.61,sell,0.2,0.2,,,,
571,286403887,2024-02-28 17:23:27,1,0.1915,0.19008318,66.9,BTC-27SEP24-70000-C,62910.61,sell,0.1,0.1,,,,
572,286403890,2024-02-28 17:23:27,1,0.1915,0.19008318,66.9,BTC-27SEP24-70000-C,62910.61,sell,0.1,0.1,,,,
573,286403923,2024-02-28 17:23:27,1,0.1915,0.18977568,66.9,BTC-27SEP24-70000-C,62910.61,sell,0.2,0.2,,,,
574,286403935,2024-02-28 17:23:27,1,0.1915,0.18977568,67.06,BTC-27SEP24-70000-C,62826.49,sell,0.1,0.1,,,,
575,286404694,2024-02-28 17:23:39,1,0.1915,0.18998039,66.89,BTC-27SEP24-70000-C,62939.36,sell,30.3,30.3,,,,
576,286406953,2024-02-28 17:25:03,2,0.19,0.18892686,66.76,BTC-27SEP24-70000-C,62776.8,sell,5.0,5.0,,,,
577,286406962,2024-02-28 17:25:03,3,0.19,0.18892686,66.76,BTC-27SEP24-70000-C,62776.8,sell,0.1,0.1,,,,
578,286406980,2024-02-28 17:25:03,3,0.19,0.18900857,66.76,BTC-27SEP24-70000-C,62776.8,sell,0.1,0.1,,,,
579,286407060,2024-02-28 17:25:04,3,0.19,0.18900857,66.76,BTC-27SEP24-70000-C,62709.08,sell,0.1,0.1,,,,
580,286407064,2024-02-28 17:25:04,3,0.19,0.18900857,66.76,BTC-27SEP24-70000-C,62709.08,sell,3.0,3.0,,,,
581,286407069,2024-02-28 17:25:04,3,0.19,0.18900857,66.76,BTC-27SEP24-70000-C,62709.08,sell,0.1,0.1,,,,
582,286407090,2024-02-28 17:25:05,3,0.19,0.18900782,66.76,BTC-27SEP24-70000-C,62709.08,sell,0.1,0.1,,,,
583,286407141,2024-02-28 17:25:05,3,0.19,0.18900782,67.05,BTC-27SEP24-70000-C,62623.4,sell,0.1,0.1,,,,
584,286407149,2024-02-28 17:25:05,3,0.19,0.18900782,67.05,BTC-27SEP24-70000-C,62623.4,sell,0.1,0.1,,,,
585,286407157,2024-02-28 17:25:05,3,0.19,0.18900782,67.05,BTC-27SEP24-70000-C,62623.4,sell,0.1,0.1,,,,
586,286407176,2024-02-28 17:25:05,3,0.19,0.18900782,67.05,BTC-27SEP24-70000-C,62623.4,sell,0.1,0.1,,,,
587,286407198,2024-02-28 17:25:05,3,0.19,0.18900782,67.05,BTC-27SEP24-70000-C,62623.4,sell,0.3,0.3,,,,
588,286407351,2024-02-28 17:25:06,3,0.19,0.18900782,67.24,BTC-27SEP24-70000-C,62528.07,sell,1.3,1.3,,,,
589,286407516,2024-02-28 17:25:07,3,0.19,0.18812564,67.44,BTC-27SEP24-70000-C,62425.27,sell,0.2,0.2,,,,
590,286407525,2024-02-28 17:25:07,3,0.19,0.18812564,67.44,BTC-27SEP24-70000-C,62425.27,sell,0.2,0.2,,,,
591,286407555,2024-02-28 17:25:07,3,0.19,0.18812564,67.44,BTC-27SEP24-70000-C,62425.27,sell,0.2,0.2,,,,
592,286407659,2024-02-28 17:25:08,3,0.19,0.18758268,67.62,BTC-27SEP24-70000-C,62332.74,sell,0.1,0.1,,,,
593,286407727,2024-02-28 17:25:08,3,0.19,0.18704545,67.62,BTC-27SEP24-70000-C,62332.74,sell,0.2,0.2,,,,
594,286407736,2024-02-28 17:25:08,3,0.19,0.18704545,67.62,BTC-27SEP24-70000-C,62332.74,sell,0.1,0.1,,,,
595,286407760,2024-02-28 17:25:08,3,0.19,0.18704545,67.62,BTC-27SEP24-70000-C,62332.74,sell,0.2,0.2,,,,
596,286407766,2024-02-28 17:25:08,3,0.19,0.18704545,67.62,BTC-27SEP24-70000-C,62332.74,sell,0.2,0.2,,,,
597,286407767,2024-02-28 17:25:08,3,0.19,0.18704545,67.62,BTC-27SEP24-70000-C,62332.74,sell,0.1,0.1,,,,
598,286407774,2024-02-28 17:25:08,3,0.19,0.18704545,67.62,BTC-27SEP24-70000-C,62332.74,sell,0.1,0.1,,,,
599,286407809,2024-02-28 17:25:08,3,0.19,0.18704545,67.62,BTC-27SEP24-70000-C,62332.74,sell,0.1,0.1,,,,
600,286407814,2024-02-28 17:25:08,3,0.19,0.18704545,67.62,BTC-27SEP24-70000-C,62332.74,sell,0.1,0.1,,,,
601,286407825,2024-02-28 17:25:08,3,0.19,0.18704545,67.62,BTC-27SEP24-70000-C,62332.74,sell,0.4,0.4,,,,
602,286408353,2024-02-28 17:25:11,3,0.19,0.18667166,67.58,BTC-27SEP24-70000-C,62362.34,sell,3.0,3.0,,,,
603,286409121,2024-02-28 17:25:19,3,0.19,0.1870218,67.57,BTC-27SEP24-70000-C,62401.33,sell,11.0,11.0,,,,
604,286409218,2024-02-28 17:25:21,3,0.19,0.18694206,67.58,BTC-27SEP24-70000-C,62380.35,sell,11.0,11.0,,,,
605,286410045,2024-02-28 17:25:47,3,0.19,0.18742359,67.56,BTC-27SEP24-70000-C,62421.03,sell,5.0,5.0,,,,
606,286410065,2024-02-28 17:25:48,3,0.19,0.18727854,67.56,BTC-27SEP24-70000-C,62421.03,sell,5.0,5.0,,,,
607,286410183,2024-02-28 17:25:52,3,0.19,0.18676088,67.75,BTC-27SEP24-70000-C,62320.64,sell,11.0,11.0,,,,
608,286410282,2024-02-28 17:25:54,3,0.19,0.18627183,67.96,BTC-27SEP24-70000-C,62211.3,sell,3.0,3.0,,,,
609,286410297,2024-02-28 17:25:55,3,0.19,0.18613034,67.96,BTC-27SEP24-70000-C,62211.3,sell,3.8,3.8,,,,
610,286487739,2024-02-28 18:08:58,2,0.1755,0.17416504,66.48,BTC-27SEP24-70000-C,60993.39,buy,0.1,0.1,,,,
611,286487879,2024-02-28 18:09:03,3,0.1755,0.17448695,66.34,BTC-27SEP24-70000-C,61065.93,buy,0.2,0.2,,,,
612,286497054,2024-02-28 18:19:19,2,0.1675,0.16826325,64.86,BTC-27SEP24-70000-C,60417.39,buy,2.0,2.0,,,,
613,286555089,2024-02-28 20:10:19,2,0.1655,0.16460963,63.8,BTC-27SEP24-70000-C,60486.98,buy,0.1,0.1,,,,
614,286555160,2024-02-28 20:10:24,3,0.1655,0.16487064,63.73,BTC-27SEP24-70000-C,60524.28,buy,0.1,0.1,,,,
615,286555218,2024-02-28 20:10:30,3,0.1655,0.16503353,63.69,BTC-27SEP24-70000-C,60545.05,buy,0.2,0.2,,,,
616,286555382,2024-02-28 20:10:53,0,0.166,0.16509609,63.81,BTC-27SEP24-70000-C,60580.39,buy,0.1,0.1,,,,
617,286555397,2024-02-28 20:10:58,1,0.166,0.16520101,63.79,BTC-27SEP24-70000-C,60597.39,buy,0.1,0.1,,,,
618,286556573,2024-02-28 20:15:24,1,0.166,0.16546778,63.81,BTC-27SEP24-70000-C,60564.08,buy,0.4,0.4,,,,
619,286693546,2024-02-29 06:20:24,0,0.19,0.18899387,65.65,BTC-27SEP24-70000-C,63390.14,buy,2.6,2.6,,,,
620,286693547,2024-02-29 06:20:24,1,0.19,0.18899387,65.65,BTC-27SEP24-70000-C,63390.14,buy,0.5,0.5,,,,
621,286693549,2024-02-29 06:20:24,1,0.19,0.18899387,65.65,BTC-27SEP24-70000-C,63390.14,buy,0.1,0.1,,,,
622,286693550,2024-02-29 06:20:24,1,0.19,0.18899387,65.65,BTC-27SEP24-70000-C,63390.14,buy,2.3,2.3,,,,
623,286693551,2024-02-29 06:20:24,1,0.19,0.18899387,65.65,BTC-27SEP24-70000-C,63390.14,buy,0.1,0.1,,,,
624,286693575,2024-02-29 06:20:27,1,0.19,0.18920425,65.57,BTC-27SEP24-70000-C,63425.18,buy,2.5,2.5,,,,
625,286693576,2024-02-29 06:20:27,1,0.19,0.18920425,65.57,BTC-27SEP24-70000-C,63425.18,buy,0.5,0.5,,,,
626,286701671,2024-02-29 06:45:24,1,0.19,0.1897015,65.43,BTC-27SEP24-70000-C,63495.26,buy,6.4,6.4,,,,
627,286772275,2024-02-29 11:44:59,2,0.187,0.18898835,65.74,BTC-27SEP24-70000-C,62898.86,sell,0.3,0.3,,,,
628,286784764,2024-02-29 12:56:48,0,0.1875,0.18689291,66.42,BTC-27SEP24-70000-C,62672.68,buy,2.4,2.4,,,,
629,286784765,2024-02-29 12:56:48,1,0.1875,0.18689291,66.42,BTC-27SEP24-70000-C,62672.68,buy,0.2,0.2,,,,
630,286785562,2024-02-29 13:04:47,0,0.188,0.18640499,66.85,BTC-27SEP24-70000-C,62545.99,sell,0.4,0.4,,,,
631,286803161,2024-02-29 14:25:20,0,0.1915,0.19121866,66.86,BTC-27SEP24-70000-C,63038.57,buy,2.2,2.2,,,,
632,286803164,2024-02-29 14:25:20,1,0.1915,0.19121866,66.86,BTC-27SEP24-70000-C,63038.57,buy,0.2,0.2,,,,
633,286906493,2024-02-29 18:53:56,2,0.174,0.17361356,66.2,BTC-27SEP24-70000-C,60551.1,sell,0.5,0.5,,,,
634,286940636,2024-02-29 20:52:38,0,0.1835,0.18275209,66.16,BTC-27SEP24-70000-C,62225.06,sell,0.1,0.1,,,,
635,287016727,2024-03-01 05:15:49,2,0.178,0.17553975,65.6,BTC-27SEP24-70000-C,61478.79,buy,0.5,0.5,,,,
636,287021961,2024-03-01 06:12:40,2,0.174,0.17508927,64.37,BTC-27SEP24-70000-C,61448.21,buy,0.3,0.3,,,,
637,287067996,2024-03-01 10:12:54,0,0.1785,0.17893611,64.49,BTC-27SEP24-70000-C,62108.75,buy,0.1,0.1,,,,
638,287141298,2024-03-01 18:10:48,0,0.179,0.17828499,65.26,BTC-27SEP24-70000-C,61980.36,buy,0.3,0.3,,,,
639,287141305,2024-03-01 18:10:54,1,0.179,0.17832228,65.25,BTC-27SEP24-70000-C,61991.26,buy,0.3,0.3,,,,
640,287142342,2024-03-01 18:23:43,0,0.1795,0.17894861,65.24,BTC-27SEP24-70000-C,62083.51,buy,0.1,0.1,,,,
641,287142371,2024-03-01 18:23:52,1,0.1795,0.17895607,65.23,BTC-27SEP24-70000-C,62085.57,buy,0.1,0.1,,,,
642,287142386,2024-03-01 18:23:58,1,0.1795,0.1790089,65.21,BTC-27SEP24-70000-C,62096.56,buy,0.1,0.1,,,,
643,287142930,2024-03-01 18:27:58,0,0.18,0.17936332,65.27,BTC-27SEP24-70000-C,62149.78,buy,0.1,0.1,,,,
644,287142939,2024-03-01 18:28:04,1,0.18,0.17944287,65.24,BTC-27SEP24-70000-C,62162.51,buy,0.1,0.1,,,,
645,287343487,2024-03-03 08:36:27,0,0.19,0.1809132,69.12,BTC-27SEP24-70000-C,61677.41,sell,0.1,0.1,,,,
646,287394631,2024-03-03 17:24:05,0,0.199,0.19602144,69.37,BTC-27SEP24-70000-C,62832.95,buy,0.1,0.1,,,,
647,287397722,2024-03-03 17:55:19,2,0.194,0.19543541,68.17,BTC-27SEP24-70000-C,62633.27,sell,0.1,0.1,,,,
648,287434381,2024-03-04 00:19:10,0,0.2,0.19960046,68.38,BTC-27SEP24-70000-C,63450.6,buy,0.3,0.3,,,,
649,287436706,2024-03-04 00:27:56,1,0.2,0.20021314,68.11,BTC-27SEP24-70000-C,63577.44,buy,5.7,5.7,,,,
650,287436709,2024-03-04 00:27:56,1,0.2,0.20021314,67.98,BTC-27SEP24-70000-C,63594.63,buy,1.1,1.1,,,,
651,287436710,2024-03-04 00:27:56,1,0.2,0.20021314,67.98,BTC-27SEP24-70000-C,63594.63,buy,0.1,0.1,,,,
652,287437630,2024-03-04 00:28:34,1,0.2,0.20110647,67.76,BTC-27SEP24-70000-C,63671.01,buy,7.8,7.8,,,,
653,287437631,2024-03-04 00:28:34,1,0.2,0.20110647,67.76,BTC-27SEP24-70000-C,63671.01,buy,0.1,0.1,,,,
654,287523957,2024-03-04 07:19:31,0,0.2022,0.20238227,68.15,BTC-27SEP24-70000-C,63709.48,sell,50.0,50.0,,129268,,
655,287648250,2024-03-04 13:07:17,0,0.2218,0.22026283,71.08,BTC-27SEP24-70000-C,65247.01,buy,12.5,12.5,,129396,BTC-STRG-27SEP24-30000_70000,
656,287707922,2024-03-04 15:02:47,0,0.2285,0.22756237,71.42,BTC-27SEP24-70000-C,66156.34,sell,0.1,0.1,,,,
657,287719672,2024-03-04 15:30:51,0,0.23,0.22966239,71.71,BTC-27SEP24-70000-C,66262.24,buy,50.0,50.0,,129446,BTC-CS-27SEP24-70000_100000,
658,287778922,2024-03-04 17:58:55,0,0.238,0.23845935,72.66,BTC-27SEP24-70000-C,67176.44,buy,0.2,0.2,,,,
659,287779643,2024-03-04 18:00:12,2,0.237,0.23673242,72.83,BTC-27SEP24-70000-C,66929.35,buy,0.2,0.2,,,,
660,287822379,2024-03-04 20:17:42,2,0.2325,0.23632703,70.76,BTC-27SEP24-70000-C,67393.41,buy,50.0,50.0,,,,
661,287848299,2024-03-04 21:12:02,2,0.23,0.23094805,70.19,BTC-27SEP24-70000-C,67322.46,sell,0.1,0.1,,,,
662,287881682,2024-03-04 23:13:52,0,0.235,0.23494674,69.26,BTC-27SEP24-70000-C,68557.31,buy,0.1,0.1,,,,
663,288023018,2024-03-05 06:16:34,0,0.2367,0.23253145,72.33,BTC-27SEP24-70000-C,67111.11,buy,12.5,12.5,,129654,BTC-STRG-27SEP24-30000_70000,
664,288032466,2024-03-05 07:12:31,2,0.234,0.23370178,71.02,BTC-27SEP24-70000-C,67260.91,sell,0.1,0.1,,,,
665,288066777,2024-03-05 08:25:41,2,0.23,0.23058786,70.56,BTC-27SEP24-70000-C,66758.13,sell,0.1,0.1,,,,
666,288165569,2024-03-05 14:48:34,0,0.24,0.24019088,70.43,BTC-27SEP24-70000-C,68448.98,sell,0.3,0.3,,,,
667,288229997,2024-03-05 15:34:43,2,0.2285,0.22786202,70.3,BTC-27SEP24-70000-C,67017.39,buy,10.0,10.0,,,,
668,288240678,2024-03-05 15:48:18,0,0.23,0.22976546,69.7,BTC-27SEP24-70000-C,67381.84,buy,3.0,3.0,,,,
669,288289715,2024-03-05 16:30:32,2,0.22,0.22055204,69.64,BTC-27SEP24-70000-C,65875.67,buy,0.5,0.5,,,,
670,288315701,2024-03-05 17:07:49,2,0.21,0.21297963,69.31,BTC-27SEP24-70000-C,64373.49,sell,0.2,0.2,,,,
671,288339511,2024-03-05 17:22:04,0,0.2115,0.21266314,69.49,BTC-27SEP24-70000-C,64687.4,buy,0.1,0.1,,,,
672,288339543,2024-03-05 17:22:09,0,0.212,0.21284862,69.57,BTC-27SEP24-70000-C,64699.05,buy,0.2,0.2,,,,
673,288340281,2024-03-05 17:22:52,0,0.213,0.21302246,69.84,BTC-27SEP24-70000-C,64727.02,sell,0.1,0.1,,,,
674,288340282,2024-03-05 17:22:52,1,0.213,0.21302246,69.84,BTC-27SEP24-70000-C,64727.02,sell,0.4,0.4,,,,
675,288378054,2024-03-05 18:50:09,2,0.2085,0.210508,69.65,BTC-27SEP24-70000-C,64309.01,sell,1.5,1.5,,,,
676,288457825,2024-03-05 19:57:11,2,0.18,0.1819464,69.6,BTC-27SEP24-70000-C,59642.05,sell,0.1,0.1,,,,
677,288819080,2024-03-06 12:06:06,0,0.226,0.22593504,69.57,BTC-27SEP24-70000-C,67443.26,buy,1.0,1.0,,,,
678,288918898,2024-03-06 15:46:13,2,0.224,0.22264774,71.12,BTC-27SEP24-70000-C,66589.58,buy,3.0,3.0,,,,
679,288940134,2024-03-06 17:17:58,0,0.225,0.22525036,70.35,BTC-27SEP24-70000-C,66878.15,sell,3.0,3.0,,,,
680,288940135,2024-03-06 17:17:58,1,0.225,0.22525036,70.35,BTC-27SEP24-70000-C,66878.15,sell,0.6,0.6,,,,
681,288940183,2024-03-06 17:17:59,1,0.225,0.22518464,70.37,BTC-27SEP24-70000-C,66851.37,sell,3.0,3.0,,,,
682,288940184,2024-03-06 17:17:59,1,0.225,0.22518464,70.37,BTC-27SEP24-70000-C,66851.37,sell,0.4,0.4,,,,
683,288942224,2024-03-06 17:25:00,1,0.225,0.22590396,70.27,BTC-27SEP24-70000-C,66916.5,sell,0.1,0.1,,,,
684,288942270,2024-03-06 17:25:05,1,0.225,0.22590977,70.3,BTC-27SEP24-70000-C,66902.95,sell,0.1,0.1,,,,
685,288942709,2024-03-06 17:26:06,1,0.225,0.22598801,70.26,BTC-27SEP24-70000-C,66926.12,sell,0.1,0.1,,,,
686,288943361,2024-03-06 17:28:19,1,0.225,0.22614769,70.21,BTC-27SEP24-70000-C,66941.26,sell,0.1,0.1,,,,
687,288944946,2024-03-06 17:30:57,1,0.225,0.22544257,70.42,BTC-27SEP24-70000-C,66828.51,sell,2.6,2.6,,,,
688,289000276,2024-03-06 21:17:29,1,0.225,0.22489099,70.39,BTC-27SEP24-70000-C,66716.11,buy,0.5,0.5,,,,
689,289042920,2024-03-07 00:26:15,2,0.22,0.22107168,70.02,BTC-27SEP24-70000-C,65854.29,sell,2.5,2.5,,,,
690,289042921,2024-03-07 00:26:15,3,0.22,0.22107168,70.02,BTC-27SEP24-70000-C,65854.29,sell,0.5,0.5,,,,
691,289045158,2024-03-07 00:38:49,0,0.2245,0.22205103,71.16,BTC-27SEP24-70000-C,66109.13,sell,3.1,3.1,,,,
692,289586140,2024-03-08 18:39:38,0,0.231,0.23117912,69.71,BTC-27SEP24-70000-C,68516.69,buy,2.5,2.5,,,,
693,289586141,2024-03-08 18:39:38,1,0.231,0.23117912,69.71,BTC-27SEP24-70000-C,68516.69,buy,0.6,0.6,,,,
694,289586142,2024-03-08 18:39:38,0,0.2315,0.23117912,69.89,BTC-27SEP24-70000-C,68516.69,buy,3.0,3.0,,,,
695,289778805,2024-03-10 06:56:32,0,0.2455,0.24511037,72.27,BTC-27SEP24-70000-C,69468.6,sell,0.1,0.1,M,,,
696,289847591,2024-03-10 17:06:45,0,0.258,0.25040719,75.66,BTC-27SEP24-70000-C,69509.4,buy,7.0,7.0,,,,
697,289847592,2024-03-10 17:06:45,1,0.258,0.25040719,75.66,BTC-27SEP24-70000-C,69509.4,sell,3.0,3.0,,,,
698,289847600,2024-03-10 17:07:01,1,0.258,0.25062216,75.62,BTC-27SEP24-70000-C,69534.36,buy,7.0,7.0,,,,
699,289847601,2024-03-10 17:07:01,1,0.258,0.25062216,75.62,BTC-27SEP24-70000-C,69534.36,sell,3.0,3.0,,,,
700,290111595,2024-03-11 12:56:38,0,0.2775,0.27306099,75.94,BTC-27SEP24-70000-C,71989.43,buy,1.2,1.2,,,,
701,290111596,2024-03-11 12:56:38,1,0.2775,0.27306099,75.94,BTC-27SEP24-70000-C,71989.43,sell,0.8,0.8,,,,
702,290236182,2024-03-11 19:28:30,0,0.279,0.27862581,76.02,BTC-27SEP24-70000-C,72500.73,sell,0.2,0.2,,,,
703,291087389,2024-03-14 19:21:41,2,0.262,0.26222794,76.93,BTC-27SEP24-70000-C,69622.56,sell,0.1,0.1,,,,
704,291355125,2024-03-15 07:57:45,0,0.2625,0.25934854,80.27,BTC-27SEP24-70000-C,68459.16,buy,0.1,0.1,,,,
705,291375716,2024-03-15 08:45:54,2,0.25,0.25037629,78.27,BTC-27SEP24-70000-C,67370.53,sell,2.0,2.0,,,,
706,291416781,2024-03-15 09:36:35,3,0.25,0.24905046,79.19,BTC-27SEP24-70000-C,67176.35,sell,13.8,13.8,,132166,,
707,291430310,2024-03-15 10:26:01,0,0.258,0.25356146,81.0,BTC-27SEP24-70000-C,67775.64,buy,0.2,0.2,,,,
708,291702469,2024-03-16 17:46:29,2,0.25,0.25013671,78.18,BTC-27SEP24-70000-C,67462.14,sell,1.0,1.0,,,,
709,291965647,2024-03-17 19:38:16,0,0.259,0.25733323,79.88,BTC-27SEP24-70000-C,68194.45,sell,0.1,0.1,,,,
710,291965693,2024-03-17 19:39:45,1,0.259,0.25751952,79.88,BTC-27SEP24-70000-C,68192.61,sell,0.1,0.1,,,,
711,291965856,2024-03-17 19:43:08,0,0.26,0.25840085,79.94,BTC-27SEP24-70000-C,68329.35,sell,0.1,0.1,,,,
712,292006233,2024-03-18 01:04:53,2,0.25,0.24951451,79.89,BTC-27SEP24-70000-C,66796.93,sell,0.1,0.1,,,,
713,292027418,2024-03-18 04:19:29,0,0.257,0.25603878,80.39,BTC-27SEP24-70000-C,67767.98,sell,1.1,1.1,,,,
714,292027578,2024-03-18 04:22:48,0,0.258,0.25697395,80.61,BTC-27SEP24-70000-C,67840.76,sell,6.0,6.0,,,,
715,292027579,2024-03-18 04:22:48,1,0.258,0.25697395,80.61,BTC-27SEP24-70000-C,67840.76,sell,1.1,1.1,,,,
716,292027580,2024-03-18 04:22:48,1,0.258,0.25697395,80.61,BTC-27SEP24-70000-C,67840.76,sell,2.9,2.9,,,,
717,292028006,2024-03-18 04:27:01,0,0.259,0.25842449,80.66,BTC-27SEP24-70000-C,67981.67,sell,3.9,3.9,,,,
718,292098281,2024-03-18 13:44:00,2,0.254,0.25273918,79.96,BTC-27SEP24-70000-C,67635.91,sell,0.5,0.5,,,,
719,292225383,2024-03-19 01:40:53,2,0.2395,0.23796516,79.84,BTC-27SEP24-70000-C,66001.47,buy,1.5,1.5,,,,
720,292273208,2024-03-19 04:43:32,2,0.2355,0.23422122,79.96,BTC-27SEP24-70000-C,65323.66,buy,0.1,0.1,,,,
721,292278667,2024-03-19 05:13:02,2,0.2345,0.23564065,79.83,BTC-27SEP24-70000-C,65167.07,sell,0.2,0.2,,,,
722,292351960,2024-03-19 08:56:20,2,0.2235,0.22286555,80.33,BTC-27SEP24-70000-C,63279.12,sell,0.4,0.4,,,,
723,292366958,2024-03-19 09:19:01,0,0.226,0.22528366,80.42,BTC-27SEP24-70000-C,63676.98,sell,1.0,1.0,,,,
724,292368188,2024-03-19 09:21:53,1,0.226,0.22519001,80.63,BTC-27SEP24-70000-C,63617.72,sell,0.5,0.5,,,,
725,292368386,2024-03-19 09:22:25,2,0.2255,0.22508271,80.51,BTC-27SEP24-70000-C,63542.71,sell,5.0,5.0,,,,
726,292369989,2024-03-19 09:30:15,3,0.2255,0.22635233,80.26,BTC-27SEP24-70000-C,63650.06,sell,5.0,5.0,,,,
727,292391309,2024-03-19 10:35:06,2,0.2235,0.22318556,80.73,BTC-27SEP24-70000-C,63099.7,sell,4.1,4.1,,,,
728,292392601,2024-03-19 10:40:58,3,0.2235,0.22335014,80.75,BTC-27SEP24-70000-C,63066.56,sell,0.9,0.9,,,,
729,292401725,2024-03-19 11:08:11,3,0.2235,0.22217376,81.06,BTC-27SEP24-70000-C,62944.96,buy,0.1,0.1,,,,
730,292459497,2024-03-19 14:32:51,2,0.218,0.21895236,80.69,BTC-27SEP24-70000-C,62424.12,sell,0.1,0.1,,,,
731,292460029,2024-03-19 14:32:59,3,0.218,0.2185236,80.84,BTC-27SEP24-70000-C,62372.01,sell,0.4,0.4,,,,
732,292460366,2024-03-19 14:33:27,3,0.218,0.21864595,80.8,BTC-27SEP24-70000-C,62369.94,sell,0.2,0.2,,,,
733,292460504,2024-03-19 14:33:56,3,0.218,0.21864749,80.79,BTC-27SEP24-70000-C,62380.35,sell,0.2,0.2,,,,
734,292572841,2024-03-19 23:02:26,3,0.218,0.21822865,80.46,BTC-27SEP24-70000-C,62463.08,sell,0.1,0.1,,,,
735,292645696,2024-03-20 04:18:29,2,0.2175,0.2160929,81.31,BTC-27SEP24-70000-C,62142.88,sell,10.0,10.0,,,,
736,292646418,2024-03-20 04:22:31,2,0.2165,0.21507823,81.37,BTC-27SEP24-70000-C,61938.57,sell,1.0,1.0,,,,
737,292646636,2024-03-20 04:23:42,3,0.2165,0.21517114,81.44,BTC-27SEP24-70000-C,61920.94,sell,0.2,0.2,,,,
738,292646645,2024-03-20 04:23:45,3,0.2165,0.21493912,81.52,BTC-27SEP24-70000-C,61888.24,sell,1.0,1.0,,,,
739,292646695,2024-03-20 04:24:07,3,0.2165,0.21491451,81.54,BTC-27SEP24-70000-C,61880.9,sell,6.0,6.0,,,,
740,292646701,2024-03-20 04:24:08,3,0.2165,0.21489479,81.55,BTC-27SEP24-70000-C,61877.81,sell,0.5,0.5,,,,
741,292646803,2024-03-20 04:24:26,3,0.2165,0.2148159,81.61,BTC-27SEP24-70000-C,61842.43,sell,1.3,1.3,,,,
742,292779058,2024-03-20 14:15:20,0,0.2265,0.22699303,81.2,BTC-27SEP24-70000-C,63926.8,buy,2.0,2.0,,,,
743,292779083,2024-03-20 14:15:33,1,0.2265,0.22707864,81.16,BTC-27SEP24-70000-C,63940.42,buy,2.0,2.0,,,,
744,292813969,2024-03-20 16:34:16,2,0.2185,0.21705763,81.68,BTC-27SEP24-70000-C,62437.85,buy,3.0,3.0,,,,
745,292871564,2024-03-20 19:08:15,0,0.2355,0.23725046,79.99,BTC-27SEP24-70000-C,65448.11,sell,1.1,1.1,,,,
746,292966560,2024-03-20 22:55:40,0,0.2535,0.25411557,81.34,BTC-27SEP24-70000-C,67536.12,buy,2.5,2.5,,,,
747,292966585,2024-03-20 22:55:48,1,0.2535,0.25420609,81.3,BTC-27SEP24-70000-C,67550.09,buy,2.0,2.0,,,,
748,292966586,2024-03-20 22:55:49,1,0.2535,0.25420609,81.3,BTC-27SEP24-70000-C,67550.09,buy,0.4,0.4,,,,
749,292966599,2024-03-20 22:55:51,1,0.2535,0.25417912,81.3,BTC-27SEP24-70000-C,67549.62,buy,2.0,2.0,,,,
750,292966600,2024-03-20 22:55:51,1,0.2535,0.25417912,81.3,BTC-27SEP24-70000-C,67549.62,buy,0.4,0.4,,,,
751,292966603,2024-03-20 22:55:55,1,0.2535,0.25418358,81.28,BTC-27SEP24-70000-C,67558.81,buy,2.0,2.0,,,,
752,292966605,2024-03-20 22:55:58,1,0.2535,0.25418211,81.28,BTC-27SEP24-70000-C,67559.98,buy,0.7,0.7,,,,
753,292967879,2024-03-20 23:02:50,1,0.2535,0.25386712,81.42,BTC-27SEP24-70000-C,67478.42,buy,1.0,1.0,,,,
754,292968284,2024-03-20 23:05:04,1,0.2535,0.25416458,81.16,BTC-27SEP24-70000-C,67582.04,buy,2.0,2.0,,,,
755,292968286,2024-03-20 23:05:05,1,0.2535,0.25416458,81.16,BTC-27SEP24-70000-C,67582.04,buy,0.1,0.1,,,,
756,292968313,2024-03-20 23:05:14,1,0.2535,0.25432598,81.09,BTC-27SEP24-70000-C,67618.25,buy,1.9,1.9,,,,
757,292970088,2024-03-20 23:14:24,0,0.255,0.25463991,81.11,BTC-27SEP24-70000-C,67864.13,buy,5.0,5.0,,,,
758,292996257,2024-03-21 00:59:39,2,0.2525,0.25384842,80.47,BTC-27SEP24-70000-C,67673.62,sell,1.2,1.2,,,,
759,292996258,2024-03-21 00:59:39,3,0.2525,0.25384842,80.47,BTC-27SEP24-70000-C,67673.62,sell,2.2,2.2,,,,
760,292996259,2024-03-21 00:59:39,3,0.2525,0.25384842,80.47,BTC-27SEP24-70000-C,67673.62,buy,1.8,1.8,,,,
761,292997506,2024-03-21 01:10:27,0,0.254,0.25382343,80.61,BTC-27SEP24-70000-C,67875.34,buy,0.3,0.3,,,,
762,293023480,2024-03-21 03:54:35,2,0.2435,0.24179813,80.45,BTC-27SEP24-70000-C,66431.73,buy,0.1,0.1,,,,
763,293042777,2024-03-21 06:06:55,0,0.2505,0.248839,81.21,BTC-27SEP24-70000-C,67273.49,sell,0.4,0.4,,,,
764,293102354,2024-03-21 13:32:21,0,0.252,0.25029372,81.87,BTC-27SEP24-70000-C,67437.39,sell,0.6,0.6,,,,
765,293107760,2024-03-21 13:51:14,2,0.2475,0.2472302,81.68,BTC-27SEP24-70000-C,66781.39,sell,2.4,2.4,,,,
766,293144053,2024-03-21 17:26:18,2,0.244,0.2441942,81.47,BTC-27SEP24-70000-C,66292.82,sell,0.3,0.3,,,,
767,293228575,2024-03-22 02:00:57,2,0.239,0.23644246,82.18,BTC-27SEP24-70000-C,65279.93,sell,50.0,50.0,,133523,,
768,293404920,2024-03-22 17:11:31,2,0.2225,0.22188215,80.82,BTC-27SEP24-70000-C,63460.57,sell,5.0,5.0,,,,
769,293446195,2024-03-22 21:38:28,2,0.2127,0.21505822,79.24,BTC-27SEP24-70000-C,62529.13,sell,50.0,50.0,,133703,,
770,293537660,2024-03-23 12:03:55,0,0.228,0.22692798,80.21,BTC-27SEP24-70000-C,64597.52,sell,0.4,0.4,,,,
771,293547125,2024-03-23 14:20:50,2,0.2215,0.22578328,77.95,BTC-27SEP24-70000-C,64638.68,sell,0.1,0.1,,,,
772,293812820,2024-03-25 14:11:25,0,0.25,0.24940975,79.9,BTC-27SEP24-70000-C,68709.22,buy,0.2,0.2,,,,
773,293888160,2024-03-25 17:35:09,0,0.2685,0.26595137,81.24,BTC-27SEP24-70000-C,70692.76,buy,1.0,1.0,,,,
774,293980742,2024-03-26 03:51:16,2,0.263,0.26328895,79.69,BTC-27SEP24-70000-C,70490.2,buy,1.0,1.0,,,,
775,293983028,2024-03-26 04:14:32,0,0.264,0.26449851,79.77,BTC-27SEP24-70000-C,70641.95,buy,1.0,1.0,,,,
776,294041287,2024-03-26 11:54:36,2,0.263,0.26412443,79.14,BTC-27SEP24-70000-C,70703.74,buy,1.0,1.0,,,,
777,294091836,2024-03-26 14:58:37,2,0.262,0.25934025,81.08,BTC-27SEP24-70000-C,70327.98,buy,0.8,0.8,,,,
778,294105871,2024-03-26 16:03:08,2,0.2615,0.26006527,80.4,BTC-27SEP24-70000-C,70499.64,sell,0.5,0.5,,,,
779,294473166,2024-03-28 15:24:20,0,0.268,0.26607069,81.04,BTC-27SEP24-70000-C,71345.48,buy,0.1,0.1,,,,
780,294567124,2024-03-29 07:58:23,2,0.2525,0.25505693,78.25,BTC-27SEP24-70000-C,69819.01,sell,1.2,1.2,,,,
781,294567125,2024-03-29 07:58:23,2,0.2495,0.25505693,77.08,BTC-27SEP24-70000-C,69819.01,sell,6.0,6.0,,,,
782,294567126,2024-03-29 07:58:23,2,0.249,0.25505693,76.89,BTC-27SEP24-70000-C,69819.01,buy,42.8,42.8,,,,
783,294808482,2024-03-31 23:45:04,0,0.2735,0.27309809,80.78,BTC-27SEP24-70000-C,71275.52,sell,6.0,6.0,,,,
784,294808523,2024-03-31 23:45:19,1,0.2735,0.27334138,80.8,BTC-27SEP24-70000-C,71265.38,sell,3.7,3.7,,,,
785,294808524,2024-03-31 23:45:19,1,0.2735,0.27334138,80.8,BTC-27SEP24-70000-C,71265.38,sell,0.3,0.3,,,,
786,294825533,2024-04-01 03:02:31,2,0.2715,0.26839244,81.58,BTC-27SEP24-70000-C,70897.73,sell,0.2,0.2,,,,
787,294883608,2024-04-01 13:50:59,2,0.26,0.25968002,79.96,BTC-27SEP24-70000-C,70037.79,sell,0.5,0.5,,,,
788,294887972,2024-04-01 14:19:22,2,0.258,0.25818366,79.76,BTC-27SEP24-70000-C,69721.53,sell,1.0,1.0,,,,
789,295073182,2024-04-02 09:03:22,2,0.232,0.23188509,79.99,BTC-27SEP24-70000-C,66164.81,sell,0.5,0.5,,,,
790,295108803,2024-04-02 11:47:38,2,0.2245,0.22613112,79.25,BTC-27SEP24-70000-C,65441.37,sell,0.1,0.1,,,,
791,295125066,2024-04-02 13:24:17,2,0.2235,0.2219322,79.91,BTC-27SEP24-70000-C,64915.05,buy,0.4,0.4,,,,
792,295361462,2024-04-04 02:27:07,2,0.22,0.22256137,77.55,BTC-27SEP24-70000-C,65796.94,sell,0.1,0.1,,,,
793,295362813,2024-04-04 02:33:52,2,0.2195,0.22151053,77.61,BTC-27SEP24-70000-C,65699.1,sell,0.1,0.1,,,,
794,295445766,2024-04-04 16:43:24,0,0.235,0.23539567,77.69,BTC-27SEP24-70000-C,67955.93,buy,0.1,0.1,,,,
795,295445774,2024-04-04 16:43:45,1,0.235,0.23533007,77.74,BTC-27SEP24-70000-C,67937.46,buy,0.1,0.1,,,,
796,295445808,2024-04-04 16:43:54,1,0.235,0.23545951,77.68,BTC-27SEP24-70000-C,67964.09,buy,0.1,0.1,,,,
797,295628174,2024-04-05 16:23:20,2,0.2325,0.23318083,78.25,BTC-27SEP24-70000-C,68014.31,sell,2.2,2.2,,,,
798,295628175,2024-04-05 16:23:20,3,0.2325,0.23318083,78.25,BTC-27SEP24-70000-C,68014.31,sell,3.0,3.0,,,,
799,295980940,2024-04-08 19:36:31,0,0.2585,0.25720687,79.1,BTC-27SEP24-70000-C,71799.94,sell,1.0,1.0,,,,
800,295980959,2024-04-08 19:36:36,1,0.2585,0.25732656,79.06,BTC-27SEP24-70000-C,71816.78,sell,2.0,2.0,,,,
801,296183912,2024-04-10 07:11:28,2,0.2395,0.23848228,78.89,BTC-27SEP24-70000-C,69442.99,sell,6.0,6.0,,,,
802,296197406,2024-04-10 10:01:19,2,0.2355,0.2367506,77.9,BTC-27SEP24-70000-C,69138.24,sell,0.4,0.4,,,,
803,296419612,2024-04-11 13:55:38,0,0.237,0.23642568,76.81,BTC-27SEP24-70000-C,70160.56,buy,2.7,2.7,,,,
804,296549830,2024-04-12 13:30:35,2,0.2285,0.22894146,74.86,BTC-27SEP24-70000-C,70159.94,buy,1.0,1.0,,,,
805,296549863,2024-04-12 13:30:57,0,0.229,0.22909152,75.01,BTC-27SEP24-70000-C,70176.3,buy,0.1,0.1,,,,
806,296556013,2024-04-12 13:59:52,2,0.2265,0.22678945,74.85,BTC-27SEP24-70000-C,69855.98,buy,0.1,0.1,,,,
807,296556343,2024-04-12 14:01:15,0,0.227,0.22694533,74.96,BTC-27SEP24-70000-C,69889.2,buy,0.1,0.1,,,,
808,296556438,2024-04-12 14:01:58,1,0.227,0.2273789,74.77,BTC-27SEP24-70000-C,69968.79,buy,0.1,0.1,,,,
809,296556459,2024-04-12 14:02:11,0,0.2275,0.22748129,74.93,BTC-27SEP24-70000-C,69989.94,buy,0.1,0.1,,,,
810,296556733,2024-04-12 14:04:28,1,0.2275,0.22783787,74.75,BTC-27SEP24-70000-C,70037.91,buy,0.1,0.1,,,,
811,296559215,2024-04-12 14:19:40,2,0.226,0.22579632,74.86,BTC-27SEP24-70000-C,69759.69,buy,0.1,0.1,,,,
812,296559331,2024-04-12 14:20:08,0,0.2265,0.22604277,74.98,BTC-27SEP24-70000-C,69809.39,buy,0.5,0.5,,,,
813,296559500,2024-04-12 14:20:55,0,0.227,0.22662905,74.93,BTC-27SEP24-70000-C,69887.37,buy,0.1,0.1,,,,
814,296577320,2024-04-12 16:19:33,2,0.2205,0.22076321,74.86,BTC-27SEP24-70000-C,68892.83,sell,2.3,2.3,,,,
815,296586415,2024-04-12 17:05:30,2,0.2175,0.21851693,74.61,BTC-27SEP24-70000-C,68602.36,sell,0.4,0.4,,,,
816,296586653,2024-04-12 17:05:35,3,0.2175,0.21832929,74.63,BTC-27SEP24-70000-C,68578.98,sell,0.4,0.4,,,,
817,296586832,2024-04-12 17:05:39,3,0.2175,0.21814842,74.77,BTC-27SEP24-70000-C,68523.1,sell,0.4,0.4,,,,
818,296658761,2024-04-12 19:07:03,2,0.203,0.20259169,74.74,BTC-27SEP24-70000-C,66676.09,buy,1.0,1.0,,,,
819,296748592,2024-04-13 11:07:09,0,0.207,0.20509683,73.92,BTC-27SEP24-70000-C,67588.76,buy,0.1,0.1,,,,
820,296772182,2024-04-13 17:16:14,2,0.204,0.20422721,74.51,BTC-27SEP24-70000-C,66943.17,sell,0.1,0.1,,,,
821,296815045,2024-04-13 20:02:45,2,0.186,0.18568327,75.52,BTC-27SEP24-70000-C,63856.29,sell,0.6,0.6,,,,
822,296815067,2024-04-13 20:02:47,3,0.186,0.185681,75.58,BTC-27SEP24-70000-C,63804.23,sell,0.4,0.4,,,,
823,296821111,2024-04-13 20:07:25,2,0.1835,0.18242966,75.98,BTC-27SEP24-70000-C,63324.8,sell,0.1,0.1,,,,
824,296822740,2024-04-13 20:07:44,2,0.18,0.1795147,76.05,BTC-27SEP24-70000-C,62765.66,sell,0.5,0.5,,,,
825,296977987,2024-04-13 23:28:52,0,0.1915,0.1917532,76.97,BTC-27SEP24-70000-C,64491.25,sell,0.3,0.3,,,,
826,296986816,2024-04-13 23:55:21,2,0.187,0.1883213,75.93,BTC-27SEP24-70000-C,64229.53,buy,0.3,0.3,,,,
827,297141548,2024-04-14 17:13:04,0,0.1885,0.18790133,77.24,BTC-27SEP24-70000-C,64018.93,sell,0.5,0.5,,,,
828,297210636,2024-04-14 23:41:32,0,0.195,0.19693953,75.64,BTC-27SEP24-70000-C,65659.92,buy,0.1,0.1,,,,
829,297320776,2024-04-15 13:08:35,0,0.199,0.19891491,75.88,BTC-27SEP24-70000-C,66167.47,sell,0.2,0.2,,,,
830,297321128,2024-04-15 13:11:30,2,0.198,0.19915447,75.38,BTC-27SEP24-70000-C,66219.38,sell,1.0,1.0,,,,
831,297338968,2024-04-15 14:46:34,2,0.1885,0.18837303,75.3,BTC-27SEP24-70000-C,64775.87,sell,0.1,0.1,,,,
832,297364678,2024-04-15 16:10:44,2,0.186,0.18725424,74.68,BTC-27SEP24-70000-C,64704.7,sell,3.0,3.0,,,,
833,297376529,2024-04-15 17:25:19,2,0.183,0.18351662,75.0,BTC-27SEP24-70000-C,64125.39,sell,1.0,1.0,,,,
834,297404179,2024-04-15 19:06:03,2,0.175,0.17506712,75.55,BTC-27SEP24-70000-C,62551.08,sell,0.1,0.1,,,,
835,297404180,2024-04-15 19:06:03,3,0.175,0.17506712,75.55,BTC-27SEP24-70000-C,62551.08,sell,0.1,0.1,,,,
836,297423406,2024-04-15 20:36:20,0,0.18,0.17987056,75.83,BTC-27SEP24-70000-C,63277.13,sell,0.2,0.2,,,,
837,297423473,2024-04-15 20:36:32,1,0.18,0.17979812,75.85,BTC-27SEP24-70000-C,63268.32,sell,0.1,0.1,,,,
838,297423515,2024-04-15 20:36:39,1,0.18,0.17963679,75.95,BTC-27SEP24-70000-C,63221.1,sell,0.1,0.1,,,,
839,297423535,2024-04-15 20:36:47,1,0.18,0.17960695,75.93,BTC-27SEP24-70000-C,63237.06,sell,0.1,0.1,,,,
840,297423552,2024-04-15 20:36:52,1,0.18,0.17965184,75.91,BTC-27SEP24-70000-C,63249.03,sell,0.1,0.1,,,,
841,297423980,2024-04-15 20:41:07,2,0.1795,0.179382,75.84,BTC-27SEP24-70000-C,63188.27,sell,0.5,0.5,,,,
842,297424109,2024-04-15 20:42:13,0,0.18,0.17947368,76.02,BTC-27SEP24-70000-C,63203.65,sell,0.3,0.3,,,,
843,297429184,2024-04-15 21:34:48,2,0.1765,0.17762357,75.56,BTC-27SEP24-70000-C,62863.77,sell,1.8,1.8,,,,
844,297442304,2024-04-16 00:16:03,0,0.1816,0.18217697,75.56,BTC-27SEP24-70000-C,63649.9,buy,0.2,0.2,,,BTC-CSR12-27SEP24-50000_70000,297442302
845,297478404,2024-04-16 04:46:17,2,0.1735,0.1717811,76.75,BTC-27SEP24-70000-C,61861.81,sell,0.3,0.3,,,,
846,297478409,2024-04-16 04:46:17,3,0.1735,0.1717811,76.75,BTC-27SEP24-70000-C,61861.81,sell,0.3,0.3,,,,
847,297577980,2024-04-16 14:22:34,0,0.176,0.17619119,75.66,BTC-27SEP24-70000-C,62804.22,sell,0.1,0.1,,,,
848,297577999,2024-04-16 14:22:39,1,0.176,0.17601635,75.71,BTC-27SEP24-70000-C,62787.17,sell,0.3,0.3,,,,
849,297578017,2024-04-16 14:22:45,1,0.176,0.17589968,75.79,BTC-27SEP24-70000-C,62762.11,sell,1.0,1.0,,,,
850,297578031,2024-04-16 14:22:50,1,0.176,0.17597032,75.73,BTC-27SEP24-70000-C,62784.24,sell,0.1,0.1,,,,
851,297578035,2024-04-16 14:22:57,1,0.176,0.17587309,75.78,BTC-27SEP24-70000-C,62764.8,sell,0.2,0.2,,,,
852,297578045,2024-04-16 14:23:03,1,0.176,0.17593532,75.79,BTC-27SEP24-70000-C,62760.08,sell,0.3,0.3,,,,
853,297578046,2024-04-16 14:23:03,1,0.176,0.17593532,75.79,BTC-27SEP24-70000-C,62760.08,sell,0.2,0.2,,,,
854,297581053,2024-04-16 14:36:32,2,0.1745,0.17353642,76.27,BTC-27SEP24-70000-C,62338.77,buy,1.0,1.0,,,,
855,297582209,2024-04-16 14:40:57,2,0.1738,0.17345101,76.09,BTC-27SEP24-70000-C,62304.86,buy,30.0,30.0,,136991,BTC-CS-27SEP24-70000_95000,
856,297600623,2024-04-16 16:02:12,2,0.1715,0.1713201,76.38,BTC-27SEP24-70000-C,61856.58,buy,1.0,1.0,,,,
857,297600625,2024-04-16 16:02:13,3,0.1715,0.1713369,76.37,BTC-27SEP24-70000-C,61859.51,buy,1.0,1.0,,,,
858,297603494,2024-04-16 16:19:25,2,0.171,0.17141067,76.16,BTC-27SEP24-70000-C,61859.93,sell,0.1,0.1,,,,
859,297616929,2024-04-16 17:24:54,0,0.1785,0.17804473,76.38,BTC-27SEP24-70000-C,63042.3,buy,1.0,1.0,,,,
860,297617003,2024-04-16 17:25:11,0,0.179,0.17850161,76.37,BTC-27SEP24-70000-C,63148.24,buy,1.0,1.0,,,,
861,297625297,2024-04-16 18:10:57,2,0.177,0.17672137,76.19,BTC-27SEP24-70000-C,62916.35,buy,1.0,1.0,,,,
862,297643773,2024-04-16 21:34:35,0,0.1835,0.18315629,76.33,BTC-27SEP24-70000-C,63928.23,buy,0.1,0.1,,,,
863,297655073,2024-04-16 23:05:55,2,0.18,0.18063685,75.35,BTC-27SEP24-70000-C,63721.35,buy,2.0,2.0,,,,
864,297657992,2024-04-17 00:05:59,3,0.18,0.18023285,75.24,BTC-27SEP24-70000-C,63752.99,buy,7.0,7.0,,,,
865,297725304,2024-04-17 12:36:42,2,0.17,0.17040837,74.96,BTC-27SEP24-70000-C,62341.21,sell,0.1,0.1,,,,
866,297741014,2024-04-17 14:06:23,2,0.165,0.16541305,73.83,BTC-27SEP24-70000-C,62088.62,sell,0.1,0.1,,,,
867,297749822,2024-04-17 14:23:14,2,0.16,0.15996793,74.04,BTC-27SEP24-70000-C,61250.08,sell,0.1,0.1,,,,
868,297777613,2024-04-17 15:20:12,2,0.1581,0.15689067,74.67,BTC-27SEP24-70000-C,60888.73,buy,12.5,12.5,,137230,BTC-CS-27SEP24-70000_90000,
869,297800588,2024-04-17 15:47:25,2,0.1535,0.1530895,74.91,BTC-27SEP24-70000-C,60289.54,sell,0.1,0.1,,,,
870,297867430,2024-04-17 20:33:35,0,0.162,0.16023253,75.45,BTC-27SEP24-70000-C,61309.29,buy,0.5,0.5,,,,
871,297869042,2024-04-17 20:51:04,2,0.1565,0.15794745,74.32,BTC-27SEP24-70000-C,60897.0,sell,0.5,0.5,,,,
872,298025339,2024-04-18 17:42:57,0,0.1675,0.16631356,72.69,BTC-27SEP24-70000-C,63225.13,buy,0.1,0.1,,,,
873,298047237,2024-04-18 20:44:30,0,0.169,0.16883199,72.53,BTC-27SEP24-70000-C,63543.17,sell,1.0,1.0,,,,
874,298089918,2024-04-19 01:47:45,2,0.155,0.15492172,73.33,BTC-27SEP24-70000-C,60964.07,sell,0.1,0.1,,,,
875,298102193,2024-04-19 02:19:25,2,0.1505,0.15007015,73.46,BTC-27SEP24-70000-C,60180.63,buy,0.1,0.1,,,,
876,298240412,2024-04-19 09:47:14,0,0.1795,0.18006542,73.1,BTC-27SEP24-70000-C,64892.1,sell,0.4,0.4,,,,
877,298243412,2024-04-19 10:07:02,0,0.181,0.18103812,73.17,BTC-27SEP24-70000-C,65118.12,buy,0.1,0.1,,,,
878,298268082,2024-04-19 12:38:48,1,0.181,0.18188084,73.12,BTC-27SEP24-70000-C,65203.01,sell,0.2,0.2,,,,
879,298300517,2024-04-19 15:04:40,2,0.1752,0.17534486,72.79,BTC-27SEP24-70000-C,64439.4,buy,12.5,12.5,,137737,BTC-CS-27SEP24-70000_75000,
880,298300644,2024-04-19 15:05:43,3,0.1752,0.17543614,72.73,BTC-27SEP24-70000-C,64460.36,buy,12.5,12.5,,137738,BTC-CS-27SEP24-70000_75000,
881,298301004,2024-04-19 15:08:33,3,0.1752,0.17647175,72.35,BTC-27SEP24-70000-C,64628.0,buy,12.5,12.5,,137739,BTC-CS-27SEP24-70000_75000,
882,298301033,2024-04-19 15:08:52,3,0.1752,0.17669435,72.29,BTC-27SEP24-70000-C,64648.67,buy,37.5,37.5,,137740,BTC-CS-27SEP24-70000_75000,
883,298325193,2024-04-19 17:04:04,2,0.1715,0.17142931,72.85,BTC-27SEP24-70000-C,64083.69,sell,1.0,1.0,,,,
884,298343927,2024-04-19 18:53:59,2,0.1685,0.16941161,71.62,BTC-27SEP24-70000-C,64179.3,sell,3.0,3.0,,,,
885,298344030,2024-04-19 18:54:11,3,0.1685,0.1690032,71.72,BTC-27SEP24-70000-C,64145.75,buy,1.7,1.7,,,,
886,298344031,2024-04-19 18:54:11,3,0.1685,0.1690032,71.72,BTC-27SEP24-70000-C,64145.75,buy,0.3,0.3,,,,
887,298482503,2024-04-20 23:15:20,0,0.176,0.17492363,73.01,BTC-27SEP24-70000-C,64807.24,buy,5.0,5.0,,,BTC-CCAL-27SEP24_28JUN24-70000,298482502
888,298482556,2024-04-20 23:16:27,0,0.1761,0.17494984,73.04,BTC-27SEP24-70000-C,64807.61,buy,5.0,5.0,,,BTC-CCAL-27SEP24_28JUN24-70000,298482555
889,298482587,2024-04-20 23:17:13,0,0.1762,0.17501229,73.07,BTC-27SEP24-70000-C,64805.32,buy,5.0,5.0,,,BTC-CCAL-27SEP24_28JUN24-70000,298482585
890,298482608,2024-04-20 23:17:20,1,0.1762,0.17501594,73.05,BTC-27SEP24-70000-C,64814.84,sell,5.0,5.0,,,BTC-CCAL-27SEP24_28JUN24-70000,298482607
891,298482877,2024-04-20 23:20:44,0,0.1767,0.17543849,73.11,BTC-27SEP24-70000-C,64887.38,buy,5.0,5.0,,,BTC-CCAL-27SEP24_28JUN24-70000,298482876
892,298520485,2024-04-21 09:29:44,0,0.178,0.18406846,73.09,BTC-27SEP24-70000-C,64953.38,sell,0.4,0.4,,,,
893,298524902,2024-04-21 11:20:45,0,0.182,0.17971246,73.55,BTC-27SEP24-70000-C,65382.3,buy,0.1,0.1,,,,
894,298569246,2024-04-21 23:06:18,2,0.177,0.17850408,72.84,BTC-27SEP24-70000-C,64978.77,sell,0.1,0.1,,,,
895,298595137,2024-04-22 03:45:07,0,0.183,0.18343944,72.97,BTC-27SEP24-70000-C,65740.2,sell,0.1,0.1,,,,
896,298598360,2024-04-22 03:50:08,0,0.1845,0.18465145,73.0,BTC-27SEP24-70000-C,65969.0,sell,0.1,0.1,,,,
897,298599538,2024-04-22 03:52:50,0,0.185,0.18473471,73.12,BTC-27SEP24-70000-C,66009.54,sell,0.1,0.1,,,,
898,298600430,2024-04-22 03:57:07,1,0.185,0.1848569,73.08,BTC-27SEP24-70000-C,66017.85,sell,0.1,0.1,,,,
899,298600509,2024-04-22 03:57:30,2,0.1845,0.18469,72.97,BTC-27SEP24-70000-C,65991.08,sell,0.1,0.1,,,,
900,298600689,2024-04-22 03:58:07,2,0.184,0.18419066,72.97,BTC-27SEP24-70000-C,65911.77,sell,0.1,0.1,,,,
901,298601887,2024-04-22 04:02:08,3,0.184,0.18348593,73.22,BTC-27SEP24-70000-C,65807.12,sell,0.2,0.2,,,,
902,298603073,2024-04-22 04:11:06,2,0.1835,0.18305318,73.15,BTC-27SEP24-70000-C,65761.29,sell,0.1,0.1,,,,
903,298603416,2024-04-22 04:13:56,2,0.183,0.18250941,73.21,BTC-27SEP24-70000-C,65665.47,sell,0.1,0.1,,,,
904,298604310,2024-04-22 04:19:27,0,0.1835,0.18295876,73.21,BTC-27SEP24-70000-C,65731.68,sell,0.1,0.1,,,,
905,298618047,2024-04-22 06:38:05,0,0.187,0.18639076,73.22,BTC-27SEP24-70000-C,66284.8,sell,0.3,0.3,,,,
906,298618267,2024-04-22 06:40:39,2,0.1865,0.18645567,73.07,BTC-27SEP24-70000-C,66250.74,sell,0.4,0.4,,,,
907,298618268,2024-04-22 06:40:39,3,0.1865,0.18645567,73.07,BTC-27SEP24-70000-C,66250.74,sell,0.1,0.1,,,,
908,298618596,2024-04-22 06:45:34,0,0.187,0.18661366,73.13,BTC-27SEP24-70000-C,66299.62,sell,0.5,0.5,,,,
909,298618971,2024-04-22 06:47:21,0,0.188,0.18728089,73.28,BTC-27SEP24-70000-C,66414.78,sell,0.4,0.4,,,,
910,298619917,2024-04-22 06:55:13,1,0.188,0.18733895,73.35,BTC-27SEP24-70000-C,66379.14,sell,0.1,0.1,,,,
911,298620918,2024-04-22 07:04:47,1,0.188,0.18720767,73.33,BTC-27SEP24-70000-C,66416.64,sell,0.1,0.1,,,,
912,298651324,2024-04-22 12:59:59,2,0.183,0.18342507,72.48,BTC-27SEP24-70000-C,66016.47,buy,0.6,0.6,,,,
913,298652393,2024-04-22 13:11:00,0,0.1845,0.18423817,72.71,BTC-27SEP24-70000-C,66178.47,buy,0.4,0.4,,,,
914,298652415,2024-04-22 13:11:05,1,0.1845,0.18421908,72.73,BTC-27SEP24-70000-C,66176.03,buy,0.4,0.4,,,,
915,298652481,2024-04-22 13:11:11,1,0.1845,0.18425072,72.68,BTC-27SEP24-70000-C,66204.52,buy,1.3,1.3,,,,
916,298652731,2024-04-22 13:14:25,2,0.1835,0.18385855,72.42,BTC-27SEP24-70000-C,66148.9,buy,0.3,0.3,,,,
917,298684033,2024-04-22 17:28:05,0,0.187,0.1864947,72.55,BTC-27SEP24-70000-C,66698.17,buy,2.4,2.4,,,,
918,298684241,2024-04-22 17:28:07,1,0.187,0.18704774,72.42,BTC-27SEP24-70000-C,66698.9,buy,2.4,2.4,,,,
919,298684246,2024-04-22 17:28:08,1,0.187,0.18704774,72.43,BTC-27SEP24-70000-C,66703.72,buy,0.2,0.2,,,,
920,298747700,2024-04-23 09:18:28,2,0.1825,0.18351456,71.95,BTC-27SEP24-70000-C,66274.99,sell,0.2,0.2,,,,
921,298748007,2024-04-23 09:30:06,0,0.183,0.18329534,72.18,BTC-27SEP24-70000-C,66252.41,buy,1.0,1.0,,,,
922,298751604,2024-04-23 10:55:48,2,0.1825,0.18348825,71.86,BTC-27SEP24-70000-C,66283.79,sell,1.4,1.4,,,,
923,298751605,2024-04-23 10:55:48,3,0.1825,0.18348825,71.86,BTC-27SEP24-70000-C,66283.79,buy,1.9,1.9,,,,
924,298751606,2024-04-23 10:55:48,3,0.1825,0.18348825,71.86,BTC-27SEP24-70000-C,66283.79,buy,4.4,4.4,,,,
925,298751610,2024-04-23 10:55:49,3,0.1825,0.18343596,71.86,BTC-27SEP24-70000-C,66284.11,buy,7.3,7.3,,,,
926,298751622,2024-04-23 10:56:14,3,0.1825,0.18327229,71.84,BTC-27SEP24-70000-C,66296.09,buy,1.4,1.4,,,,
927,298751623,2024-04-23 10:56:14,3,0.1825,0.1832719,71.84,BTC-27SEP24-70000-C,66296.09,buy,0.3,0.3,,,,
928,298763153,2024-04-23 13:39:38,3,0.1825,0.18259058,71.64,BTC-27SEP24-70000-C,66388.15,buy,8.3,8.3,,,,
929,298868243,2024-04-24 10:09:14,2,0.176,0.17664634,69.5,BTC-27SEP24-70000-C,66283.45,sell,1.1,1.1,,,,
930,298874684,2024-04-24 11:35:59,0,0.177,0.1760988,69.15,BTC-27SEP24-70000-C,66578.58,sell,0.2,0.2,,,,
931,298896108,2024-04-24 14:27:05,2,0.1695,0.16910778,69.01,BTC-27SEP24-70000-C,65403.59,sell,0.2,0.2,,,,
932,298896112,2024-04-24 14:27:05,0,0.17,0.16910778,69.32,BTC-27SEP24-70000-C,65403.59,sell,0.2,0.2,,,,
933,298910031,2024-04-24 15:00:54,0,0.1705,0.17063367,70.31,BTC-27SEP24-70000-C,65159.52,buy,0.4,0.4,,,,
934,298910533,2024-04-24 15:05:39,1,0.1705,0.17011512,70.54,BTC-27SEP24-70000-C,65058.36,buy,0.4,0.4,,,,
935,298910534,2024-04-24 15:05:39,1,0.1705,0.17011512,70.54,BTC-27SEP24-70000-C,65058.36,buy,2.6,2.6,,,,
936,298937615,2024-04-24 18:13:34,2,0.1635,0.16428053,68.67,BTC-27SEP24-70000-C,64712.65,buy,0.1,0.1,,,,
937,298947131,2024-04-24 19:11:26,2,0.16,0.16022045,68.69,BTC-27SEP24-70000-C,64143.15,buy,0.5,0.5,,,,
938,298985307,2024-04-25 02:53:03,2,0.1575,0.15819796,67.65,BTC-27SEP24-70000-C,64222.66,buy,0.1,0.1,,,,
939,298985311,2024-04-25 02:53:08,3,0.1575,0.15823831,67.64,BTC-27SEP24-70000-C,64222.86,buy,1.2,1.2,,,,
