trade_seq,trade_id,timestamp,tick_direction,price,mark_price,iv,instrument_name,index_price,direction,contracts,amount,liquidation,combo_id,block_trade_id,combo_trade_id
1,258912583,2023-06-22 09:25:13,1,0.033,0.03116992,64.25,BTC-28JUN24-80000-C,30153.96,buy,,0.5,,,,
2,259468172,2023-06-27 07:43:26,0,0.0345,0.03572896,64.94,BTC-28JUN24-80000-C,30377.43,sell,,0.1,,,,
3,259572146,2023-06-28 07:32:00,1,0.0345,0.03485348,65.03,BTC-28JUN24-80000-C,30339.89,sell,,0.1,,,,
4,259649913,2023-06-28 23:19:50,1,0.0345,0.03515509,65.34,BTC-28JUN24-80000-C,30159.24,sell,,0.1,,,,
5,259649914,2023-06-28 23:19:50,1,0.0345,0.03515509,65.34,BTC-28JUN24-80000-C,30159.24,sell,,0.1,,,,
6,259680850,2023-06-29 08:40:58,2,0.034,0.03563435,64.82,BTC-28JUN24-80000-C,30390.7,sell,,0.1,,,,
7,259680851,2023-06-29 08:40:58,3,0.034,0.03563435,64.82,BTC-28JUN24-80000-C,30390.7,sell,,0.5,,,,
8,259682777,2023-06-29 09:23:54,3,0.034,0.03425509,64.74,BTC-28JUN24-80000-C,30436.92,buy,,0.4,,,,
9,259755693,2023-06-30 00:29:33,2,0.0335,0.03630225,64.46,BTC-28JUN24-80000-C,30487.74,sell,,1.0,,,,
10,260243357,2023-07-05 08:45:08,0,0.035,0.03347603,64.8,BTC-28JUN24-80000-C,30765.62,sell,,0.1,,,,
11,260436490,2023-07-06 21:37:30,2,0.034,0.03530531,65.24,BTC-28JUN24-80000-C,30245.08,sell,,0.1,,,,
12,260457958,2023-07-07 01:11:41,3,0.034,0.03479431,65.6,BTC-28JUN24-80000-C,30054.95,sell,,0.1,,,,
13,260570193,2023-07-09 07:20:53,0,0.0345,0.0380243,65.6,BTC-28JUN24-80000-C,30282.33,buy,,0.1,,,,
14,260570194,2023-07-09 07:20:53,0,0.035,0.0380243,65.83,BTC-28JUN24-80000-C,30282.33,buy,,0.1,,,,
15,260570195,2023-07-09 07:20:53,0,0.0355,0.0380243,66.06,BTC-28JUN24-80000-C,30282.33,buy,,0.1,,,,
16,260603142,2023-07-10 06:21:45,2,0.033,0.03359366,65.31,BTC-28JUN24-80000-C,30095.22,sell,,0.1,,,,
17,260604018,2023-07-10 06:51:31,3,0.033,0.03361709,65.3,BTC-28JUN24-80000-C,30092.07,sell,,1.0,,,,
18,260606265,2023-07-10 08:02:02,2,0.0325,0.03336063,65.04,BTC-28JUN24-80000-C,30110.69,sell,,0.1,,,,
19,260673061,2023-07-11 02:15:59,2,0.031,0.03267701,63.87,BTC-28JUN24-80000-C,30535.93,sell,,0.1,,,,
20,260851557,2023-07-13 10:10:33,3,0.031,0.03155903,63.9,BTC-28JUN24-80000-C,30561.8,sell,,0.5,,,,
21,260887739,2023-07-13 16:23:13,0,0.033,0.0311568,64.3,BTC-28JUN24-80000-C,30878.12,buy,,11.0,,,,
22,261006237,2023-07-14 10:03:02,2,0.032,0.0327282,63.4,BTC-28JUN24-80000-C,31181.23,sell,,0.1,,,,
23,261194110,2023-07-17 18:43:15,2,0.0285,0.02863854,64.09,BTC-28JUN24-80000-C,29882.18,sell,,0.1,,,,
24,261194111,2023-07-17 18:43:15,3,0.0285,0.02863854,64.09,BTC-28JUN24-80000-C,29882.18,sell,,0.1,,,,
25,261194119,2023-07-17 18:43:35,3,0.0285,0.02860904,64.1,BTC-28JUN24-80000-C,29875.07,sell,,0.1,,,,
26,261194120,2023-07-17 18:43:35,3,0.0285,0.02860904,64.1,BTC-28JUN24-80000-C,29875.07,sell,,0.1,,,,
27,261250629,2023-07-18 16:32:39,0,0.0305,0.03142679,65.12,BTC-28JUN24-80000-C,29893.07,sell,,0.1,,,,
28,261250630,2023-07-18 16:32:39,1,0.0305,0.03142679,65.12,BTC-28JUN24-80000-C,29893.07,sell,,0.1,,,,
29,261417561,2023-07-21 10:17:39,0,0.0315,0.03187656,65.98,BTC-28JUN24-80000-C,29788.21,sell,,1.0,,,,
30,261769078,2023-07-28 20:39:22,2,0.0262,0.02645197,64.91,BTC-28JUN24-80000-C,29326.93,sell,,100.0,,BTC-CS-28JUN24-75000_80000,87299,
31,261796993,2023-07-30 12:59:45,2,0.024,0.02417349,63.92,BTC-28JUN24-80000-C,29320.05,buy,,0.1,,,,
32,261854258,2023-07-31 19:34:42,2,0.0225,0.02308798,63.22,BTC-28JUN24-80000-C,29229.42,sell,,0.2,,,,
33,261854259,2023-07-31 19:34:42,3,0.0225,0.02308798,63.22,BTC-28JUN24-80000-C,29229.42,sell,,0.1,,,,
34,261854275,2023-07-31 19:35:05,3,0.0225,0.02306927,63.22,BTC-28JUN24-80000-C,29227.77,sell,,0.2,,,,
35,261854324,2023-07-31 19:38:16,3,0.0225,0.02324107,63.23,BTC-28JUN24-80000-C,29220.57,sell,,0.2,,,,
36,261854325,2023-07-31 19:38:16,3,0.0225,0.02324107,63.23,BTC-28JUN24-80000-C,29220.57,sell,,0.1,,,,
37,262255436,2023-08-08 17:20:01,0,0.024,0.02301136,63.74,BTC-28JUN24-80000-C,29797.68,buy,,17.0,,,,
38,262256896,2023-08-08 17:31:37,1,0.024,0.02416798,63.89,BTC-28JUN24-80000-C,29714.3,sell,,8.0,,,,
39,262272537,2023-08-08 20:35:45,0,0.0245,0.02420363,63.78,BTC-28JUN24-80000-C,29993.21,buy,,0.1,,,,
40,262290851,2023-08-08 23:57:30,2,0.024,0.02467173,63.82,BTC-28JUN24-80000-C,29767.17,sell,,1.0,,,,
41,262431798,2023-08-11 16:22:43,2,0.0225,0.02301122,63.83,BTC-28JUN24-80000-C,29374.29,sell,,2.0,,,,
42,262439376,2023-08-11 20:59:30,0,0.023,0.02222239,64.13,BTC-28JUN24-80000-C,29385.15,buy,,0.5,,,,
43,262513362,2023-08-14 15:52:12,2,0.02,0.01964312,62.13,BTC-28JUN24-80000-C,29599.43,sell,,0.5,,,,
44,262517734,2023-08-14 16:20:04,3,0.02,0.02018562,62.11,BTC-28JUN24-80000-C,29620.89,sell,,0.5,,,,
45,262694934,2023-08-17 08:55:55,2,0.018,0.01788143,62.84,BTC-28JUN24-80000-C,28531.92,sell,,2.7,,,,
46,262809433,2023-08-17 21:49:02,0,0.019,0.0136997,72.17,BTC-28JUN24-80000-C,26311.52,buy,,0.1,,,,
47,262871041,2023-08-17 22:18:22,0,0.0255,0.02646383,72.91,BTC-28JUN24-80000-C,26352.59,buy,,0.1,,,,
48,262871042,2023-08-17 22:18:22,1,0.0255,0.02646383,72.91,BTC-28JUN24-80000-C,26352.59,buy,,0.1,,,,
49,262959180,2023-08-18 01:28:25,0,0.0265,0.0267201,72.01,BTC-28JUN24-80000-C,26624.6,sell,,2.0,,,,
50,263010059,2023-08-18 08:19:06,2,0.0195,0.02050913,67.66,BTC-28JUN24-80000-C,26456.39,buy,,2.0,,,,
51,263010060,2023-08-18 08:19:06,3,0.0195,0.02050913,67.66,BTC-28JUN24-80000-C,26456.39,buy,,0.1,,,,
52,263011553,2023-08-18 08:29:13,0,0.0205,0.0194745,68.37,BTC-28JUN24-80000-C,26438.07,sell,,15.0,,,,
53,263012354,2023-08-18 08:40:37,0,0.021,0.02075542,68.74,BTC-28JUN24-80000-C,26432.37,sell,,0.8,,,,
54,263043355,2023-08-18 13:43:34,2,0.019,0.01888631,67.72,BTC-28JUN24-80000-C,26273.38,sell,,2.3,,,,
55,263096468,2023-08-18 19:17:57,2,0.018,0.01846801,67.44,BTC-28JUN24-80000-C,26049.71,sell,,0.1,,,,
56,263138101,2023-08-19 15:14:17,2,0.0165,0.01686701,66.54,BTC-28JUN24-80000-C,26045.98,buy,,0.3,,,,
57,263421301,2023-08-24 08:19:50,0,0.0185,0.01796968,67.75,BTC-28JUN24-80000-C,26463.16,buy,,2.6,,,,
58,263421302,2023-08-24 08:19:50,1,0.0185,0.01796968,67.75,BTC-28JUN24-80000-C,26463.16,buy,,1.4,,,,
59,263428624,2023-08-24 11:19:04,0,0.0195,0.01924566,68.45,BTC-28JUN24-80000-C,26501.15,sell,,0.1,,,,
60,263671527,2023-08-29 14:33:50,2,0.019,0.0182133,67.62,BTC-28JUN24-80000-C,27191.68,buy,,1.0,,,,
61,264077705,2023-09-04 07:40:02,2,0.015,0.01483088,67.3,BTC-28JUN24-80000-C,25970.06,buy,,2.2,,,,
62,264125881,2023-09-05 09:42:22,3,0.015,0.01536233,67.9,BTC-28JUN24-80000-C,25735.54,sell,,1.0,,,,
63,264127111,2023-09-05 10:05:39,3,0.015,0.01506706,67.9,BTC-28JUN24-80000-C,25739.69,buy,,1.0,,,,
64,264136632,2023-09-05 14:22:53,3,0.015,0.01566853,67.94,BTC-28JUN24-80000-C,25699.64,buy,,0.1,,,,
65,264289704,2023-09-08 06:34:48,3,0.015,0.01492122,67.41,BTC-28JUN24-80000-C,26197.76,sell,,1.8,,,,
66,264415803,2023-09-11 14:12:12,0,0.0155,0.01547021,69.81,BTC-28JUN24-80000-C,25306.34,buy,,1.0,,,,
67,264664861,2023-09-14 11:21:31,0,0.0195,0.01876938,71.49,BTC-28JUN24-80000-C,26352.68,sell,,1.0,,,,
68,265007059,2023-09-19 19:43:35,0,0.02,0.01923519,71.09,BTC-28JUN24-80000-C,27185.08,buy,,0.5,,,,
69,265007584,2023-09-19 19:53:30,0,0.0285,0.0278567,76.59,BTC-28JUN24-80000-C,27182.88,sell,,2.2,,,,
70,265007837,2023-09-19 20:00:56,2,0.0265,0.027977,75.39,BTC-28JUN24-80000-C,27177.0,sell,,2.9,,,,
71,265008092,2023-09-19 20:06:14,2,0.026,0.02645421,75.15,BTC-28JUN24-80000-C,27140.86,buy,,0.2,,,,
72,265008094,2023-09-19 20:06:47,2,0.0255,0.02641652,74.85,BTC-28JUN24-80000-C,27138.16,sell,,2.0,,,,
73,265031498,2023-09-20 06:02:25,0,0.0265,0.02617547,75.78,BTC-28JUN24-80000-C,27016.61,sell,,3.9,,,,
74,265031505,2023-09-20 06:02:27,1,0.0265,0.02619624,75.78,BTC-28JUN24-80000-C,27016.66,sell,,0.1,,,,
75,265031506,2023-09-20 06:02:27,1,0.0265,0.02619624,75.78,BTC-28JUN24-80000-C,27016.66,buy,,0.9,,,,
76,265033053,2023-09-20 06:16:36,0,0.0275,0.0283179,76.33,BTC-28JUN24-80000-C,27053.81,sell,,2.4,,,,
77,265033966,2023-09-20 06:35:50,2,0.027,0.02754598,76.02,BTC-28JUN24-80000-C,27047.15,buy,,1.1,,,,
78,265043176,2023-09-20 09:55:50,0,0.0275,0.02777068,76.38,BTC-28JUN24-80000-C,27023.3,sell,,1.0,,,,
79,265046168,2023-09-20 10:58:26,0,0.031,0.02945921,78.37,BTC-28JUN24-80000-C,27070.88,sell,,0.1,,,,
80,265052048,2023-09-20 13:27:00,2,0.0275,0.02763855,76.41,BTC-28JUN24-80000-C,27032.15,buy,,0.1,,,,
81,265052140,2023-09-20 13:29:25,2,0.027,0.02758004,76.07,BTC-28JUN24-80000-C,27048.27,sell,,18.0,,,,
82,265111205,2023-09-21 08:58:53,2,0.0265,0.02734223,76.12,BTC-28JUN24-80000-C,26930.35,sell,,5.0,,,,
83,265197695,2023-09-22 15:22:53,2,0.0244,0.02389679,75.45,BTC-28JUN24-80000-C,26653.78,buy,,0.1,,BTC-CBUT-28JUN24-80000_85000_90000,,265197694
84,265208753,2023-09-22 21:19:33,2,0.0235,0.02378114,75.1,BTC-28JUN24-80000-C,26541.28,sell,,0.1,,,,
85,265222584,2023-09-23 11:04:49,2,0.0205,0.02220853,73.06,BTC-28JUN24-80000-C,26575.07,sell,,1.0,,,,
86,265299167,2023-09-25 09:27:51,0,0.021,0.0206537,74.54,BTC-28JUN24-80000-C,26122.57,buy,,2.1,,,,
87,265368182,2023-09-26 15:18:46,1,0.021,0.02034534,74.55,BTC-28JUN24-80000-C,26178.38,buy,,0.1,,,,
88,265490319,2023-09-28 08:09:16,1,0.021,0.0210388,74.28,BTC-28JUN24-80000-C,26416.84,buy,,10.0,,,,
89,265618798,2023-09-29 11:05:05,2,0.02,0.01980377,72.6,BTC-28JUN24-80000-C,27036.92,sell,,0.2,,,,
90,265625546,2023-09-29 13:13:42,2,0.018,0.01901334,71.17,BTC-28JUN24-80000-C,27007.63,sell,,1.5,,,,
91,265776813,2023-10-02 05:43:24,2,0.017,0.01651324,68.91,BTC-28JUN24-80000-C,27969.7,sell,,1.0,,,,
92,265787741,2023-10-02 07:44:11,0,0.018,0.01759018,69.03,BTC-28JUN24-80000-C,28339.98,buy,,0.1,,,,
93,265920760,2023-10-03 11:29:07,1,0.018,0.01835949,70.65,BTC-28JUN24-80000-C,27492.94,buy,,0.3,,,,
94,265920782,2023-10-03 11:29:35,1,0.018,0.01833594,70.66,BTC-28JUN24-80000-C,27484.28,buy,,0.2,,,,
95,265920949,2023-10-03 11:31:53,1,0.018,0.01832846,70.65,BTC-28JUN24-80000-C,27498.59,buy,,0.5,,,,
96,266027300,2023-10-04 18:55:04,0,0.0195,0.01931382,71.83,BTC-28JUN24-80000-C,27557.91,sell,,2.0,,,,
97,266030264,2023-10-04 19:07:50,2,0.019,0.01939724,71.13,BTC-28JUN24-80000-C,27733.51,buy,,0.2,,,,
98,266037960,2023-10-04 20:26:11,0,0.021,0.02040836,72.69,BTC-28JUN24-80000-C,27688.15,buy,,5.0,,,,
99,266037961,2023-10-04 20:26:11,1,0.021,0.02040836,72.69,BTC-28JUN24-80000-C,27688.15,buy,,7.5,,,,
100,266092917,2023-10-05 15:22:35,2,0.02,0.02039608,71.88,BTC-28JUN24-80000-C,27820.79,sell,,1.3,,,,
101,266092918,2023-10-05 15:22:35,3,0.02,0.02039608,71.88,BTC-28JUN24-80000-C,27820.79,sell,,0.2,,,,
102,266163630,2023-10-06 12:58:55,2,0.0185,0.01834741,71.83,BTC-28JUN24-80000-C,27294.91,buy,,0.1,,,,
103,266163632,2023-10-06 12:58:56,3,0.0185,0.01834741,71.83,BTC-28JUN24-80000-C,27294.91,buy,,0.1,,,,
104,266163634,2023-10-06 12:58:56,3,0.0185,0.01829341,71.87,BTC-28JUN24-80000-C,27296.56,buy,,0.1,,,,
105,266163635,2023-10-06 12:58:57,3,0.0185,0.01830304,71.86,BTC-28JUN24-80000-C,27300.84,buy,,0.1,,,,
106,266163639,2023-10-06 12:58:59,3,0.0185,0.01830399,71.86,BTC-28JUN24-80000-C,27305.75,buy,,0.1,,,,
107,266163676,2023-10-06 12:59:02,3,0.0185,0.01828946,71.86,BTC-28JUN24-80000-C,27305.9,buy,,0.1,,,,
108,266165764,2023-10-06 13:06:06,2,0.018,0.01802395,71.44,BTC-28JUN24-80000-C,27329.37,buy,,0.8,,,,
109,266211519,2023-10-06 21:49:30,3,0.018,0.0169297,69.97,BTC-28JUN24-80000-C,28159.48,buy,,2.2,,,,
110,266289503,2023-10-09 06:30:03,0,0.0185,0.01835764,71.14,BTC-28JUN24-80000-C,27903.29,buy,,2.1,,,,
111,266425258,2023-10-10 21:13:41,0,0.019,0.01917402,72.69,BTC-28JUN24-80000-C,27422.15,buy,,21.0,,,,
112,266426881,2023-10-10 22:54:13,0,0.0195,0.01948875,73.03,BTC-28JUN24-80000-C,27438.4,buy,,21.0,,,,
113,266446559,2023-10-11 04:00:25,2,0.018,0.01836725,72.86,BTC-28JUN24-80000-C,26976.3,sell,,0.5,,,,
114,266476087,2023-10-11 10:17:43,0,0.019,0.01814194,73.2,BTC-28JUN24-80000-C,27244.51,sell,,2.2,,,,
115,266660964,2023-10-13 20:55:55,2,0.017,0.0166565,72.54,BTC-28JUN24-80000-C,26959.64,sell,,1.6,,,,
116,266709163,2023-10-15 13:31:54,2,0.015,0.01705583,71.16,BTC-28JUN24-80000-C,26914.13,sell,,0.3,,,,
117,266783636,2023-10-16 09:44:06,0,0.017,0.01633099,71.45,BTC-28JUN24-80000-C,27731.94,buy,,15.0,,,,
118,266914960,2023-10-16 14:50:20,1,0.017,0.01810653,70.56,BTC-28JUN24-80000-C,28206.15,sell,,4.0,,,,
119,266927827,2023-10-16 15:53:59,0,0.0175,0.01796545,71.19,BTC-28JUN24-80000-C,28083.26,sell,,2.4,,,,
120,266928249,2023-10-16 15:58:20,1,0.0175,0.01792948,71.23,BTC-28JUN24-80000-C,28062.71,sell,,2.8,,,,
121,267208345,2023-10-19 06:08:06,2,0.016,0.01678156,69.99,BTC-28JUN24-80000-C,28316.74,sell,,3.5,,,,
122,267211996,2023-10-19 07:47:17,0,0.0165,0.0167781,70.4,BTC-28JUN24-80000-C,28326.43,sell,,0.8,,,,
123,267336271,2023-10-20 07:17:11,0,0.021,0.02040992,72.13,BTC-28JUN24-80000-C,29287.14,sell,,0.2,,,,
124,267348326,2023-10-20 08:00:36,1,0.021,0.0200965,72.21,BTC-28JUN24-80000-C,29259.43,sell,,0.1,,,,
125,267383969,2023-10-20 10:25:20,0,0.023,0.022877,72.3,BTC-28JUN24-80000-C,29968.6,sell,,0.1,,,,
126,267596284,2023-10-23 01:28:12,0,0.0245,0.02429652,72.86,BTC-28JUN24-80000-C,30416.06,buy,,0.1,,,,
127,267636780,2023-10-23 04:20:56,2,0.024,0.02437424,72.08,BTC-28JUN24-80000-C,30655.09,buy,,0.1,,,,
128,267637403,2023-10-23 04:27:22,0,0.0245,0.02433981,72.51,BTC-28JUN24-80000-C,30593.12,sell,,6.7,,,,
129,267643985,2023-10-23 05:19:00,0,0.025,0.0247541,72.45,BTC-28JUN24-80000-C,30800.24,buy,,0.1,,,,
130,267880316,2023-10-23 22:42:33,0,0.035,0.03508175,72.36,BTC-28JUN24-80000-C,34062.05,buy,,30.0,,,,
131,268032398,2023-10-24 02:26:36,1,0.035,0.03495129,70.79,BTC-28JUN24-80000-C,35019.04,buy,,1.9,,,,
132,268032400,2023-10-24 02:26:36,1,0.035,0.03495129,70.79,BTC-28JUN24-80000-C,35019.04,buy,,0.4,,,,
133,268141502,2023-10-24 08:02:00,0,0.0365,0.03480699,73.46,BTC-28JUN24-80000-C,33976.65,buy,,0.6,,,,
134,268376902,2023-10-24 19:32:26,2,0.0245,0.02436656,67.17,BTC-28JUN24-80000-C,33840.49,sell,,0.2,,,,
135,269116043,2023-10-29 17:41:17,0,0.031,0.03051914,69.85,BTC-28JUN24-80000-C,34647.3,buy,,0.1,,,,
136,269492729,2023-11-01 22:07:44,0,0.039,0.03956919,72.89,BTC-28JUN24-80000-C,35495.73,buy,,0.1,,,,
137,269842187,2023-11-03 20:58:51,2,0.0375,0.03686175,74.1,BTC-28JUN24-80000-C,34622.17,buy,,0.1,,,,
138,270111344,2023-11-07 08:23:48,0,0.04,0.04001602,75.14,BTC-28JUN24-80000-C,34931.81,buy,,11.0,,,,
139,270160357,2023-11-07 18:08:16,2,0.039,0.03842993,74.31,BTC-28JUN24-80000-C,35152.74,buy,,0.1,,,,
140,270181115,2023-11-07 19:33:36,0,0.041,0.04053493,74.89,BTC-28JUN24-80000-C,35373.74,sell,,1.4,,,,
141,270181116,2023-11-07 19:33:36,1,0.041,0.04053493,74.89,BTC-28JUN24-80000-C,35373.74,sell,,5.0,,,,
142,270571130,2023-11-09 16:18:48,0,0.045,0.04484241,75.04,BTC-28JUN24-80000-C,36631.6,buy,,2.7,,,,
143,270653485,2023-11-09 23:45:15,2,0.043,0.04321733,74.05,BTC-28JUN24-80000-C,36743.82,buy,,1.4,,,,
144,270657280,2023-11-10 00:15:38,3,0.043,0.0429591,74.06,BTC-28JUN24-80000-C,36739.82,buy,,1.5,,,,
145,270661044,2023-11-10 00:48:39,0,0.0435,0.04323221,74.62,BTC-28JUN24-80000-C,36549.77,buy,,1.5,,,,
146,270661226,2023-11-10 00:51:14,0,0.0455,0.04406541,75.55,BTC-28JUN24-80000-C,36573.2,buy,,1.3,,,,
147,270661227,2023-11-10 00:51:14,1,0.0455,0.04406541,75.55,BTC-28JUN24-80000-C,36573.2,buy,,5.0,,,,
148,270661228,2023-11-10 00:51:14,1,0.0455,0.04406541,75.55,BTC-28JUN24-80000-C,36573.2,buy,,2.2,,,,
149,270732975,2023-11-10 11:44:36,0,0.0465,0.04580095,75.35,BTC-28JUN24-80000-C,36970.14,buy,,11.0,,,,
150,270732976,2023-11-10 11:44:36,1,0.0465,0.04580095,75.35,BTC-28JUN24-80000-C,36970.14,buy,,0.5,,,,
151,270952269,2023-11-13 01:17:42,2,0.043,0.04176657,73.2,BTC-28JUN24-80000-C,37432.4,buy,,15.0,,,,
152,271008590,2023-11-13 15:19:18,2,0.0405,0.03997297,73.21,BTC-28JUN24-80000-C,36755.96,buy,,1.9,,,,
153,271089443,2023-11-14 07:42:28,2,0.038,0.03726768,72.09,BTC-28JUN24-80000-C,36715.42,buy,,1.5,,,,
154,271124105,2023-11-14 12:13:25,3,0.038,0.03742827,72.77,BTC-28JUN24-80000-C,36295.48,buy,,0.5,,,,
155,271408519,2023-11-15 20:11:26,0,0.044,0.04420823,73.43,BTC-28JUN24-80000-C,37803.88,buy,,1.0,,,,
156,271734343,2023-11-17 11:01:11,2,0.039,0.03840978,73.98,BTC-28JUN24-80000-C,36358.25,buy,,3.4,,,,
157,271740415,2023-11-17 12:07:54,3,0.039,0.03832551,73.9,BTC-28JUN24-80000-C,36379.0,buy,,1.5,,,,
158,271829941,2023-11-18 05:35:56,0,0.04,0.03872309,74.68,BTC-28JUN24-80000-C,36370.94,sell,,0.1,,,,
159,271830037,2023-11-18 05:39:58,1,0.04,0.0387313,74.66,BTC-28JUN24-80000-C,36381.04,sell,,0.1,,,,
160,271925093,2023-11-19 23:02:27,1,0.04,0.04016089,73.43,BTC-28JUN24-80000-C,37274.78,buy,,1.0,,,,
161,272011591,2023-11-20 15:56:40,0,0.0425,0.04233754,74.46,BTC-28JUN24-80000-C,37479.32,sell,,1.0,,,,
162,272332570,2023-11-22 09:42:04,2,0.0375,0.0375955,73.77,BTC-28JUN24-80000-C,36649.88,sell,,1.6,,,,
163,272358248,2023-11-22 15:44:48,3,0.0375,0.03818924,74.01,BTC-28JUN24-80000-C,36522.63,sell,,1.5,,,,
164,272358249,2023-11-22 15:44:48,3,0.0375,0.03818924,74.01,BTC-28JUN24-80000-C,36522.63,sell,,3.3,,,,
165,272553237,2023-11-24 09:00:08,2,0.0365,0.03596736,71.9,BTC-28JUN24-80000-C,37460.87,sell,,2.9,,,,
166,272553238,2023-11-24 09:00:08,3,0.0365,0.03596736,71.9,BTC-28JUN24-80000-C,37460.87,sell,,0.5,,,,
167,272561649,2023-11-24 10:02:23,0,0.038,0.03798979,72.35,BTC-28JUN24-80000-C,37653.86,buy,,1.1,,,,
168,272565557,2023-11-24 10:33:28,0,0.0385,0.03840656,72.38,BTC-28JUN24-80000-C,37770.52,buy,,0.4,,,,
169,272617261,2023-11-24 15:25:33,0,0.0395,0.04072991,72.38,BTC-28JUN24-80000-C,38037.2,sell,,0.1,,,,
170,272817922,2023-11-27 07:23:07,2,0.0355,0.03571485,72.02,BTC-28JUN24-80000-C,37285.64,buy,,0.1,,,,
171,273057918,2023-11-29 08:11:35,0,0.037,0.03730773,71.69,BTC-28JUN24-80000-C,38185.05,sell,,11.0,,,,
172,273139788,2023-11-30 01:37:29,2,0.0355,0.03518585,71.68,BTC-28JUN24-80000-C,37812.71,sell,,0.2,,,,
173,273139792,2023-11-30 01:37:39,3,0.0355,0.03520521,71.68,BTC-28JUN24-80000-C,37813.7,sell,,0.6,,,,
174,273141522,2023-11-30 02:32:26,3,0.0355,0.0361812,71.67,BTC-28JUN24-80000-C,37817.05,buy,,0.3,,,,
175,273155000,2023-11-30 07:34:36,0,0.0365,0.03604366,72.2,BTC-28JUN24-80000-C,37828.31,buy,,1.0,,,,
176,273155001,2023-11-30 07:34:36,1,0.0365,0.03604366,72.2,BTC-28JUN24-80000-C,37828.31,buy,,0.2,,,,
177,273358425,2023-12-01 17:04:43,2,0.034,0.03227139,69.21,BTC-28JUN24-80000-C,38862.27,sell,,9.8,,,,
178,273358426,2023-12-01 17:04:44,3,0.034,0.03227518,69.21,BTC-28JUN24-80000-C,38863.47,sell,,2.2,,,,
179,273358427,2023-12-01 17:04:44,3,0.034,0.03227518,69.21,BTC-28JUN24-80000-C,38863.47,sell,,0.2,,,,
180,273358437,2023-12-01 17:04:47,3,0.034,0.03229931,69.2,BTC-28JUN24-80000-C,38866.78,sell,,2.2,,,,
181,273389688,2023-12-02 02:33:45,2,0.0315,0.03168448,68.1,BTC-28JUN24-80000-C,38705.9,buy,,2.2,,,,
182,273389689,2023-12-02 02:33:51,3,0.0315,0.03168035,68.1,BTC-28JUN24-80000-C,38705.17,buy,,1.2,,,,
183,273395004,2023-12-02 06:48:42,0,0.0325,0.0318588,68.59,BTC-28JUN24-80000-C,38771.98,buy,,5.2,,,,
184,273729507,2023-12-04 15:34:06,0,0.04,0.03982585,68.59,BTC-28JUN24-80000-C,41256.3,sell,,1.6,,,,
185,273729514,2023-12-04 15:34:06,1,0.04,0.03982585,68.59,BTC-28JUN24-80000-C,41256.3,sell,,0.4,,,,
186,273729558,2023-12-04 15:34:06,1,0.04,0.03982585,68.59,BTC-28JUN24-80000-C,41256.3,sell,,2.0,,,,
187,273850180,2023-12-05 13:20:48,1,0.04,0.04057996,67.74,BTC-28JUN24-80000-C,41886.79,sell,,3.6,,,,
188,273850181,2023-12-05 13:20:48,1,0.04,0.04057996,67.74,BTC-28JUN24-80000-C,41886.79,sell,,6.4,,,,
189,273920078,2023-12-05 17:29:10,0,0.047,0.04730527,67.98,BTC-28JUN24-80000-C,43834.3,buy,,1.0,,,,
190,273964024,2023-12-05 18:39:46,2,0.0465,0.046292,67.63,BTC-28JUN24-80000-C,43899.63,buy,,0.2,,,,
191,273964025,2023-12-05 18:39:46,3,0.0465,0.046292,67.63,BTC-28JUN24-80000-C,43899.63,buy,,0.1,,,,
192,273988250,2023-12-05 19:58:44,2,0.0455,0.04479341,67.36,BTC-28JUN24-80000-C,43787.76,buy,,0.7,,,,
193,274041194,2023-12-06 00:42:52,3,0.0455,0.04572305,67.04,BTC-28JUN24-80000-C,43990.6,buy,,0.1,,,,
194,274042303,2023-12-06 00:56:30,0,0.046,0.04598588,67.08,BTC-28JUN24-80000-C,44108.46,buy,,0.1,,,,
195,274084704,2023-12-06 07:52:55,2,0.0425,0.0426692,66.17,BTC-28JUN24-80000-C,43712.63,sell,,100.0,,BTC-CSR12-28JUN24-50000_80000,114513,
196,274085282,2023-12-06 07:57:13,2,0.0424,0.04258672,66.18,BTC-28JUN24-80000-C,43675.93,sell,,150.0,,BTC-CSR12-28JUN24-50000_80000,114514,
197,274089490,2023-12-06 08:27:32,0,0.044,0.0436638,66.71,BTC-28JUN24-80000-C,43836.07,buy,,0.1,,,,
198,274154516,2023-12-06 16:33:35,0,0.045,0.04596163,67.03,BTC-28JUN24-80000-C,43979.09,sell,,0.1,,,,
199,274159880,2023-12-06 17:20:54,2,0.0415,0.04112962,65.23,BTC-28JUN24-80000-C,44051.52,buy,,1.6,,,,
200,274175290,2023-12-06 20:54:16,2,0.041,0.04056839,65.39,BTC-28JUN24-80000-C,43844.46,buy,,1.4,,,,
201,274185239,2023-12-06 22:42:36,0,0.0425,0.04271436,66.15,BTC-28JUN24-80000-C,43854.99,buy,,1.4,,,,
202,274282729,2023-12-07 15:03:27,2,0.0375,0.03745135,64.31,BTC-28JUN24-80000-C,43579.92,buy,,0.5,,,,
203,274285445,2023-12-07 15:12:22,0,0.038,0.03776741,64.57,BTC-28JUN24-80000-C,43570.61,buy,,0.5,,,,
204,274460278,2023-12-08 16:44:15,1,0.038,0.0372799,64.1,BTC-28JUN24-80000-C,43862.12,buy,,2.2,,,,
205,274639324,2023-12-10 22:09:19,2,0.0375,0.03694409,64.19,BTC-28JUN24-80000-C,43852.93,sell,,0.1,,,,
206,274639325,2023-12-10 22:09:24,3,0.0375,0.03695299,64.19,BTC-28JUN24-80000-C,43853.49,sell,,0.1,,,,
207,274639338,2023-12-10 22:11:18,0,0.038,0.03738889,64.45,BTC-28JUN24-80000-C,43856.43,sell,,0.1,,,,
208,274639395,2023-12-10 22:13:08,0,0.0385,0.0376801,64.71,BTC-28JUN24-80000-C,43852.89,sell,,0.1,,,,
209,274639396,2023-12-10 22:13:23,1,0.0385,0.03770159,64.71,BTC-28JUN24-80000-C,43852.7,sell,,0.1,,,,
210,274639408,2023-12-10 22:13:31,1,0.0385,0.03772765,64.7,BTC-28JUN24-80000-C,43856.95,sell,,0.1,,,,
211,274639483,2023-12-10 22:15:02,0,0.039,0.03794714,64.93,BTC-28JUN24-80000-C,43869.81,sell,,0.1,,,,
212,274639484,2023-12-10 22:15:14,1,0.039,0.03797671,64.93,BTC-28JUN24-80000-C,43869.16,sell,,1.0,,,,
213,274640366,2023-12-10 22:47:16,2,0.0375,0.03713056,64.21,BTC-28JUN24-80000-C,43830.0,buy,,12.0,,,,
214,274640703,2023-12-10 22:52:02,3,0.0375,0.0374305,64.26,BTC-28JUN24-80000-C,43797.35,sell,,0.1,,,,
215,274640705,2023-12-10 22:52:14,3,0.0375,0.03743841,64.27,BTC-28JUN24-80000-C,43795.33,sell,,0.2,,,,
216,274640722,2023-12-10 22:52:27,3,0.0375,0.03745309,64.27,BTC-28JUN24-80000-C,43795.17,sell,,1.0,,,,
217,274640767,2023-12-10 22:52:30,3,0.0375,0.03745336,64.27,BTC-28JUN24-80000-C,43794.6,sell,,1.0,,,,
218,274640768,2023-12-10 22:52:32,3,0.0375,0.03745582,64.27,BTC-28JUN24-80000-C,43794.71,sell,,1.0,,,,
219,274640770,2023-12-10 22:52:33,3,0.0375,0.03745695,64.27,BTC-28JUN24-80000-C,43794.71,sell,,1.0,,,,
220,274640773,2023-12-10 22:52:39,3,0.0375,0.03746931,64.27,BTC-28JUN24-80000-C,43795.2,sell,,1.0,,,,
221,274640774,2023-12-10 22:52:39,3,0.0375,0.03746931,64.27,BTC-28JUN24-80000-C,43795.2,sell,,1.0,,,,
222,274640775,2023-12-10 22:52:39,3,0.0375,0.03746931,64.27,BTC-28JUN24-80000-C,43795.2,sell,,1.0,,,,
223,274640842,2023-12-10 22:53:34,0,0.038,0.03759374,64.51,BTC-28JUN24-80000-C,43800.97,sell,,0.1,,,,
224,274640907,2023-12-10 22:55:04,1,0.038,0.03774525,64.49,BTC-28JUN24-80000-C,43810.29,sell,,0.1,,,,
225,274640945,2023-12-10 22:57:06,1,0.038,0.03779892,64.49,BTC-28JUN24-80000-C,43805.48,sell,,0.1,,,,
226,274641398,2023-12-10 23:00:43,1,0.038,0.0376869,64.5,BTC-28JUN24-80000-C,43803.63,sell,,0.1,,,,
227,274641618,2023-12-10 23:01:25,1,0.038,0.03775146,64.49,BTC-28JUN24-80000-C,43812.47,sell,,0.1,,,,
228,274641621,2023-12-10 23:01:31,1,0.038,0.03774638,64.49,BTC-28JUN24-80000-C,43811.97,sell,,1.0,,,,
229,274641623,2023-12-10 23:01:35,1,0.038,0.03774413,64.49,BTC-28JUN24-80000-C,43811.73,sell,,1.0,,,,
230,274641624,2023-12-10 23:01:38,1,0.038,0.0377445,64.49,BTC-28JUN24-80000-C,43812.34,sell,,1.0,,,,
231,274641626,2023-12-10 23:01:41,1,0.038,0.03774464,64.48,BTC-28JUN24-80000-C,43813.7,sell,,1.0,,,,
232,274641675,2023-12-10 23:02:36,0,0.0385,0.03777971,64.74,BTC-28JUN24-80000-C,43815.22,sell,,1.0,,,,
233,274641676,2023-12-10 23:02:39,1,0.0385,0.03777796,64.74,BTC-28JUN24-80000-C,43815.22,sell,,1.0,,,,
234,274641681,2023-12-10 23:02:42,1,0.0385,0.03777623,64.74,BTC-28JUN24-80000-C,43815.22,sell,,1.0,,,,
235,274641683,2023-12-10 23:02:44,1,0.0385,0.03777508,64.74,BTC-28JUN24-80000-C,43815.74,sell,,1.0,,,,
236,274641684,2023-12-10 23:02:51,1,0.0385,0.03777479,64.74,BTC-28JUN24-80000-C,43816.62,sell,,0.5,,,,
237,274849550,2023-12-11 16:27:45,2,0.0315,0.03166545,64.59,BTC-28JUN24-80000-C,41683.84,buy,,2.1,,,,
238,274930765,2023-12-11 20:58:02,2,0.03,0.02955599,65.15,BTC-28JUN24-80000-C,40793.71,sell,,5.0,,,,
239,275139247,2023-12-13 03:56:46,2,0.0295,0.02899862,65.08,BTC-28JUN24-80000-C,40796.44,sell,0.4,0.4,,,,
240,275196193,2023-12-13 16:04:53,0,0.0305,0.03085119,63.81,BTC-28JUN24-80000-C,41899.35,sell,5.0,5.0,,,,
241,275196194,2023-12-13 16:04:53,1,0.0305,0.03085119,63.81,BTC-28JUN24-80000-C,41899.35,sell,3.5,3.5,,,,
242,275295055,2023-12-14 07:12:04,0,0.0315,0.03233967,62.98,BTC-28JUN24-80000-C,42839.29,buy,1.6,1.6,,,,
243,275295097,2023-12-14 07:12:48,2,0.0295,0.0314758,61.84,BTC-28JUN24-80000-C,42840.41,sell,11.0,11.0,,,,
244,275295098,2023-12-14 07:12:48,3,0.0295,0.0314758,61.84,BTC-28JUN24-80000-C,42840.41,sell,8.0,8.0,,,,
245,275295099,2023-12-14 07:12:48,3,0.0295,0.0314758,61.84,BTC-28JUN24-80000-C,42840.41,sell,12.0,12.0,,,,
246,275295100,2023-12-14 07:12:48,3,0.0295,0.0314758,61.84,BTC-28JUN24-80000-C,42840.41,sell,2.5,2.5,,,,
247,275295101,2023-12-14 07:12:48,3,0.0295,0.0314758,61.84,BTC-28JUN24-80000-C,42840.41,buy,16.5,16.5,,,,
248,275296446,2023-12-14 07:37:02,0,0.031,0.03048284,62.69,BTC-28JUN24-80000-C,42858.32,buy,0.6,0.6,,,,
249,275296447,2023-12-14 07:37:05,0,0.0315,0.03047831,62.98,BTC-28JUN24-80000-C,42856.47,buy,0.9,0.9,,,,
250,275296448,2023-12-14 07:37:05,1,0.0315,0.03047831,62.98,BTC-28JUN24-80000-C,42856.47,buy,10.1,10.1,,,,
251,275358787,2023-12-14 14:06:54,2,0.031,0.03061585,63.33,BTC-28JUN24-80000-C,42475.64,buy,3.1,3.1,,,,
252,275360708,2023-12-14 14:15:10,3,0.031,0.03038861,63.44,BTC-28JUN24-80000-C,42394.08,buy,1.6,1.6,,,,
253,275367865,2023-12-14 15:07:51,0,0.0315,0.03109314,63.27,BTC-28JUN24-80000-C,42665.34,sell,2.0,2.0,,,,
254,275479269,2023-12-15 09:59:05,2,0.029,0.03000105,61.75,BTC-28JUN24-80000-C,42825.75,sell,1.4,1.4,,,,
255,275479270,2023-12-15 09:59:05,3,0.029,0.03000105,61.75,BTC-28JUN24-80000-C,42825.75,sell,8.0,8.0,,,,
256,275479271,2023-12-15 09:59:05,3,0.029,0.03000105,61.75,BTC-28JUN24-80000-C,42825.75,sell,15.0,15.0,,,,
257,275479272,2023-12-15 09:59:05,3,0.029,0.03000105,61.75,BTC-28JUN24-80000-C,42825.75,buy,15.0,15.0,,,,
258,275479273,2023-12-15 09:59:05,3,0.029,0.03000105,61.75,BTC-28JUN24-80000-C,42825.75,buy,17.0,17.0,,,,
259,275479274,2023-12-15 09:59:05,3,0.029,0.03000105,61.75,BTC-28JUN24-80000-C,42825.75,buy,17.0,17.0,,,,
260,275490122,2023-12-15 12:37:25,0,0.0315,0.03153835,63.35,BTC-28JUN24-80000-C,42732.9,sell,1.5,1.5,,,,
261,275603179,2023-12-16 10:20:26,2,0.0295,0.02865697,63.21,BTC-28JUN24-80000-C,42162.87,buy,0.6,0.6,,,,
262,276106885,2023-12-20 14:14:42,0,0.035,0.03527005,64.47,BTC-28JUN24-80000-C,43679.8,sell,500.0,500.0,,BTC-CBUT-28JUN24-40000_55000_80000,117039,
263,276470434,2023-12-23 02:34:01,2,0.033,0.03453747,63.5,BTC-28JUN24-80000-C,43646.37,sell,13.0,13.0,,,,
264,276470435,2023-12-23 02:34:01,3,0.033,0.03453747,63.5,BTC-28JUN24-80000-C,43646.37,sell,12.0,12.0,,,,
265,276470436,2023-12-23 02:34:01,3,0.033,0.03453747,63.5,BTC-28JUN24-80000-C,43646.37,buy,15.0,15.0,,,,
266,276652875,2023-12-26 01:52:32,3,0.033,0.03342677,64.15,BTC-28JUN24-80000-C,43524.34,sell,1.5,1.5,,,,
267,276691194,2023-12-26 08:59:25,2,0.03,0.02997468,63.94,BTC-28JUN24-80000-C,42704.79,buy,0.3,0.3,,,,
268,276705099,2023-12-26 09:57:49,2,0.0295,0.02937571,64.34,BTC-28JUN24-80000-C,42372.07,buy,0.1,0.1,,,,
269,276707229,2023-12-26 10:03:22,3,0.0295,0.02941506,64.3,BTC-28JUN24-80000-C,42403.2,buy,0.1,0.1,,,,
270,276707711,2023-12-26 10:07:52,3,0.0295,0.02966927,64.12,BTC-28JUN24-80000-C,42495.7,buy,0.1,0.1,,,,
271,276708342,2023-12-26 10:14:26,3,0.0295,0.02974869,64.05,BTC-28JUN24-80000-C,42527.39,buy,0.1,0.1,,,,
272,276721758,2023-12-26 14:43:39,0,0.0305,0.03039528,64.27,BTC-28JUN24-80000-C,42686.91,buy,0.3,0.3,,,,
273,276723518,2023-12-26 15:12:49,2,0.03,0.02997699,64.2,BTC-28JUN24-80000-C,42561.46,buy,0.3,0.3,,,,
274,276726319,2023-12-26 15:51:11,3,0.03,0.03003439,64.31,BTC-28JUN24-80000-C,42482.93,buy,0.3,0.3,,,,
275,276728098,2023-12-26 15:57:41,2,0.0295,0.02960946,64.31,BTC-28JUN24-80000-C,42291.38,buy,0.3,0.3,,,,
276,276729271,2023-12-26 16:01:25,3,0.0295,0.02960774,64.21,BTC-28JUN24-80000-C,42356.21,buy,0.3,0.3,,,,
277,276729283,2023-12-26 16:01:28,3,0.0295,0.02954091,64.22,BTC-28JUN24-80000-C,42350.14,buy,0.3,0.3,,,,
278,276731566,2023-12-26 16:17:23,3,0.0295,0.02939727,64.34,BTC-28JUN24-80000-C,42298.92,buy,0.3,0.3,,,,
279,276732872,2023-12-26 16:25:40,2,0.029,0.0289975,64.33,BTC-28JUN24-80000-C,42124.3,buy,0.3,0.3,,,,
280,276740815,2023-12-26 17:38:07,3,0.029,0.02899388,64.5,BTC-28JUN24-80000-C,42001.57,buy,0.3,0.3,,,,
281,276745338,2023-12-26 17:40:39,2,0.0285,0.02873259,64.45,BTC-28JUN24-80000-C,41862.44,buy,0.3,0.3,,,,
282,276747178,2023-12-26 17:45:00,0,0.029,0.02934968,64.6,BTC-28JUN24-80000-C,41954.78,buy,0.3,0.3,,,,
283,276749905,2023-12-26 17:52:23,1,0.029,0.02890023,64.9,BTC-28JUN24-80000-C,41775.26,buy,0.3,0.3,,,,
284,276750103,2023-12-26 17:52:50,1,0.029,0.02909756,64.79,BTC-28JUN24-80000-C,41848.58,buy,0.3,0.3,,,,
285,276755105,2023-12-26 18:12:06,0,0.03,0.03002593,65.17,BTC-28JUN24-80000-C,41998.83,buy,0.3,0.3,,,,
286,276755170,2023-12-26 18:12:23,1,0.03,0.03004154,65.16,BTC-28JUN24-80000-C,42002.35,buy,0.3,0.3,,,,
287,276756225,2023-12-26 18:23:15,0,0.0315,0.03044912,66.19,BTC-28JUN24-80000-C,41912.39,buy,0.4,0.4,,,,
288,276785691,2023-12-27 05:14:36,0,0.033,0.03143008,66.31,BTC-28JUN24-80000-C,42403.09,buy,8.6,8.6,,,,
289,276896304,2023-12-28 01:54:50,0,0.036,0.03751219,65.94,BTC-28JUN24-80000-C,43528.83,sell,0.4,0.4,,,,
290,277002655,2023-12-28 16:29:51,2,0.0335,0.03348081,66.69,BTC-28JUN24-80000-C,42333.05,buy,0.6,0.6,,,,
291,277269350,2023-12-30 12:42:18,2,0.0295,0.03222478,64.93,BTC-28JUN24-80000-C,41930.44,sell,0.5,0.5,,,,
292,277269482,2023-12-30 12:43:21,2,0.029,0.0319692,64.62,BTC-28JUN24-80000-C,41940.99,sell,0.6,0.6,,,,
293,277269631,2023-12-30 12:44:53,2,0.0285,0.03062903,64.32,BTC-28JUN24-80000-C,41938.26,sell,0.7,0.7,,,,
294,277269959,2023-12-30 12:46:36,2,0.028,0.02964312,63.99,BTC-28JUN24-80000-C,41946.4,sell,0.6,0.6,,,,
295,277270092,2023-12-30 12:47:20,2,0.0275,0.02962894,63.66,BTC-28JUN24-80000-C,41957.29,sell,0.6,0.6,,,,
296,277272770,2023-12-30 13:52:33,2,0.027,0.02894447,63.37,BTC-28JUN24-80000-C,41958.73,sell,0.1,0.1,,,,
297,277272774,2023-12-30 13:53:08,2,0.0265,0.02889629,63.05,BTC-28JUN24-80000-C,41960.25,sell,0.1,0.1,,,,
298,277398497,2024-01-01 11:00:49,0,0.0332,0.03321552,65.63,BTC-28JUN24-80000-C,42698.97,sell,500.0,500.0,,,119045,
299,277502511,2024-01-02 00:57:24,0,0.0425,0.04241663,66.49,BTC-28JUN24-80000-C,44979.76,buy,1.0,1.0,,,,
300,277529087,2024-01-02 02:49:17,0,0.0445,0.04366007,66.83,BTC-28JUN24-80000-C,45310.16,buy,1.0,1.0,,,,
301,277587304,2024-01-02 10:08:32,0,0.045,0.04375567,66.38,BTC-28JUN24-80000-C,45636.81,buy,2.1,2.1,,,,
302,277747635,2024-01-03 09:02:44,2,0.042,0.0408198,65.94,BTC-28JUN24-80000-C,45248.26,buy,0.5,0.5,,,,
303,277749948,2024-01-03 09:28:49,2,0.0415,0.04101743,65.48,BTC-28JUN24-80000-C,45363.22,buy,0.5,0.5,,,,
304,277749977,2024-01-03 09:28:57,3,0.0415,0.04102289,65.48,BTC-28JUN24-80000-C,45367.51,buy,0.1,0.1,,,,
305,277768908,2024-01-03 11:25:31,2,0.039,0.03834697,65.82,BTC-28JUN24-80000-C,44578.95,buy,0.8,0.8,,,,
306,277889851,2024-01-03 13:42:14,2,0.0355,0.03629856,67.81,BTC-28JUN24-80000-C,42678.02,sell,1.0,1.0,,,,
307,277889852,2024-01-03 13:42:14,3,0.0355,0.03629856,67.81,BTC-28JUN24-80000-C,42678.02,sell,3.9,3.9,,,,
308,277907043,2024-01-03 14:40:49,2,0.035,0.0349551,68.37,BTC-28JUN24-80000-C,42240.6,sell,0.6,0.6,,,,
309,278080924,2024-01-04 13:05:17,0,0.0395,0.03829436,69.04,BTC-28JUN24-80000-C,43376.86,buy,13.0,13.0,,,,
310,278117238,2024-01-04 17:04:11,0,0.0405,0.03967719,68.74,BTC-28JUN24-80000-C,43907.26,buy,1.4,1.4,,,,
311,278180274,2024-01-04 22:17:18,0,0.0425,0.04248326,68.24,BTC-28JUN24-80000-C,44751.0,buy,1.0,1.0,,,,
312,278300407,2024-01-05 11:02:56,2,0.039,0.03774749,68.89,BTC-28JUN24-80000-C,43763.44,buy,0.6,0.6,,,,
313,278300408,2024-01-05 11:02:56,3,0.039,0.03774749,68.89,BTC-28JUN24-80000-C,43763.44,buy,1.3,1.3,,,,
314,278300409,2024-01-05 11:02:56,3,0.039,0.03774749,68.89,BTC-28JUN24-80000-C,43763.44,buy,2.4,2.4,,,,
315,278300657,2024-01-05 11:03:51,3,0.039,0.03836339,68.89,BTC-28JUN24-80000-C,43761.42,buy,3.0,3.0,,,,
316,278321236,2024-01-05 13:40:59,0,0.04,0.04017312,69.13,BTC-28JUN24-80000-C,43872.67,buy,1.0,1.0,,,,
317,278344913,2024-01-05 15:21:33,2,0.038,0.03876249,68.42,BTC-28JUN24-80000-C,43661.98,sell,0.1,0.1,,,,
318,278419320,2024-01-06 01:46:18,0,0.041,0.04130421,69.73,BTC-28JUN24-80000-C,44070.85,sell,0.3,0.3,,,,
319,278520476,2024-01-07 14:08:07,1,0.041,0.03973562,69.38,BTC-28JUN24-80000-C,44480.6,buy,2.0,2.0,,,,
320,278520478,2024-01-07 14:08:11,0,0.0415,0.03973029,69.65,BTC-28JUN24-80000-C,44481.47,buy,0.1,0.1,,,,
321,278638520,2024-01-08 11:56:13,2,0.039,0.04135742,68.26,BTC-28JUN24-80000-C,44645.04,sell,0.7,0.7,,,,
322,278638635,2024-01-08 11:56:31,3,0.039,0.04129191,68.28,BTC-28JUN24-80000-C,44626.55,buy,0.7,0.7,,,,
323,278638692,2024-01-08 11:56:36,0,0.04,0.0411879,68.85,BTC-28JUN24-80000-C,44620.25,buy,0.7,0.7,,,,
324,278638806,2024-01-08 11:56:45,0,0.0405,0.04108144,69.14,BTC-28JUN24-80000-C,44594.67,buy,0.4,0.4,,,,
325,278657284,2024-01-08 12:43:05,0,0.0425,0.04356265,69.56,BTC-28JUN24-80000-C,44959.29,sell,0.2,0.2,,,,
326,278657285,2024-01-08 12:43:05,1,0.0425,0.04356265,69.56,BTC-28JUN24-80000-C,44959.29,sell,0.8,0.8,,,,
327,278722801,2024-01-08 18:23:47,0,0.046,0.04600535,69.43,BTC-28JUN24-80000-C,46042.96,buy,0.1,0.1,,,,
328,278795079,2024-01-09 00:08:19,0,0.0465,0.04732447,68.05,BTC-28JUN24-80000-C,47053.84,sell,0.1,0.1,,,,
329,278816397,2024-01-09 02:44:18,2,0.0455,0.04568655,68.01,BTC-28JUN24-80000-C,46747.16,buy,0.6,0.6,,,,
330,278864741,2024-01-09 12:07:15,2,0.0415,0.0413628,65.99,BTC-28JUN24-80000-C,46707.26,buy,5.0,5.0,,,,
331,278927166,2024-01-09 17:07:20,3,0.0415,0.04124314,66.0,BTC-28JUN24-80000-C,46839.66,sell,1.2,1.2,,,,
332,278927167,2024-01-09 17:07:20,3,0.0415,0.04124314,66.0,BTC-28JUN24-80000-C,46839.66,sell,0.2,0.2,,,,
333,279040647,2024-01-10 00:39:08,2,0.036,0.03637857,64.73,BTC-28JUN24-80000-C,45944.27,sell,0.6,0.6,,,,
334,279049947,2024-01-10 02:46:40,2,0.0355,0.03559483,64.35,BTC-28JUN24-80000-C,45982.53,buy,2.0,2.0,,,,
335,279060113,2024-01-10 06:51:45,3,0.0355,0.03651134,64.34,BTC-28JUN24-80000-C,46028.96,sell,0.7,0.7,,,,
336,279060114,2024-01-10 06:51:45,3,0.0355,0.03651134,64.34,BTC-28JUN24-80000-C,46028.96,sell,0.3,0.3,,,,
337,279103954,2024-01-10 12:31:58,2,0.035,0.03503857,66.0,BTC-28JUN24-80000-C,45063.86,sell,1.0,1.0,,,,
338,279159741,2024-01-10 14:57:11,0,0.036,0.03730613,66.92,BTC-28JUN24-80000-C,44855.75,sell,1.0,1.0,,,,
339,279414985,2024-01-11 01:13:58,0,0.0395,0.04027129,65.74,BTC-28JUN24-80000-C,46628.17,sell,1.0,1.0,,,,
340,279453520,2024-01-11 07:36:01,2,0.0385,0.03844197,66.3,BTC-28JUN24-80000-C,46016.16,buy,0.1,0.1,,,,
341,279454737,2024-01-11 07:47:05,0,0.039,0.03890754,66.47,BTC-28JUN24-80000-C,46072.2,buy,0.1,0.1,,,,
342,279493794,2024-01-11 11:55:59,0,0.0411,0.039584,65.96,BTC-28JUN24-80000-C,47072.25,buy,13.0,13.0,,BTC-CS-28JUN24-80000_120000,121160,
343,279495803,2024-01-11 12:02:26,2,0.0405,0.03996741,65.49,BTC-28JUN24-80000-C,47165.96,sell,0.6,0.6,,,,
344,279524458,2024-01-11 14:03:41,0,0.041,0.04174176,64.97,BTC-28JUN24-80000-C,47628.57,sell,1.0,1.0,,,,
345,279524561,2024-01-11 14:04:12,0,0.0415,0.04172194,65.22,BTC-28JUN24-80000-C,47632.59,buy,0.3,0.3,,,,
346,279524714,2024-01-11 14:04:36,1,0.0415,0.0417825,65.18,BTC-28JUN24-80000-C,47658.61,buy,1.2,1.2,,,,
347,279661256,2024-01-11 17:29:38,2,0.033,0.03357853,64.11,BTC-28JUN24-80000-C,45722.07,buy,1.5,1.5,,,,
348,279674844,2024-01-11 18:31:42,0,0.0361,0.03466651,64.61,BTC-28JUN24-80000-C,46471.76,buy,25.0,25.0,,BTC-CS-28JUN24-80000_120000,121378,
349,279674918,2024-01-11 18:31:52,0,0.0365,0.03468606,64.82,BTC-28JUN24-80000-C,46474.82,buy,13.0,13.0,,BTC-CS-28JUN24-80000_120000,121379,
350,279701544,2024-01-11 20:48:12,2,0.035,0.03472731,63.96,BTC-28JUN24-80000-C,46529.94,buy,1.8,1.8,,,,
351,279707412,2024-01-11 21:07:47,2,0.0347,0.03474655,64.1,BTC-28JUN24-80000-C,46341.75,sell,25.0,25.0,,BTC-CS-28JUN24-55000_80000,121427,
352,279707984,2024-01-11 21:08:49,2,0.034,0.03427728,63.93,BTC-28JUN24-80000-C,46204.92,sell,25.0,25.0,,BTC-CS-28JUN24-55000_80000,121428,
353,279764391,2024-01-12 07:37:36,2,0.0305,0.03079094,62.62,BTC-28JUN24-80000-C,45904.09,sell,1.5,1.5,,,,
354,279797381,2024-01-12 09:41:33,3,0.0305,0.03040081,62.72,BTC-28JUN24-80000-C,45884.85,buy,0.2,0.2,,,,
355,279809357,2024-01-12 11:23:42,0,0.0315,0.03123018,63.01,BTC-28JUN24-80000-C,46050.96,buy,0.2,0.2,,,,
356,279830825,2024-01-12 13:48:12,1,0.0315,0.03090877,63.52,BTC-28JUN24-80000-C,45771.94,buy,1.9,1.9,,,,
357,279860468,2024-01-12 15:35:32,2,0.029,0.02876697,63.76,BTC-28JUN24-80000-C,44675.9,sell,0.1,0.1,,,,
358,279878481,2024-01-12 16:06:11,2,0.0285,0.02829442,63.79,BTC-28JUN24-80000-C,44381.73,sell,0.1,0.1,,,,
359,279878699,2024-01-12 16:06:41,3,0.0285,0.02824729,63.84,BTC-28JUN24-80000-C,44349.85,sell,0.1,0.1,,,,
360,279880700,2024-01-12 16:11:34,0,0.0295,0.02823462,64.42,BTC-28JUN24-80000-C,44437.07,buy,0.1,0.1,,,,
361,279886033,2024-01-12 16:20:06,2,0.0275,0.02709685,64.04,BTC-28JUN24-80000-C,43927.01,sell,0.1,0.1,,,,
362,279898644,2024-01-12 16:37:34,2,0.0265,0.02636141,64.02,BTC-28JUN24-80000-C,43584.3,sell,1.0,1.0,,,,
363,279974844,2024-01-12 20:57:07,2,0.0255,0.02544238,63.25,BTC-28JUN24-80000-C,43754.12,sell,0.1,0.1,,,,
364,279986578,2024-01-12 22:03:24,2,0.025,0.02520622,63.76,BTC-28JUN24-80000-C,43259.37,sell,0.1,0.1,,,,
365,280048071,2024-01-13 01:38:47,2,0.0245,0.02457657,64.52,BTC-28JUN24-80000-C,42720.52,sell,0.1,0.1,,,,
366,280053905,2024-01-13 02:59:49,0,0.0255,0.02578222,65.54,BTC-28JUN24-80000-C,42530.18,sell,0.1,0.1,,,,
367,280139887,2024-01-13 21:57:53,2,0.0235,0.02458028,63.72,BTC-28JUN24-80000-C,42964.01,sell,0.1,0.1,,,,
368,280139895,2024-01-13 21:57:56,3,0.0235,0.02458003,63.72,BTC-28JUN24-80000-C,42963.88,sell,0.1,0.1,,,,
369,280139900,2024-01-13 21:58:03,3,0.0235,0.02457923,63.72,BTC-28JUN24-80000-C,42963.99,sell,0.1,0.1,,,,
370,280215947,2024-01-14 21:53:10,2,0.022,0.02240118,63.91,BTC-28JUN24-80000-C,42444.7,sell,0.1,0.1,,,,
371,280281985,2024-01-15 10:00:31,0,0.0235,0.02284953,64.57,BTC-28JUN24-80000-C,42709.14,buy,1.0,1.0,,,,
372,280281986,2024-01-15 10:00:31,1,0.0235,0.02284953,64.57,BTC-28JUN24-80000-C,42709.14,buy,0.6,0.6,,,,
373,280457157,2024-01-16 16:01:58,0,0.0245,0.02449182,64.14,BTC-28JUN24-80000-C,43337.44,buy,1.0,1.0,,,,
374,280638245,2024-01-18 10:25:52,2,0.017,0.01745998,60.01,BTC-28JUN24-80000-C,42669.01,sell,4.0,4.0,,,,
375,280667126,2024-01-18 16:09:59,2,0.016,0.01615999,59.54,BTC-28JUN24-80000-C,42509.8,sell,0.3,0.3,,,,
376,280667208,2024-01-18 16:11:42,3,0.016,0.01609479,59.57,BTC-28JUN24-80000-C,42495.3,sell,0.3,0.3,,,,
377,280667759,2024-01-18 16:15:50,3,0.016,0.01596101,59.67,BTC-28JUN24-80000-C,42436.86,sell,0.3,0.3,,,,
378,280684737,2024-01-18 17:09:13,2,0.015,0.01501025,59.9,BTC-28JUN24-80000-C,41794.65,sell,0.3,0.3,,,,
379,280684738,2024-01-18 17:09:13,3,0.015,0.01501025,59.9,BTC-28JUN24-80000-C,41794.65,sell,3.8,3.8,,,,
380,280863393,2024-01-19 14:49:42,2,0.0145,0.01373301,61.55,BTC-28JUN24-80000-C,40851.24,buy,0.2,0.2,,,,
381,280878929,2024-01-19 16:23:17,2,0.0135,0.01356859,61.03,BTC-28JUN24-80000-C,40620.4,sell,1.0,1.0,,,,
382,281079999,2024-01-22 13:08:27,2,0.012,0.01215892,59.6,BTC-28JUN24-80000-C,40986.65,buy,0.1,0.1,,,,
383,281084969,2024-01-22 13:59:08,0,0.0125,0.01246768,60.28,BTC-28JUN24-80000-C,40904.81,sell,2.2,2.2,,,,
384,281185937,2024-01-22 22:46:38,2,0.011,0.01119807,61.19,BTC-28JUN24-80000-C,39490.05,sell,1.0,1.0,,,,
385,281257566,2024-01-23 09:31:41,0,0.0115,0.01091689,62.89,BTC-28JUN24-80000-C,38900.07,sell,2.0,2.0,,,,
386,281368930,2024-01-23 21:18:53,2,0.011,0.01131515,61.98,BTC-28JUN24-80000-C,39083.2,buy,1.0,1.0,,,,
387,281535674,2024-01-25 15:49:57,3,0.011,0.01081631,61.2,BTC-28JUN24-80000-C,39660.54,sell,0.5,0.5,,,,
388,281586908,2024-01-26 05:24:28,3,0.011,0.01072347,60.61,BTC-28JUN24-80000-C,40090.61,sell,1.0,1.0,,,,
389,281592506,2024-01-26 07:28:22,2,0.0105,0.01090231,60.38,BTC-28JUN24-80000-C,39904.27,sell,2.0,2.0,,,,
390,281592589,2024-01-26 07:29:37,2,0.01,0.01067062,59.8,BTC-28JUN24-80000-C,39909.8,sell,5.0,5.0,,,,
391,281592590,2024-01-26 07:29:37,3,0.01,0.01067062,59.8,BTC-28JUN24-80000-C,39909.8,sell,2.0,2.0,,,,
392,281616712,2024-01-26 10:09:21,3,0.01,0.01056339,59.45,BTC-28JUN24-80000-C,40143.19,sell,1.0,1.0,,,,
393,281630596,2024-01-26 11:23:06,0,0.011,0.01102475,59.46,BTC-28JUN24-80000-C,40836.91,buy,0.1,0.1,,,,
394,281630597,2024-01-26 11:23:06,1,0.011,0.01102475,59.46,BTC-28JUN24-80000-C,40836.91,buy,0.1,0.1,,,,
395,281672839,2024-01-26 15:35:02,0,0.012,0.01215938,59.89,BTC-28JUN24-80000-C,41220.2,buy,2.0,2.0,,,,
396,281691963,2024-01-26 16:54:44,0,0.0125,0.01278396,59.23,BTC-28JUN24-80000-C,41946.99,buy,1.0,1.0,,,,
397,281699029,2024-01-26 17:39:52,2,0.012,0.0125398,58.8,BTC-28JUN24-80000-C,41883.14,buy,0.4,0.4,,,,
398,281708770,2024-01-26 18:34:09,0,0.013,0.01284355,59.5,BTC-28JUN24-80000-C,42063.56,buy,2.0,2.0,,,,
399,281712938,2024-01-26 18:54:47,1,0.013,0.01317269,59.45,BTC-28JUN24-80000-C,42099.24,buy,0.1,0.1,,,,
400,281712942,2024-01-26 18:54:50,1,0.013,0.01317021,59.45,BTC-28JUN24-80000-C,42093.66,buy,0.1,0.1,,,,
401,281713112,2024-01-26 18:57:20,1,0.013,0.01310341,59.45,BTC-28JUN24-80000-C,42100.67,buy,0.8,0.8,,,,
402,281735252,2024-01-26 21:41:07,2,0.0125,0.01260499,59.21,BTC-28JUN24-80000-C,41943.76,buy,0.1,0.1,,,,
403,281774936,2024-01-27 15:48:07,2,0.012,0.01222734,59.02,BTC-28JUN24-80000-C,41865.84,buy,1.0,1.0,,,,
404,281824053,2024-01-28 08:29:43,0,0.013,0.01341721,59.1,BTC-28JUN24-80000-C,42513.32,buy,0.2,0.2,,,,
405,281824089,2024-01-28 08:30:01,1,0.013,0.01340965,59.1,BTC-28JUN24-80000-C,42512.49,buy,0.2,0.2,,,,
406,281824152,2024-01-28 08:30:29,1,0.013,0.013395,59.11,BTC-28JUN24-80000-C,42505.5,buy,0.3,0.3,,,,
407,281824206,2024-01-28 08:32:30,1,0.013,0.01339184,59.12,BTC-28JUN24-80000-C,42499.36,buy,0.3,0.3,,,,
408,281867130,2024-01-28 21:44:27,2,0.0125,0.01290952,59.76,BTC-28JUN24-80000-C,41917.58,buy,0.2,0.2,,,,
409,281936541,2024-01-29 15:54:23,0,0.014,0.01385948,60.44,BTC-28JUN24-80000-C,42453.32,buy,0.4,0.4,,,,
410,281936784,2024-01-29 15:55:17,1,0.014,0.01387278,60.41,BTC-28JUN24-80000-C,42465.72,buy,0.2,0.2,,,,
411,281937459,2024-01-29 15:58:10,1,0.014,0.01402475,60.27,BTC-28JUN24-80000-C,42560.32,buy,0.4,0.4,,,,
412,282073624,2024-01-30 16:13:51,0,0.0145,0.01530966,59.59,BTC-28JUN24-80000-C,43311.58,sell,0.1,0.1,,,,
413,282073645,2024-01-30 16:14:35,1,0.0145,0.01531431,59.58,BTC-28JUN24-80000-C,43316.75,sell,1.0,1.0,,,,
414,282173376,2024-01-31 12:12:30,2,0.014,0.01432096,60.53,BTC-28JUN24-80000-C,42579.74,sell,15.0,15.0,,,,
415,282173377,2024-01-31 12:12:30,3,0.014,0.01432096,60.53,BTC-28JUN24-80000-C,42579.74,sell,4.0,4.0,,,,
416,282173378,2024-01-31 12:12:30,3,0.014,0.01432096,60.53,BTC-28JUN24-80000-C,42579.74,sell,2.5,2.5,,,,
417,282173379,2024-01-31 12:12:30,3,0.014,0.01432096,60.53,BTC-28JUN24-80000-C,42579.74,sell,7.9,7.9,,,,
418,282173380,2024-01-31 12:12:30,3,0.014,0.01432096,60.53,BTC-28JUN24-80000-C,42579.74,sell,2.0,2.0,,,,
419,282178890,2024-01-31 13:38:28,0,0.0145,0.01437145,60.62,BTC-28JUN24-80000-C,42803.99,buy,1.5,1.5,,,,
420,282192760,2024-01-31 15:33:50,0,0.015,0.01507129,60.37,BTC-28JUN24-80000-C,43220.7,buy,0.1,0.1,,,,
421,282203843,2024-01-31 16:14:38,0,0.0155,0.01529607,60.3,BTC-28JUN24-80000-C,43502.48,buy,0.1,0.1,,,,
422,282203844,2024-01-31 16:14:38,1,0.0155,0.01529607,60.3,BTC-28JUN24-80000-C,43502.48,buy,2.1,2.1,,,,
423,282203868,2024-01-31 16:14:47,1,0.0155,0.0152874,60.31,BTC-28JUN24-80000-C,43498.67,buy,2.2,2.2,,,,
424,282203995,2024-01-31 16:15:53,1,0.0155,0.01523548,60.38,BTC-28JUN24-80000-C,43461.64,buy,0.7,0.7,,,,
425,282217382,2024-01-31 18:07:30,0,0.016,0.01570978,60.59,BTC-28JUN24-80000-C,43592.65,buy,0.1,0.1,,,,
426,282217383,2024-01-31 18:07:30,1,0.016,0.01570978,60.59,BTC-28JUN24-80000-C,43592.65,buy,1.0,1.0,,,,
427,282470312,2024-02-02 13:32:41,2,0.013,0.01318183,59.65,BTC-28JUN24-80000-C,42847.86,buy,2.0,2.0,,,,
428,282472247,2024-02-02 13:36:55,3,0.013,0.01312043,59.54,BTC-28JUN24-80000-C,42898.1,buy,0.2,0.2,,,,
429,282656067,2024-02-05 11:29:35,0,0.0135,0.01274381,60.34,BTC-28JUN24-80000-C,43081.97,buy,0.1,0.1,,,,
430,282656068,2024-02-05 11:29:35,1,0.0135,0.01274381,60.34,BTC-28JUN24-80000-C,43081.97,buy,0.9,0.9,,,,
431,282802511,2024-02-07 04:30:00,2,0.0115,0.01155525,59.07,BTC-28JUN24-80000-C,42853.59,buy,2.2,2.2,,,,
432,282831552,2024-02-07 14:34:55,2,0.0104,0.0114892,57.58,BTC-28JUN24-80000-C,43113.33,sell,19.0,19.0,,BTC-CS-28JUN24-80000_120000,124790,
433,282831555,2024-02-07 14:34:55,3,0.0104,0.0114892,57.58,BTC-28JUN24-80000-C,43113.33,sell,22.0,22.0,,BTC-CS-28JUN24-80000_120000,124791,
434,282884660,2024-02-07 20:54:17,0,0.013,0.01279149,58.67,BTC-28JUN24-80000-C,44112.18,sell,2.1,2.1,,,,
435,282959094,2024-02-08 10:15:01,0,0.0135,0.01386902,58.05,BTC-28JUN24-80000-C,44769.79,buy,0.1,0.1,,,,
436,282959097,2024-02-08 10:15:03,1,0.0135,0.01386725,58.04,BTC-28JUN24-80000-C,44771.38,buy,9.9,9.9,,,,
437,283000627,2024-02-08 15:30:54,0,0.015,0.01492271,58.41,BTC-28JUN24-80000-C,45409.06,buy,0.5,0.5,,,,
438,283000628,2024-02-08 15:30:54,1,0.015,0.01492271,58.41,BTC-28JUN24-80000-C,45409.06,buy,0.4,0.4,,,,
439,283005048,2024-02-08 15:51:14,0,0.0155,0.01494247,58.84,BTC-28JUN24-80000-C,45436.6,buy,2.5,2.5,,,,
440,283050175,2024-02-08 21:37:13,1,0.0155,0.01538872,58.74,BTC-28JUN24-80000-C,45491.48,sell,0.1,0.1,,,,
441,283125463,2024-02-09 07:54:28,0,0.0165,0.01714891,58.38,BTC-28JUN24-80000-C,46227.93,sell,3.1,3.1,,,,
442,283125464,2024-02-09 07:54:28,1,0.0165,0.01714891,58.38,BTC-28JUN24-80000-C,46227.93,sell,4.0,4.0,,,,
443,283142987,2024-02-09 09:27:59,0,0.019,0.0181642,59.84,BTC-28JUN24-80000-C,46588.97,buy,5.0,5.0,,,,
444,283196102,2024-02-09 14:17:19,0,0.024,0.02340161,62.23,BTC-28JUN24-80000-C,47391.45,buy,14.0,14.0,,,,
445,283196103,2024-02-09 14:17:19,1,0.024,0.02340161,62.23,BTC-28JUN24-80000-C,47391.45,buy,8.7,8.7,,,,
446,283239967,2024-02-09 17:52:17,0,0.026,0.02616565,63.21,BTC-28JUN24-80000-C,47635.68,sell,1.0,1.0,,,,
447,283240104,2024-02-09 17:52:50,0,0.0265,0.02607639,63.62,BTC-28JUN24-80000-C,47602.85,buy,1.0,1.0,,,,
448,283240184,2024-02-09 17:52:59,1,0.0265,0.02615596,63.55,BTC-28JUN24-80000-C,47646.09,buy,1.0,1.0,,,,
449,283276456,2024-02-09 21:39:16,2,0.0245,0.02481995,62.69,BTC-28JUN24-80000-C,47409.61,buy,1.0,1.0,,,,
450,283328118,2024-02-10 16:43:39,2,0.0225,0.02346039,61.81,BTC-28JUN24-80000-C,47280.14,buy,0.4,0.4,,,,
451,283348292,2024-02-10 21:28:53,0,0.026,0.02578434,62.94,BTC-28JUN24-80000-C,48012.67,buy,0.2,0.2,,,,
452,283354231,2024-02-10 22:51:47,0,0.0265,0.02581648,63.76,BTC-28JUN24-80000-C,47762.15,sell,1.0,1.0,,,,
453,283375958,2024-02-11 03:57:21,0,0.0285,0.02800463,63.9,BTC-28JUN24-80000-C,48385.08,sell,12.5,12.5,,,125346,
454,283376810,2024-02-11 03:59:36,2,0.027,0.02847018,62.62,BTC-28JUN24-80000-C,48538.0,sell,0.1,0.1,,,,
455,283377261,2024-02-11 04:00:39,0,0.0275,0.02850055,62.93,BTC-28JUN24-80000-C,48541.94,sell,0.1,0.1,,,,
456,283378810,2024-02-11 04:08:57,0,0.029,0.02844719,64.12,BTC-28JUN24-80000-C,48440.54,sell,25.0,25.0,,,125348,
457,283405096,2024-02-11 09:30:05,2,0.0272,0.0275062,63.33,BTC-28JUN24-80000-C,48221.99,sell,20.0,20.0,,,125353,
458,283409862,2024-02-11 10:55:27,2,0.027,0.02629659,63.53,BTC-28JUN24-80000-C,48042.75,buy,0.2,0.2,,,,
459,283463349,2024-02-12 00:25:20,0,0.028,0.0280753,63.29,BTC-28JUN24-80000-C,48506.85,buy,0.1,0.1,,,,
460,283479440,2024-02-12 03:25:50,2,0.0269,0.02672012,63.35,BTC-28JUN24-80000-C,48155.38,sell,50.0,50.0,,,125388,
461,283482969,2024-02-12 04:50:02,0,0.027,0.02681556,63.45,BTC-28JUN24-80000-C,48101.53,buy,0.2,0.2,,,,
462,283482970,2024-02-12 04:50:02,1,0.027,0.02681556,63.45,BTC-28JUN24-80000-C,48101.53,buy,0.2,0.2,,,,
463,283484685,2024-02-12 05:37:36,1,0.027,0.02690289,63.41,BTC-28JUN24-80000-C,48149.49,buy,0.2,0.2,,,,
464,283484686,2024-02-12 05:37:36,1,0.027,0.02690289,63.41,BTC-28JUN24-80000-C,48149.49,buy,0.2,0.2,,,,
465,283489473,2024-02-12 06:47:40,2,0.026,0.02668047,63.32,BTC-28JUN24-80000-C,47799.73,buy,0.2,0.2,,,,
466,283490230,2024-02-12 06:48:45,0,0.0265,0.02676268,63.49,BTC-28JUN24-80000-C,47880.28,buy,0.2,0.2,,,,
467,283491523,2024-02-12 06:56:34,0,0.028,0.02740075,64.18,BTC-28JUN24-80000-C,48068.88,buy,1.0,1.0,,,,
468,283500319,2024-02-12 08:41:44,1,0.028,0.02808075,64.11,BTC-28JUN24-80000-C,48157.89,buy,0.2,0.2,,,,
469,283501860,2024-02-12 09:11:06,1,0.028,0.02838995,64.22,BTC-28JUN24-80000-C,48083.11,sell,0.2,0.2,,,,
470,283506171,2024-02-12 10:08:09,2,0.027,0.02736359,64.16,BTC-28JUN24-80000-C,47739.75,buy,0.2,0.2,,,,
471,283506172,2024-02-12 10:08:09,3,0.027,0.02736359,64.16,BTC-28JUN24-80000-C,47739.75,buy,0.2,0.2,,,,
472,283516917,2024-02-12 13:18:15,0,0.028,0.02767161,64.52,BTC-28JUN24-80000-C,47942.64,buy,0.2,0.2,,,,
473,283517012,2024-02-12 13:20:31,1,0.028,0.0277727,64.5,BTC-28JUN24-80000-C,47944.43,buy,0.2,0.2,,,,
474,283518096,2024-02-12 13:39:36,0,0.029,0.02827562,65.18,BTC-28JUN24-80000-C,47914.25,buy,4.0,4.0,,,,
475,283519153,2024-02-12 13:50:57,0,0.03,0.02955132,65.72,BTC-28JUN24-80000-C,47957.68,buy,5.0,5.0,,,,
476,283519154,2024-02-12 13:50:58,1,0.03,0.02956052,65.72,BTC-28JUN24-80000-C,47957.6,buy,0.1,0.1,,,,
477,283519167,2024-02-12 13:51:17,0,0.0315,0.02985051,66.69,BTC-28JUN24-80000-C,47957.06,buy,1.5,1.5,,,,
478,283519168,2024-02-12 13:51:17,1,0.0315,0.02985051,66.69,BTC-28JUN24-80000-C,47957.06,buy,13.0,13.0,,,,
479,283519169,2024-02-12 13:51:17,1,0.0315,0.02985051,66.69,BTC-28JUN24-80000-C,47957.06,buy,4.0,4.0,,,,
480,283519170,2024-02-12 13:51:17,1,0.0315,0.02985051,66.69,BTC-28JUN24-80000-C,47957.06,buy,6.0,6.0,,,,
481,283519171,2024-02-12 13:51:17,1,0.0315,0.02985051,66.69,BTC-28JUN24-80000-C,47957.06,sell,25.5,25.5,,,,
482,283552995,2024-02-12 15:39:27,0,0.0386,0.03903492,67.98,BTC-28JUN24-80000-C,49499.48,sell,50.0,50.0,,,125489,
483,283577997,2024-02-12 16:16:32,2,0.0385,0.03815891,67.88,BTC-28JUN24-80000-C,49498.97,buy,0.4,0.4,,,,
484,283593384,2024-02-12 17:05:26,2,0.0375,0.03801123,66.84,BTC-28JUN24-80000-C,49727.08,sell,10.0,10.0,,,,
485,283597097,2024-02-12 17:19:03,0,0.038,0.03845199,66.6,BTC-28JUN24-80000-C,50001.91,buy,0.5,0.5,,,,
486,283624908,2024-02-12 19:28:22,2,0.037,0.03765519,66.35,BTC-28JUN24-80000-C,49844.68,buy,2.9,2.9,,,,
487,283624909,2024-02-12 19:28:22,3,0.037,0.03765338,66.35,BTC-28JUN24-80000-C,49844.53,buy,2.1,2.1,,,,
488,283667122,2024-02-13 02:23:29,2,0.0365,0.03659309,65.56,BTC-28JUN24-80000-C,50141.12,buy,0.7,0.7,,,,
489,283675002,2024-02-13 05:07:06,2,0.035,0.03538311,65.12,BTC-28JUN24-80000-C,49901.95,sell,0.4,0.4,,,,
490,283714481,2024-02-13 13:36:13,0,0.0365,0.03640669,66.93,BTC-28JUN24-80000-C,49531.7,sell,0.2,0.2,,,,
491,283747034,2024-02-13 15:02:57,2,0.0335,0.03335628,66.51,BTC-28JUN24-80000-C,48862.79,buy,1.9,1.9,,,,
492,283806735,2024-02-13 23:51:02,0,0.0345,0.03426495,65.7,BTC-28JUN24-80000-C,49706.64,buy,0.9,0.9,,,,
493,283880795,2024-02-14 10:04:25,0,0.042,0.04245109,66.44,BTC-28JUN24-80000-C,51500.95,buy,0.1,0.1,,,,
494,283930700,2024-02-14 13:02:20,0,0.045,0.0449002,67.74,BTC-28JUN24-80000-C,51622.08,buy,0.5,0.5,,,,
495,283939125,2024-02-14 13:54:59,0,0.0481,0.0451411,69.25,BTC-28JUN24-80000-C,51717.63,buy,250.0,250.0,,,125925,
496,283957166,2024-02-14 14:55:06,2,0.0475,0.04691555,68.48,BTC-28JUN24-80000-C,51907.08,buy,2.0,2.0,,,,
497,283996870,2024-02-14 17:29:06,2,0.0445,0.04529788,67.39,BTC-28JUN24-80000-C,51672.35,sell,0.5,0.5,,,,
498,284028347,2024-02-14 21:40:25,3,0.0445,0.04454346,67.57,BTC-28JUN24-80000-C,51649.07,buy,0.1,0.1,,,,
499,284028394,2024-02-14 21:41:38,3,0.0445,0.04454798,67.55,BTC-28JUN24-80000-C,51654.27,buy,0.1,0.1,,,,
500,284028775,2024-02-14 21:45:44,3,0.0445,0.04457648,67.46,BTC-28JUN24-80000-C,51698.63,buy,0.1,0.1,,,,
501,284028924,2024-02-14 21:48:32,3,0.0445,0.04456906,67.4,BTC-28JUN24-80000-C,51724.06,buy,2.7,2.7,,,,
502,284067779,2024-02-15 02:45:19,0,0.045,0.04614147,66.72,BTC-28JUN24-80000-C,52217.63,sell,0.1,0.1,,,,
503,284088944,2024-02-15 07:00:02,2,0.0448,0.04524717,66.98,BTC-28JUN24-80000-C,52024.59,sell,50.0,50.0,,,126040,
504,284089247,2024-02-15 07:03:46,0,0.0455,0.04533099,67.3,BTC-28JUN24-80000-C,52057.99,buy,1.0,1.0,,,,
505,284089251,2024-02-15 07:04:09,2,0.045,0.04529146,67.05,BTC-28JUN24-80000-C,52051.57,sell,50.0,50.0,,,126041,
506,284089329,2024-02-15 07:05:57,3,0.045,0.04532351,67.03,BTC-28JUN24-80000-C,52067.75,sell,50.0,50.0,,,126042,
507,284089619,2024-02-15 07:11:37,0,0.0452,0.04558603,67.08,BTC-28JUN24-80000-C,52096.92,sell,50.0,50.0,,,126043,
508,284089916,2024-02-15 07:17:12,0,0.0454,0.04581433,67.09,BTC-28JUN24-80000-C,52140.97,sell,50.0,50.0,,,126044,
509,284091471,2024-02-15 07:32:46,2,0.0452,0.04561403,67.1,BTC-28JUN24-80000-C,52086.47,sell,50.0,50.0,,,126048,
510,284115538,2024-02-15 09:38:01,0,0.046,0.04609267,67.19,BTC-28JUN24-80000-C,52229.1,buy,0.1,0.1,,,,
511,284133338,2024-02-15 11:37:42,0,0.0496,0.0465946,69.08,BTC-28JUN24-80000-C,52279.67,buy,250.0,250.0,,,126107,
512,284167830,2024-02-15 14:31:27,2,0.048,0.04797762,67.75,BTC-28JUN24-80000-C,52647.8,buy,0.5,0.5,,,,
513,284176331,2024-02-15 14:46:03,0,0.0495,0.04841588,68.38,BTC-28JUN24-80000-C,52723.51,buy,2.2,2.2,,,,
514,284176332,2024-02-15 14:46:03,1,0.0495,0.04841588,68.38,BTC-28JUN24-80000-C,52723.51,buy,6.0,6.0,,,,
515,284176333,2024-02-15 14:46:03,1,0.0495,0.04841588,68.38,BTC-28JUN24-80000-C,52723.51,buy,1.0,1.0,,,,
516,284177261,2024-02-15 14:47:39,0,0.05,0.04957249,68.54,BTC-28JUN24-80000-C,52772.9,buy,0.1,0.1,,,,
517,284177262,2024-02-15 14:47:39,1,0.05,0.04957249,68.54,BTC-28JUN24-80000-C,52772.9,buy,5.0,5.0,,,,
518,284244904,2024-02-15 19:38:01,2,0.0445,0.04525952,67.13,BTC-28JUN24-80000-C,51919.29,buy,0.1,0.1,,,,
519,284296530,2024-02-16 04:45:04,0,0.045,0.04600369,66.79,BTC-28JUN24-80000-C,52247.82,buy,0.2,0.2,,,,
520,284339475,2024-02-16 09:47:45,2,0.0445,0.04479626,67.14,BTC-28JUN24-80000-C,51929.82,buy,0.1,0.1,,,,
521,284352655,2024-02-16 12:02:43,0,0.046,0.04631476,67.34,BTC-28JUN24-80000-C,52238.68,sell,0.1,0.1,,,,
522,284359070,2024-02-16 13:04:39,0,0.047,0.04606908,67.6,BTC-28JUN24-80000-C,52388.24,buy,1.0,1.0,,,,
523,284359077,2024-02-16 13:04:51,0,0.048,0.0460796,68.12,BTC-28JUN24-80000-C,52391.5,buy,250.0,250.0,,,126351,
524,284378737,2024-02-16 14:53:36,2,0.045,0.04472407,67.57,BTC-28JUN24-80000-C,51850.42,sell,0.2,0.2,,,,
525,284397345,2024-02-16 15:59:45,2,0.0445,0.04475239,67.21,BTC-28JUN24-80000-C,51902.29,buy,0.1,0.1,,,,
526,284414393,2024-02-16 18:06:02,2,0.044,0.04397007,67.06,BTC-28JUN24-80000-C,51915.0,sell,1.8,1.8,,,,
527,284477841,2024-02-17 09:31:29,3,0.044,0.04219894,67.43,BTC-28JUN24-80000-C,51796.59,buy,2.3,2.3,,,,
528,284477842,2024-02-17 09:31:29,3,0.044,0.04219894,67.43,BTC-28JUN24-80000-C,51796.59,buy,6.0,6.0,,,,
529,284506906,2024-02-17 14:02:48,2,0.038,0.040785,65.26,BTC-28JUN24-80000-C,51262.01,sell,2.0,2.0,,,,
530,284535333,2024-02-17 16:32:52,0,0.0395,0.03994772,66.99,BTC-28JUN24-80000-C,50791.93,buy,1.0,1.0,,,,
531,284547593,2024-02-17 20:08:10,0,0.042,0.04053578,67.27,BTC-28JUN24-80000-C,51391.33,buy,0.3,0.3,,,,
532,284547594,2024-02-17 20:08:13,0,0.0425,0.04053558,67.55,BTC-28JUN24-80000-C,51391.37,buy,2.2,2.2,,,,
533,284556952,2024-02-17 21:35:27,0,0.044,0.04310634,67.28,BTC-28JUN24-80000-C,51960.99,buy,0.2,0.2,,,,
534,284621559,2024-02-18 18:17:35,0,0.0445,0.0439024,67.77,BTC-28JUN24-80000-C,51800.98,buy,0.5,0.5,,,,
535,284694312,2024-02-19 10:20:35,0,0.046,0.04609561,67.39,BTC-28JUN24-80000-C,52362.83,buy,0.1,0.1,,,,
536,284718567,2024-02-19 13:58:22,0,0.047,0.04675138,68.34,BTC-28JUN24-80000-C,52176.46,sell,0.1,0.1,,,,
537,284761664,2024-02-19 21:50:36,2,0.046,0.04629099,68.66,BTC-28JUN24-80000-C,51791.51,buy,1.2,1.2,,,,
538,284761684,2024-02-19 21:50:41,2,0.0455,0.04632672,68.37,BTC-28JUN24-80000-C,51801.48,sell,13.0,13.0,,,,
539,284761685,2024-02-19 21:50:41,3,0.0455,0.04632672,68.37,BTC-28JUN24-80000-C,51801.48,sell,4.2,4.2,,,,
540,284790080,2024-02-20 02:55:24,2,0.0445,0.04543242,68.17,BTC-28JUN24-80000-C,51676.92,sell,0.3,0.3,,,,
541,284891761,2024-02-20 15:33:49,2,0.043,0.04371634,67.76,BTC-28JUN24-80000-C,51565.46,sell,0.2,0.2,,,,
542,284965856,2024-02-21 01:44:55,0,0.0445,0.04423364,67.49,BTC-28JUN24-80000-C,52094.26,sell,1.0,1.0,,,,
543,285007012,2024-02-21 09:32:49,2,0.042,0.04114174,67.79,BTC-28JUN24-80000-C,51396.84,buy,0.5,0.5,,,,
544,285079825,2024-02-21 16:24:30,2,0.0391,0.03911263,66.84,BTC-28JUN24-80000-C,51137.32,buy,7.0,7.0,,BTC-CBUT-28JUN24-36000_56000_80000,127016,
545,285127970,2024-02-21 21:38:34,0,0.041,0.04039657,67.72,BTC-28JUN24-80000-C,51281.13,sell,1.0,1.0,,,,
546,285166709,2024-02-22 04:54:02,2,0.039,0.03917211,66.37,BTC-28JUN24-80000-C,51379.3,sell,0.1,0.1,,,,
547,285167822,2024-02-22 05:09:57,0,0.04,0.03950031,66.77,BTC-28JUN24-80000-C,51482.14,buy,1.0,1.0,,,,
548,285281089,2024-02-22 22:47:30,0,0.0405,0.04076521,67.2,BTC-28JUN24-80000-C,51433.23,buy,0.1,0.1,,,,
549,285310470,2024-02-23 06:59:08,1,0.0405,0.0396317,67.78,BTC-28JUN24-80000-C,51285.81,buy,0.1,0.1,,,,
550,285321721,2024-02-23 07:49:36,2,0.039,0.03861599,67.74,BTC-28JUN24-80000-C,50891.05,sell,0.6,0.6,,,,
551,285335114,2024-02-23 08:42:54,2,0.0375,0.03814931,66.75,BTC-28JUN24-80000-C,50959.18,sell,0.1,0.1,,,,
552,285335115,2024-02-23 08:42:54,3,0.0375,0.03814931,66.75,BTC-28JUN24-80000-C,50959.18,buy,0.9,0.9,,,,
553,285378459,2024-02-23 15:29:48,2,0.0355,0.03618509,65.73,BTC-28JUN24-80000-C,50888.33,sell,1.0,1.0,,,,
554,285379751,2024-02-23 15:35:53,3,0.0355,0.03643059,65.55,BTC-28JUN24-80000-C,50975.87,sell,1.0,1.0,,,,
555,285412646,2024-02-23 22:12:44,0,0.0369,0.03623016,66.32,BTC-28JUN24-80000-C,51014.6,buy,25.0,25.0,,BTC-CS-28JUN24-65000_80000,127465,
556,285414580,2024-02-23 22:46:34,2,0.036,0.03541231,66.26,BTC-28JUN24-80000-C,50792.46,buy,0.1,0.1,,,,
557,285414632,2024-02-23 22:46:41,3,0.036,0.03542191,66.26,BTC-28JUN24-80000-C,50794.48,buy,0.1,0.1,,,,
558,285453235,2024-02-24 13:51:19,0,0.038,0.03606407,66.88,BTC-28JUN24-80000-C,51128.49,buy,0.3,0.3,,,,
559,285475688,2024-02-24 20:52:16,0,0.039,0.03837191,66.74,BTC-28JUN24-80000-C,51501.31,buy,1.0,1.0,,,,
560,285475689,2024-02-24 20:52:16,1,0.039,0.03837191,66.74,BTC-28JUN24-80000-C,51501.31,buy,1.0,1.0,,,,
561,285475690,2024-02-24 20:52:16,1,0.039,0.03837191,66.74,BTC-28JUN24-80000-C,51501.31,buy,6.0,6.0,,,,
562,285489423,2024-02-25 02:26:10,0,0.0405,0.03960805,66.99,BTC-28JUN24-80000-C,51834.48,buy,0.2,0.2,,,,
563,285541481,2024-02-25 19:34:01,2,0.0395,0.03817687,66.86,BTC-28JUN24-80000-C,51689.01,buy,6.0,6.0,,,,
564,285541482,2024-02-25 19:34:01,3,0.0395,0.03817687,66.86,BTC-28JUN24-80000-C,51689.01,buy,3.6,3.6,,,,
565,285541483,2024-02-25 19:34:01,3,0.0395,0.03817687,66.86,BTC-28JUN24-80000-C,51689.01,sell,0.4,0.4,,,,
566,285675542,2024-02-26 16:53:52,0,0.045,0.04543156,66.93,BTC-28JUN24-80000-C,53298.06,sell,1.7,1.7,,,,
567,285675907,2024-02-26 16:56:34,1,0.045,0.04555924,66.7,BTC-28JUN24-80000-C,53423.2,buy,2.3,2.3,,,,
568,285701541,2024-02-26 18:44:00,2,0.044,0.04439992,66.06,BTC-28JUN24-80000-C,53474.8,buy,0.1,0.1,,,,
569,285701632,2024-02-26 18:44:49,3,0.044,0.04445647,66.02,BTC-28JUN24-80000-C,53494.2,buy,0.2,0.2,,,,
570,285716287,2024-02-26 19:21:13,0,0.047,0.04764649,66.09,BTC-28JUN24-80000-C,54239.85,sell,0.1,0.1,,,,
571,285716375,2024-02-26 19:21:26,1,0.047,0.0475163,66.1,BTC-28JUN24-80000-C,54223.31,sell,0.1,0.1,,,,
572,285721946,2024-02-26 19:30:09,0,0.048,0.04736749,66.57,BTC-28JUN24-80000-C,54269.57,buy,1.2,1.2,,,,
573,285723894,2024-02-26 19:36:36,0,0.049,0.04858679,66.82,BTC-28JUN24-80000-C,54423.06,sell,1.0,1.0,,,,
574,285726219,2024-02-26 19:42:09,0,0.0495,0.04899514,67.12,BTC-28JUN24-80000-C,54391.06,buy,5.0,5.0,,,,
575,285727269,2024-02-26 19:44:24,0,0.05,0.04954574,67.15,BTC-28JUN24-80000-C,54509.25,buy,1.4,1.4,,,,
576,285727270,2024-02-26 19:44:24,1,0.05,0.04954574,67.15,BTC-28JUN24-80000-C,54509.25,buy,0.3,0.3,,,,
577,285727455,2024-02-26 19:44:28,1,0.05,0.04961492,67.11,BTC-28JUN24-80000-C,54526.83,buy,1.4,1.4,,,,
578,285727456,2024-02-26 19:44:28,1,0.05,0.04961492,67.11,BTC-28JUN24-80000-C,54526.83,buy,0.3,0.3,,,,
579,285729077,2024-02-26 19:47:56,1,0.05,0.04944951,67.25,BTC-28JUN24-80000-C,54471.31,buy,0.1,0.1,,,,
580,285729120,2024-02-26 19:48:06,1,0.05,0.0495766,67.17,BTC-28JUN24-80000-C,54501.54,buy,0.1,0.1,,,,
581,285729127,2024-02-26 19:48:06,1,0.05,0.0495766,67.17,BTC-28JUN24-80000-C,54501.54,buy,0.1,0.1,,,,
582,285729133,2024-02-26 19:48:06,1,0.05,0.0495766,67.17,BTC-28JUN24-80000-C,54501.54,buy,0.1,0.1,,,,
583,285730060,2024-02-26 19:52:59,1,0.05,0.04931026,67.41,BTC-28JUN24-80000-C,54392.17,buy,1.2,1.2,,,,
584,285732483,2024-02-26 20:02:02,0,0.051,0.05010277,67.77,BTC-28JUN24-80000-C,54459.19,buy,1.3,1.3,,,,
585,285732484,2024-02-26 20:02:02,1,0.051,0.05010277,67.77,BTC-28JUN24-80000-C,54459.19,buy,0.1,0.1,,,,
586,285732485,2024-02-26 20:02:02,1,0.051,0.05010277,67.77,BTC-28JUN24-80000-C,54459.19,buy,0.3,0.3,,,,
587,285732503,2024-02-26 20:02:11,1,0.051,0.0502188,67.75,BTC-28JUN24-80000-C,54476.42,buy,1.4,1.4,,,,
588,285732504,2024-02-26 20:02:11,1,0.051,0.0502188,67.75,BTC-28JUN24-80000-C,54476.42,buy,0.2,0.2,,,,
589,285732505,2024-02-26 20:02:11,1,0.051,0.0502188,67.75,BTC-28JUN24-80000-C,54476.42,buy,0.1,0.1,,,,
590,285732540,2024-02-26 20:02:17,1,0.051,0.05024224,67.73,BTC-28JUN24-80000-C,54486.99,buy,1.4,1.4,,,,
591,285732541,2024-02-26 20:02:17,1,0.051,0.05024224,67.73,BTC-28JUN24-80000-C,54486.99,buy,0.2,0.2,,,,
592,285735470,2024-02-26 20:06:48,0,0.0525,0.05175417,67.79,BTC-28JUN24-80000-C,54852.01,buy,1.0,1.0,,,,
593,285755573,2024-02-26 21:31:51,2,0.0515,0.05107986,67.74,BTC-28JUN24-80000-C,54625.58,sell,0.3,0.3,,,,
594,285777314,2024-02-27 00:34:55,2,0.0505,0.05034009,67.4,BTC-28JUN24-80000-C,54552.95,buy,0.2,0.2,,,,
595,285777603,2024-02-27 00:39:44,3,0.0505,0.0502666,67.46,BTC-28JUN24-80000-C,54514.68,buy,0.1,0.1,,,,
596,285777604,2024-02-27 00:39:45,3,0.0505,0.05026914,67.46,BTC-28JUN24-80000-C,54515.45,buy,0.1,0.1,,,,
597,285778885,2024-02-27 00:48:07,0,0.051,0.05074104,67.53,BTC-28JUN24-80000-C,54623.21,buy,0.2,0.2,,,,
598,285787376,2024-02-27 01:43:39,0,0.052,0.0520075,67.21,BTC-28JUN24-80000-C,55029.04,buy,0.1,0.1,,,,
599,285788617,2024-02-27 01:44:13,0,0.0525,0.05262736,67.14,BTC-28JUN24-80000-C,55174.51,buy,1.5,1.5,,,,
600,285788618,2024-02-27 01:44:13,1,0.0525,0.05262736,67.14,BTC-28JUN24-80000-C,55174.51,buy,0.1,0.1,,,,
601,285788619,2024-02-27 01:44:13,1,0.0525,0.05262736,67.14,BTC-28JUN24-80000-C,55174.51,buy,0.2,0.2,,,,
602,285788739,2024-02-27 01:44:15,1,0.0525,0.05260891,67.06,BTC-28JUN24-80000-C,55219.61,buy,2.2,2.2,,,,
603,285803629,2024-02-27 02:05:06,0,0.0555,0.05538718,67.37,BTC-28JUN24-80000-C,55735.46,buy,0.1,0.1,,,,
604,285819555,2024-02-27 02:10:45,0,0.058,0.0601223,66.43,BTC-28JUN24-80000-C,56681.96,sell,0.1,0.1,,,,
605,285822644,2024-02-27 02:12:46,1,0.058,0.05922934,66.88,BTC-28JUN24-80000-C,56519.13,sell,0.1,0.1,,,,
606,285825831,2024-02-27 02:17:16,1,0.058,0.05891,66.99,BTC-28JUN24-80000-C,56514.93,sell,0.1,0.1,,,,
607,285825838,2024-02-27 02:17:16,1,0.058,0.05891,66.99,BTC-28JUN24-80000-C,56514.93,sell,0.1,0.1,,,,
608,285825846,2024-02-27 02:17:17,1,0.058,0.05891,66.99,BTC-28JUN24-80000-C,56514.93,sell,0.1,0.1,,,,
609,285825847,2024-02-27 02:17:17,1,0.058,0.05891,66.99,BTC-28JUN24-80000-C,56514.93,sell,0.1,0.1,,,,
610,285825856,2024-02-27 02:17:17,1,0.058,0.05891,66.99,BTC-28JUN24-80000-C,56514.93,sell,0.1,0.1,,,,
611,285826018,2024-02-27 02:17:36,1,0.058,0.05889648,67.03,BTC-28JUN24-80000-C,56487.98,sell,0.1,0.1,,,,
612,285826090,2024-02-27 02:17:45,1,0.058,0.05878468,67.05,BTC-28JUN24-80000-C,56476.41,sell,0.8,0.8,,,,
613,285832042,2024-02-27 02:31:36,2,0.0575,0.05721088,67.54,BTC-28JUN24-80000-C,56156.4,sell,1.9,1.9,,,,
614,285832043,2024-02-27 02:31:36,3,0.0575,0.05721088,67.54,BTC-28JUN24-80000-C,56156.4,sell,0.4,0.4,,,,
615,285832044,2024-02-27 02:31:36,3,0.0575,0.05721088,67.54,BTC-28JUN24-80000-C,56156.4,sell,0.1,0.1,,,,
616,285832115,2024-02-27 02:31:44,3,0.0575,0.05713918,67.58,BTC-28JUN24-80000-C,56143.83,sell,1.8,1.8,,,,
617,285832116,2024-02-27 02:31:44,3,0.0575,0.05713918,67.58,BTC-28JUN24-80000-C,56143.83,sell,0.1,0.1,,,,
618,285844592,2024-02-27 03:08:31,3,0.0575,0.05807773,67.2,BTC-28JUN24-80000-C,56356.6,sell,0.7,0.7,,,,
619,285844593,2024-02-27 03:08:31,3,0.0575,0.05807773,67.2,BTC-28JUN24-80000-C,56356.6,sell,2.0,2.0,,,,
620,285847877,2024-02-27 03:21:23,0,0.058,0.05826723,67.04,BTC-28JUN24-80000-C,56569.49,buy,0.9,0.9,,,,
621,285847919,2024-02-27 03:21:35,1,0.058,0.05824677,67.05,BTC-28JUN24-80000-C,56559.83,buy,0.1,0.1,,,,
622,285848772,2024-02-27 03:27:00,2,0.0575,0.0580193,66.92,BTC-28JUN24-80000-C,56494.13,sell,2.0,2.0,,,,
623,285848773,2024-02-27 03:27:00,2,0.057,0.0580193,66.67,BTC-28JUN24-80000-C,56494.13,sell,0.4,0.4,,,,
624,285848774,2024-02-27 03:27:00,3,0.057,0.0580193,66.67,BTC-28JUN24-80000-C,56494.13,sell,1.2,1.2,,,,
625,285881223,2024-02-27 06:23:02,0,0.0585,0.05814378,67.95,BTC-28JUN24-80000-C,56275.35,buy,0.1,0.1,,,,
626,285893250,2024-02-27 07:26:01,2,0.0545,0.05557535,66.35,BTC-28JUN24-80000-C,56085.55,sell,2.0,2.0,,,,
627,285893251,2024-02-27 07:26:01,3,0.0545,0.05557535,66.35,BTC-28JUN24-80000-C,56085.55,sell,4.0,4.0,,,,
628,285893252,2024-02-27 07:26:01,3,0.0545,0.05557443,66.35,BTC-28JUN24-80000-C,56085.55,buy,0.6,0.6,,,,
629,285895308,2024-02-27 07:32:57,3,0.0545,0.05426077,66.7,BTC-28JUN24-80000-C,55916.03,buy,43.4,43.4,,,,
630,285895309,2024-02-27 07:32:57,3,0.0545,0.05426077,66.7,BTC-28JUN24-80000-C,55916.03,buy,2.0,2.0,,,,
631,285899000,2024-02-27 07:49:46,0,0.055,0.05511649,66.56,BTC-28JUN24-80000-C,56111.42,sell,1.4,1.4,,,,
632,285899255,2024-02-27 07:51:42,1,0.055,0.05504645,66.59,BTC-28JUN24-80000-C,56097.52,sell,0.6,0.6,,,,
633,285905931,2024-02-27 08:18:44,1,0.055,0.05586336,66.05,BTC-28JUN24-80000-C,56341.78,buy,2.0,2.0,,,,
634,285913124,2024-02-27 09:00:45,0,0.0555,0.05524925,66.45,BTC-28JUN24-80000-C,56283.08,sell,0.9,0.9,,,,
635,285915086,2024-02-27 09:16:07,2,0.054,0.05466732,65.74,BTC-28JUN24-80000-C,56256.8,sell,13.0,13.0,,,,
636,285915087,2024-02-27 09:16:07,3,0.054,0.05466732,65.74,BTC-28JUN24-80000-C,56256.8,sell,1.9,1.9,,,,
637,285915088,2024-02-27 09:16:07,3,0.054,0.05466732,65.74,BTC-28JUN24-80000-C,56256.8,buy,1.0,1.0,,,,
638,285915147,2024-02-27 09:16:36,0,0.0545,0.05467688,65.97,BTC-28JUN24-80000-C,56278.03,buy,10.0,10.0,,,,
639,285915642,2024-02-27 09:20:58,2,0.054,0.05466803,65.51,BTC-28JUN24-80000-C,56400.99,buy,4.0,4.0,,,,
640,285915643,2024-02-27 09:20:58,3,0.054,0.05466803,65.51,BTC-28JUN24-80000-C,56400.99,buy,4.0,4.0,,,,
641,285915808,2024-02-27 09:22:38,3,0.054,0.05470688,65.39,BTC-28JUN24-80000-C,56453.23,buy,8.8,8.8,,,,
642,285915809,2024-02-27 09:22:39,3,0.054,0.05471647,65.38,BTC-28JUN24-80000-C,56454.33,buy,9.2,9.2,,,,
643,285916493,2024-02-27 09:25:37,0,0.0545,0.05466129,65.6,BTC-28JUN24-80000-C,56465.18,buy,0.1,0.1,,,,
644,285917006,2024-02-27 09:27:34,1,0.0545,0.05452294,65.63,BTC-28JUN24-80000-C,56462.9,buy,10.0,10.0,,,,
645,285917061,2024-02-27 09:27:44,1,0.0545,0.05456363,65.6,BTC-28JUN24-80000-C,56476.64,buy,5.0,5.0,,,,
646,285917142,2024-02-27 09:28:06,1,0.0545,0.0545593,65.6,BTC-28JUN24-80000-C,56480.08,buy,6.0,6.0,,,,
647,285917179,2024-02-27 09:28:14,1,0.0545,0.05456329,65.6,BTC-28JUN24-80000-C,56482.52,buy,20.0,20.0,,,,
648,285917612,2024-02-27 09:30:18,1,0.0545,0.05467348,65.48,BTC-28JUN24-80000-C,56541.41,buy,5.0,5.0,,,,
649,285917661,2024-02-27 09:30:56,1,0.0545,0.05471572,65.46,BTC-28JUN24-80000-C,56545.81,buy,12.5,12.5,,,,
650,285917665,2024-02-27 09:31:01,1,0.0545,0.05471147,65.46,BTC-28JUN24-80000-C,56546.88,buy,6.4,6.4,,,,
651,285923637,2024-02-27 09:54:33,0,0.055,0.05578415,65.46,BTC-28JUN24-80000-C,56665.4,sell,1.9,1.9,,,,
652,285925280,2024-02-27 10:03:28,2,0.0535,0.05457503,65.03,BTC-28JUN24-80000-C,56520.36,sell,2.1,2.1,,,,
653,285925281,2024-02-27 10:03:28,3,0.0535,0.05457503,65.03,BTC-28JUN24-80000-C,56520.36,sell,2.9,2.9,,,,
654,285928283,2024-02-27 10:17:27,0,0.0555,0.05464436,65.8,BTC-28JUN24-80000-C,56635.03,buy,5.0,5.0,,,,
655,285939802,2024-02-27 11:36:54,0,0.0565,0.055522,66.36,BTC-28JUN24-80000-C,56627.97,buy,0.1,0.1,,,,
656,285969400,2024-02-27 13:13:54,0,0.0585,0.05834986,66.7,BTC-28JUN24-80000-C,56937.69,sell,0.1,0.1,,,,
657,285969402,2024-02-27 13:13:58,1,0.0585,0.05834722,66.71,BTC-28JUN24-80000-C,56936.39,sell,0.1,0.1,,,,
658,286001312,2024-02-27 15:43:39,2,0.056,0.05663652,65.46,BTC-28JUN24-80000-C,57013.03,sell,2.0,2.0,,,,
659,286001313,2024-02-27 15:43:39,3,0.056,0.05663652,65.46,BTC-28JUN24-80000-C,57013.03,sell,0.9,0.9,,,,
660,286001314,2024-02-27 15:43:39,3,0.056,0.05663652,65.46,BTC-28JUN24-80000-C,57013.03,sell,2.1,2.1,,,,
661,286009917,2024-02-27 16:08:26,2,0.055,0.05539983,65.68,BTC-28JUN24-80000-C,56661.84,sell,1.0,1.0,,,,
662,286018201,2024-02-27 16:27:31,0,0.0565,0.05696408,65.75,BTC-28JUN24-80000-C,56988.17,sell,0.1,0.1,,,,
663,286065623,2024-02-27 22:51:47,1,0.0565,0.05648244,65.85,BTC-28JUN24-80000-C,56923.84,buy,0.1,0.1,,,,
664,286083001,2024-02-28 02:49:08,2,0.053,0.05410173,64.17,BTC-28JUN24-80000-C,56935.71,sell,2.1,2.1,,,,
665,286083005,2024-02-28 02:49:08,3,0.053,0.05410173,64.17,BTC-28JUN24-80000-C,56935.71,buy,2.1,2.1,,,,
666,286083452,2024-02-28 02:53:25,3,0.053,0.05258724,64.25,BTC-28JUN24-80000-C,56926.37,buy,1.9,1.9,,,,
667,286103852,2024-02-28 06:31:20,2,0.052,0.05210541,63.3,BTC-28JUN24-80000-C,57161.33,sell,0.1,0.1,,,,
668,286107764,2024-02-28 07:17:21,3,0.052,0.05206612,62.93,BTC-28JUN24-80000-C,57361.15,buy,0.1,0.1,,,,
669,286107900,2024-02-28 07:18:17,3,0.052,0.05207712,62.9,BTC-28JUN24-80000-C,57372.42,buy,0.3,0.3,,,,
670,286139536,2024-02-28 08:40:16,0,0.0585,0.05964895,63.39,BTC-28JUN24-80000-C,58723.07,sell,4.2,4.2,,,,
671,286139537,2024-02-28 08:40:16,1,0.0585,0.05964895,63.39,BTC-28JUN24-80000-C,58723.07,sell,0.8,0.8,,,,
672,286223513,2024-02-28 13:23:05,0,0.0665,0.06575999,64.46,BTC-28JUN24-80000-C,60127.67,sell,0.5,0.5,,,,
673,286236064,2024-02-28 13:32:40,0,0.0685,0.06743036,64.66,BTC-28JUN24-80000-C,60352.2,buy,0.1,0.1,,,,
674,286243096,2024-02-28 13:53:13,2,0.068,0.06807407,64.47,BTC-28JUN24-80000-C,60365.94,buy,1.0,1.0,,,,
675,286289585,2024-02-28 14:57:09,0,0.0715,0.07079073,65.33,BTC-28JUN24-80000-C,60962.79,buy,0.1,0.1,,,,
676,286303504,2024-02-28 15:13:05,0,0.0725,0.07199764,65.92,BTC-28JUN24-80000-C,60909.0,buy,4.0,4.0,,,,
677,286305517,2024-02-28 15:14:54,0,0.0735,0.07365993,65.65,BTC-28JUN24-80000-C,61226.57,sell,2.0,2.0,M,,,
678,286328103,2024-02-28 15:44:13,2,0.0725,0.07170255,66.35,BTC-28JUN24-80000-C,60833.07,buy,1.8,1.8,,,,
679,286328104,2024-02-28 15:44:13,3,0.0725,0.07170255,66.35,BTC-28JUN24-80000-C,60833.07,buy,2.0,2.0,,,,
680,286340476,2024-02-28 16:14:05,0,0.074,0.07315119,66.54,BTC-28JUN24-80000-C,61053.64,buy,2.0,2.0,,,,
681,286340485,2024-02-28 16:14:10,1,0.074,0.07319339,66.52,BTC-28JUN24-80000-C,61069.68,buy,1.0,1.0,,,,
682,286340499,2024-02-28 16:14:14,1,0.074,0.0732341,66.5,BTC-28JUN24-80000-C,61079.7,buy,1.0,1.0,,,,
683,286358102,2024-02-28 16:53:24,0,0.0785,0.0777147,66.64,BTC-28JUN24-80000-C,61924.93,sell,1.0,1.0,M,,,
684,286366666,2024-02-28 17:01:42,0,0.0825,0.081269,67.46,BTC-28JUN24-80000-C,62346.13,sell,0.8,0.8,,,,
685,286378239,2024-02-28 17:12:43,0,0.087,0.08603312,67.99,BTC-28JUN24-80000-C,63016.29,buy,1.0,1.0,,,,
686,286406209,2024-02-28 17:24:46,0,0.09,0.08874616,69.38,BTC-28JUN24-80000-C,62946.82,sell,1.0,1.0,,,,
687,286448157,2024-02-28 17:39:57,2,0.072,0.0800846,66.27,BTC-28JUN24-80000-C,60510.02,sell,1.7,1.7,,,,
688,286464515,2024-02-28 17:49:15,0,0.0845,0.08358628,70.39,BTC-28JUN24-80000-C,61545.19,buy,0.1,0.1,,,,
689,286469376,2024-02-28 17:52:32,2,0.0825,0.08129362,70.41,BTC-28JUN24-80000-C,61152.88,buy,0.1,0.1,,,,
690,286469892,2024-02-28 17:53:05,0,0.083,0.08118929,70.54,BTC-28JUN24-80000-C,61236.27,buy,0.1,0.1,,,,
691,286469896,2024-02-28 17:53:05,1,0.083,0.08118929,70.54,BTC-28JUN24-80000-C,61236.27,buy,0.1,0.1,,,,
692,286470968,2024-02-28 17:53:51,1,0.083,0.08181506,70.42,BTC-28JUN24-80000-C,61285.29,buy,0.6,0.6,,,,
693,286471471,2024-02-28 17:54:29,1,0.083,0.08148296,70.6,BTC-28JUN24-80000-C,61223.49,buy,0.1,0.1,,,,
694,286471484,2024-02-28 17:54:29,1,0.083,0.08148296,70.6,BTC-28JUN24-80000-C,61223.49,buy,0.1,0.1,,,,
695,286472744,2024-02-28 17:55:43,1,0.083,0.08241735,70.18,BTC-28JUN24-80000-C,61426.29,sell,0.6,0.6,,,,
696,286495705,2024-02-28 18:17:30,2,0.071,0.07459948,66.43,BTC-28JUN24-80000-C,60601.71,sell,0.5,0.5,,,,
697,286495711,2024-02-28 18:17:30,3,0.071,0.07459948,66.43,BTC-28JUN24-80000-C,60602.41,buy,0.9,0.9,,,,
698,286496462,2024-02-28 18:18:45,0,0.072,0.07127454,67.15,BTC-28JUN24-80000-C,60478.93,buy,1.6,1.6,,,,
699,286496463,2024-02-28 18:18:45,1,0.072,0.07127454,67.15,BTC-28JUN24-80000-C,60478.93,buy,1.4,1.4,,,,
700,286530329,2024-02-28 19:05:25,0,0.0745,0.07359141,66.57,BTC-28JUN24-80000-C,61271.83,sell,1.9,1.9,,,,
701,286532122,2024-02-28 19:10:37,1,0.0745,0.07352512,66.96,BTC-28JUN24-80000-C,61107.71,sell,1.9,1.9,,,,
702,286532285,2024-02-28 19:10:58,1,0.0745,0.07344861,67.05,BTC-28JUN24-80000-C,61044.25,sell,12.0,12.0,,,,
703,286532286,2024-02-28 19:10:58,1,0.0745,0.07344861,67.05,BTC-28JUN24-80000-C,61044.25,sell,9.2,9.2,,,,
704,286541846,2024-02-28 19:36:14,2,0.0735,0.07349039,66.55,BTC-28JUN24-80000-C,61022.56,buy,0.1,0.1,,,,
705,286542541,2024-02-28 19:39:13,2,0.073,0.07318229,66.38,BTC-28JUN24-80000-C,60985.36,buy,0.1,0.1,,,,
706,286581415,2024-02-28 21:29:56,2,0.07,0.07049353,65.99,BTC-28JUN24-80000-C,60470.34,buy,1.0,1.0,,,,
707,286583852,2024-02-28 21:46:09,0,0.0705,0.070821,66.03,BTC-28JUN24-80000-C,60564.27,buy,1.0,1.0,,,,
708,286584627,2024-02-28 21:53:47,1,0.0705,0.07081347,65.99,BTC-28JUN24-80000-C,60580.24,buy,1.0,1.0,,,,
709,286585499,2024-02-28 22:01:17,1,0.0705,0.07091937,65.95,BTC-28JUN24-80000-C,60598.39,buy,0.5,0.5,,,,
710,286585535,2024-02-28 22:01:39,1,0.0705,0.07108406,65.88,BTC-28JUN24-80000-C,60630.46,sell,1.4,1.4,,,,
711,286585867,2024-02-28 22:03:23,0,0.073,0.07175427,66.83,BTC-28JUN24-80000-C,60732.89,buy,4.0,4.0,,,,
712,286585868,2024-02-28 22:03:23,1,0.073,0.07175427,66.83,BTC-28JUN24-80000-C,60732.89,buy,2.0,2.0,,,,
713,286585869,2024-02-28 22:03:23,1,0.073,0.07175427,66.83,BTC-28JUN24-80000-C,60732.89,buy,0.7,0.7,,,,
714,286585870,2024-02-28 22:03:23,1,0.073,0.07175427,66.83,BTC-28JUN24-80000-C,60732.89,buy,2.0,2.0,,,,
715,286601463,2024-02-28 23:17:52,0,0.082,0.08135012,67.4,BTC-28JUN24-80000-C,62379.54,sell,0.4,0.4,,,,
716,286615270,2024-02-29 00:05:52,2,0.0815,0.08150514,67.43,BTC-28JUN24-80000-C,62294.15,buy,0.1,0.1,,,,
717,286651764,2024-02-29 02:44:01,2,0.0779,0.07809865,67.63,BTC-28JUN24-80000-C,61453.8,buy,12.5,12.5,,BTC-RR-28JUN24-56000_80000,128626,
718,286677131,2024-02-29 05:17:49,0,0.082,0.08213418,68.26,BTC-28JUN24-80000-C,61965.68,buy,8.0,8.0,,,,
719,286680624,2024-02-29 05:40:49,0,0.0835,0.08309133,68.62,BTC-28JUN24-80000-C,62125.3,buy,0.1,0.1,,,,
720,286681150,2024-02-29 05:43:58,1,0.0835,0.08327205,68.5,BTC-28JUN24-80000-C,62180.82,buy,0.1,0.1,,,,
721,286681981,2024-02-29 05:49:16,1,0.0835,0.08319713,68.48,BTC-28JUN24-80000-C,62180.14,buy,0.1,0.1,,,,
722,286682055,2024-02-29 05:50:33,1,0.0835,0.08349753,68.32,BTC-28JUN24-80000-C,62241.73,buy,0.1,0.1,,,,
723,286682075,2024-02-29 05:50:37,1,0.0835,0.08352225,68.3,BTC-28JUN24-80000-C,62253.49,buy,0.1,0.1,,,,
724,286682210,2024-02-29 05:53:00,1,0.0835,0.08346548,68.29,BTC-28JUN24-80000-C,62267.65,buy,0.1,0.1,,,,
725,286682212,2024-02-29 05:53:00,1,0.0835,0.08346548,68.28,BTC-28JUN24-80000-C,62274.09,buy,1.4,1.4,,,,
726,286682213,2024-02-29 05:53:00,1,0.0835,0.08346548,68.28,BTC-28JUN24-80000-C,62274.09,buy,0.3,0.3,,,,
727,286682286,2024-02-29 05:53:04,1,0.0835,0.08348308,68.28,BTC-28JUN24-80000-C,62260.39,buy,0.1,0.1,,,,
728,286682316,2024-02-29 05:53:11,1,0.0835,0.08351715,68.26,BTC-28JUN24-80000-C,62280.69,buy,0.1,0.1,,,,
729,286682326,2024-02-29 05:53:13,1,0.0835,0.08355571,68.25,BTC-28JUN24-80000-C,62296.73,buy,0.1,0.1,,,,
730,286682327,2024-02-29 05:53:13,1,0.0835,0.08355571,68.25,BTC-28JUN24-80000-C,62296.73,buy,0.1,0.1,,,,
731,286682353,2024-02-29 05:53:13,1,0.0835,0.08355571,68.23,BTC-28JUN24-80000-C,62297.99,buy,0.1,0.1,,,,
732,286682360,2024-02-29 05:53:13,1,0.0835,0.08355571,68.23,BTC-28JUN24-80000-C,62297.99,buy,1.4,1.4,,,,
733,286682382,2024-02-29 05:53:13,1,0.0835,0.08355571,68.23,BTC-28JUN24-80000-C,62297.99,buy,0.1,0.1,,,,
734,286682383,2024-02-29 05:53:13,1,0.0835,0.08355571,68.23,BTC-28JUN24-80000-C,62297.99,buy,0.1,0.1,,,,
735,286682384,2024-02-29 05:53:13,1,0.0835,0.08355571,68.23,BTC-28JUN24-80000-C,62297.99,buy,0.1,0.1,,,,
736,286682386,2024-02-29 05:53:14,1,0.0835,0.08355571,68.23,BTC-28JUN24-80000-C,62297.99,buy,1.4,1.4,,,,
737,286682387,2024-02-29 05:53:14,1,0.0835,0.08355571,68.23,BTC-28JUN24-80000-C,62297.99,buy,0.1,0.1,,,,
738,286682388,2024-02-29 05:53:14,1,0.0835,0.08355571,68.23,BTC-28JUN24-80000-C,62297.99,buy,0.2,0.2,,,,
739,286682392,2024-02-29 05:53:16,1,0.0835,0.08359026,68.22,BTC-28JUN24-80000-C,62326.0,buy,1.5,1.5,,,,
740,286682393,2024-02-29 05:53:16,1,0.0835,0.08359026,68.22,BTC-28JUN24-80000-C,62326.0,buy,0.3,0.3,,,,
741,286682401,2024-02-29 05:53:19,1,0.0835,0.08372519,68.17,BTC-28JUN24-80000-C,62324.72,buy,0.5,0.5,,,,
742,286682409,2024-02-29 05:53:21,1,0.0835,0.08372515,68.16,BTC-28JUN24-80000-C,62324.28,buy,1.5,1.5,,,,
743,286690776,2024-02-29 06:13:59,0,0.09,0.08931391,69.18,BTC-28JUN24-80000-C,63188.75,buy,0.1,0.1,,,,
744,286701212,2024-02-29 06:44:40,0,0.0925,0.09337984,69.83,BTC-28JUN24-80000-C,63428.07,sell,3.0,3.0,,,,
745,286701213,2024-02-29 06:44:40,1,0.0925,0.09337984,69.83,BTC-28JUN24-80000-C,63428.07,buy,2.0,2.0,,,,
746,286719092,2024-02-29 07:32:17,2,0.0905,0.08919379,70.42,BTC-28JUN24-80000-C,62751.24,buy,1.6,1.6,,,,
747,286719093,2024-02-29 07:32:17,3,0.0905,0.08919379,70.42,BTC-28JUN24-80000-C,62751.24,buy,2.8,2.8,,,,
748,286778151,2024-02-29 12:07:11,2,0.089,0.08759425,70.51,BTC-28JUN24-80000-C,62421.51,buy,6.0,6.0,,,,
749,286778152,2024-02-29 12:07:11,3,0.089,0.08759425,70.51,BTC-28JUN24-80000-C,62421.51,buy,5.0,5.0,,,,
750,286778153,2024-02-29 12:07:11,3,0.089,0.08759425,70.51,BTC-28JUN24-80000-C,62421.51,buy,1.7,1.7,,,,
751,286778154,2024-02-29 12:07:11,3,0.089,0.08759425,70.51,BTC-28JUN24-80000-C,62421.51,buy,3.0,3.0,,,,
752,286778256,2024-02-29 12:07:22,3,0.089,0.08799156,70.35,BTC-28JUN24-80000-C,62501.83,sell,16.3,16.3,,,,
753,286778850,2024-02-29 12:09:40,0,0.09,0.08913742,70.54,BTC-28JUN24-80000-C,62611.55,sell,0.5,0.5,,,,
754,286779868,2024-02-29 12:14:36,1,0.09,0.08967159,70.68,BTC-28JUN24-80000-C,62541.02,sell,1.0,1.0,,,,
755,286779908,2024-02-29 12:15:04,1,0.09,0.08974521,70.69,BTC-28JUN24-80000-C,62534.07,sell,0.5,0.5,,,,
756,286780236,2024-02-29 12:17:53,0,0.091,0.09040757,70.96,BTC-28JUN24-80000-C,62625.09,buy,0.5,0.5,,,,
757,286819188,2024-02-29 15:11:11,2,0.0885,0.08927899,69.56,BTC-28JUN24-80000-C,62750.7,sell,3.0,3.0,,,,
758,286846746,2024-02-29 16:27:52,2,0.085,0.08500751,69.14,BTC-28JUN24-80000-C,62334.18,sell,1.0,1.0,,,,
759,286913293,2024-02-29 19:26:03,2,0.0795,0.079123,69.15,BTC-28JUN24-80000-C,61057.96,sell,0.2,0.2,,,,
760,286957409,2024-02-29 21:35:18,2,0.0765,0.07595989,68.53,BTC-28JUN24-80000-C,60794.03,buy,1.9,1.9,,,,
761,286996879,2024-03-01 01:48:35,0,0.078,0.07739152,67.92,BTC-28JUN24-80000-C,61347.55,sell,0.5,0.5,,,,
762,287027886,2024-03-01 07:19:20,0,0.0795,0.07862441,67.93,BTC-28JUN24-80000-C,61639.46,sell,0.5,0.5,,,,
763,287039086,2024-03-01 07:47:28,2,0.077,0.07802002,66.92,BTC-28JUN24-80000-C,61567.99,sell,2.0,2.0,,,,
764,287039087,2024-03-01 07:47:28,3,0.077,0.07802002,66.92,BTC-28JUN24-80000-C,61567.99,buy,3.0,3.0,,,,
765,287052643,2024-03-01 08:23:29,0,0.0775,0.07788776,66.56,BTC-28JUN24-80000-C,61830.26,buy,5.0,5.0,,,,
766,287054302,2024-03-01 08:32:43,1,0.0775,0.07828345,66.47,BTC-28JUN24-80000-C,61899.89,sell,2.0,2.0,,,,
767,287054303,2024-03-01 08:32:43,1,0.0775,0.07828345,66.47,BTC-28JUN24-80000-C,61899.89,buy,2.8,2.8,,,,
768,287054304,2024-03-01 08:32:43,1,0.0775,0.07828345,66.47,BTC-28JUN24-80000-C,61899.89,buy,0.2,0.2,,,,
769,287068628,2024-03-01 10:16:46,0,0.0795,0.07925695,67.26,BTC-28JUN24-80000-C,62014.84,sell,0.5,0.5,,,,
770,287096162,2024-03-01 14:36:58,0,0.08,0.07979314,67.7,BTC-28JUN24-80000-C,61948.12,sell,0.1,0.1,,,,
771,287202769,2024-03-02 01:24:32,0,0.081,0.08113026,68.39,BTC-28JUN24-80000-C,62043.62,sell,0.1,0.1,,,,
772,287221469,2024-03-02 05:18:33,2,0.0805,0.08066862,68.52,BTC-28JUN24-80000-C,61868.94,sell,0.1,0.1,,,,
773,287224488,2024-03-02 05:50:23,2,0.08,0.08190928,67.87,BTC-28JUN24-80000-C,62052.01,sell,0.1,0.1,,,,
774,287224729,2024-03-02 05:52:27,2,0.0795,0.08183487,67.7,BTC-28JUN24-80000-C,62025.22,sell,0.1,0.1,,,,
775,287232744,2024-03-02 07:10:21,2,0.079,0.08112695,67.79,BTC-28JUN24-80000-C,61904.47,sell,0.1,0.1,,,,
776,287257387,2024-03-02 11:51:04,0,0.081,0.0805703,68.59,BTC-28JUN24-80000-C,61994.28,sell,0.1,0.1,,,,
777,287258105,2024-03-02 12:06:26,2,0.0805,0.08071984,68.38,BTC-28JUN24-80000-C,61976.05,sell,0.1,0.1,,,,
778,287297898,2024-03-02 23:26:27,0,0.0815,0.08261998,68.61,BTC-28JUN24-80000-C,62096.53,buy,0.3,0.3,,,,
779,287313728,2024-03-03 04:11:00,0,0.083,0.08272827,69.31,BTC-28JUN24-80000-C,62039.53,sell,2.2,2.2,,,,
780,287317829,2024-03-03 04:37:31,1,0.083,0.08256849,69.26,BTC-28JUN24-80000-C,62038.16,sell,2.0,2.0,,,,
781,287356905,2024-03-03 12:11:05,0,0.0865,0.08657145,70.54,BTC-28JUN24-80000-C,62187.33,sell,0.7,0.7,,,,
782,287362196,2024-03-03 12:30:35,0,0.0875,0.08742501,69.97,BTC-28JUN24-80000-C,62578.98,buy,0.2,0.2,,,,
783,287382157,2024-03-03 16:03:03,0,0.088,0.08853137,71.24,BTC-28JUN24-80000-C,62158.99,sell,0.1,0.1,,,,
784,287397906,2024-03-03 17:59:14,0,0.09,0.09121604,71.0,BTC-28JUN24-80000-C,62624.76,sell,0.1,0.1,,,,
785,287401642,2024-03-03 18:46:43,0,0.091,0.09206254,71.14,BTC-28JUN24-80000-C,62798.07,sell,0.1,0.1,,,,
786,287446299,2024-03-04 00:42:31,0,0.1,0.10050072,71.57,BTC-28JUN24-80000-C,64087.43,buy,1.0,1.0,,,,
787,287451566,2024-03-04 00:47:39,2,0.0985,0.0983392,72.1,BTC-28JUN24-80000-C,63570.17,sell,0.3,0.3,,,,
788,287479334,2024-03-04 01:27:13,0,0.099,0.09984615,72.75,BTC-28JUN24-80000-C,63656.69,sell,2.2,2.2,,,,
789,287479335,2024-03-04 01:27:14,1,0.099,0.09984592,72.75,BTC-28JUN24-80000-C,63656.69,buy,2.8,2.8,,,,
790,287479437,2024-03-04 01:27:35,1,0.099,0.09983049,72.75,BTC-28JUN24-80000-C,63656.45,buy,0.1,0.1,,,,
791,287479694,2024-03-04 01:28:42,1,0.099,0.10018255,72.52,BTC-28JUN24-80000-C,63755.5,sell,0.7,0.7,,,,
792,287479703,2024-03-04 01:28:44,1,0.099,0.10021559,72.52,BTC-28JUN24-80000-C,63761.34,buy,0.1,0.1,,,,
793,287480351,2024-03-04 01:30:12,1,0.099,0.10033966,72.44,BTC-28JUN24-80000-C,63770.25,buy,0.1,0.1,,,,
794,287480433,2024-03-04 01:30:24,2,0.0985,0.10007225,72.29,BTC-28JUN24-80000-C,63750.54,buy,1.3,1.3,,,,
795,287503572,2024-03-04 04:06:09,2,0.094,0.09542114,70.96,BTC-28JUN24-80000-C,63477.65,sell,0.1,0.1,,,,
796,287504378,2024-03-04 04:17:54,0,0.095,0.09552958,71.29,BTC-28JUN24-80000-C,63532.69,sell,0.1,0.1,,,,
797,287505163,2024-03-04 04:27:59,1,0.095,0.09585254,71.08,BTC-28JUN24-80000-C,63628.55,sell,0.1,0.1,,,,
798,287505199,2024-03-04 04:28:54,1,0.095,0.09566892,71.1,BTC-28JUN24-80000-C,63615.56,sell,0.3,0.3,,,,
799,287505202,2024-03-04 04:28:54,1,0.095,0.09566892,71.1,BTC-28JUN24-80000-C,63615.56,sell,0.2,0.2,,,,
800,287507877,2024-03-04 04:55:39,2,0.0945,0.09577622,70.77,BTC-28JUN24-80000-C,63647.11,sell,0.2,0.2,,,,
801,287509406,2024-03-04 05:15:56,0,0.0955,0.0951534,71.48,BTC-28JUN24-80000-C,63536.13,buy,12.5,12.5,,BTC-CS-28JUN24-80000_90000,129265,
802,287510027,2024-03-04 05:22:39,2,0.095,0.09485974,71.34,BTC-28JUN24-80000-C,63491.84,buy,0.1,0.1,,,,
803,287514228,2024-03-04 05:58:39,2,0.0935,0.09427784,70.78,BTC-28JUN24-80000-C,63441.13,sell,0.1,0.1,,,,
804,287514231,2024-03-04 05:58:42,3,0.0935,0.09427735,70.78,BTC-28JUN24-80000-C,63441.51,sell,0.1,0.1,,,,
805,287520664,2024-03-04 06:52:56,0,0.095,0.09517533,70.88,BTC-28JUN24-80000-C,63667.25,buy,0.1,0.1,,,,
806,287524551,2024-03-04 07:24:43,0,0.0965,0.096304,71.35,BTC-28JUN24-80000-C,63763.32,sell,1.5,1.5,,,,
807,287524552,2024-03-04 07:24:43,1,0.0965,0.096304,71.35,BTC-28JUN24-80000-C,63763.32,sell,0.3,0.3,,,,
808,287524827,2024-03-04 07:26:50,0,0.097,0.09649339,71.56,BTC-28JUN24-80000-C,63776.63,buy,1.6,1.6,,,,
809,287524828,2024-03-04 07:26:50,1,0.097,0.09649339,71.56,BTC-28JUN24-80000-C,63776.63,sell,1.6,1.6,,,,
810,287524833,2024-03-04 07:26:50,1,0.097,0.09649339,71.56,BTC-28JUN24-80000-C,63776.15,sell,1.5,1.5,,,,
811,287524839,2024-03-04 07:26:50,1,0.097,0.09649339,71.56,BTC-28JUN24-80000-C,63776.15,sell,0.3,0.3,,,,
812,287524869,2024-03-04 07:26:52,1,0.097,0.09650709,71.56,BTC-28JUN24-80000-C,63753.1,sell,1.5,1.5,,,,
813,287524870,2024-03-04 07:26:52,1,0.097,0.09652454,71.56,BTC-28JUN24-80000-C,63753.1,sell,0.3,0.3,,,,
814,287524884,2024-03-04 07:26:57,1,0.097,0.09649537,71.61,BTC-28JUN24-80000-C,63753.38,sell,1.5,1.5,,,,
815,287524886,2024-03-04 07:26:57,1,0.097,0.09649537,71.61,BTC-28JUN24-80000-C,63753.38,sell,0.4,0.4,,,,
816,287584506,2024-03-04 09:29:23,0,0.1115,0.11218161,74.73,BTC-28JUN24-80000-C,65180.77,sell,3.0,3.0,,,,
817,287585222,2024-03-04 09:31:13,1,0.1115,0.11216602,74.75,BTC-28JUN24-80000-C,65187.19,sell,5.0,5.0,,,,
818,287591620,2024-03-04 09:38:03,0,0.114,0.11430113,75.1,BTC-28JUN24-80000-C,65464.9,sell,0.5,0.5,,,,
819,287636932,2024-03-04 12:11:41,1,0.114,0.11392615,76.0,BTC-28JUN24-80000-C,65057.08,sell,7.0,7.0,,,,
820,287637371,2024-03-04 12:15:00,1,0.114,0.11399326,76.09,BTC-28JUN24-80000-C,65034.19,sell,2.0,2.0,,,,
821,287637731,2024-03-04 12:17:26,1,0.114,0.11408358,76.08,BTC-28JUN24-80000-C,65039.92,sell,9.0,9.0,,,,
822,287642204,2024-03-04 12:44:05,2,0.113,0.11318583,75.63,BTC-28JUN24-80000-C,65060.66,sell,0.1,0.1,,,,
823,287647090,2024-03-04 13:02:03,0,0.114,0.1135602,75.79,BTC-28JUN24-80000-C,65212.29,buy,3.0,3.0,,,,
824,287670021,2024-03-04 14:03:42,2,0.112,0.11234426,75.88,BTC-28JUN24-80000-C,64789.49,sell,0.1,0.1,,,,
825,287705186,2024-03-04 14:57:20,0,0.121,0.11984928,76.24,BTC-28JUN24-80000-C,66405.6,buy,1.5,1.5,,,,
826,287705187,2024-03-04 14:57:20,1,0.121,0.11984928,76.24,BTC-28JUN24-80000-C,66405.6,sell,1.6,1.6,,,,
827,287705188,2024-03-04 14:57:20,1,0.121,0.11984928,76.24,BTC-28JUN24-80000-C,66405.6,sell,0.3,0.3,,,,
828,287705189,2024-03-04 14:57:20,1,0.121,0.11984928,76.24,BTC-28JUN24-80000-C,66405.6,sell,1.5,1.5,,,,
829,287705190,2024-03-04 14:57:20,1,0.121,0.11984928,76.24,BTC-28JUN24-80000-C,66405.6,sell,0.1,0.1,,,,
830,287705324,2024-03-04 14:57:27,1,0.121,0.11980894,76.29,BTC-28JUN24-80000-C,66367.02,buy,5.0,5.0,,,,
831,287705431,2024-03-04 14:57:43,1,0.121,0.11960283,76.36,BTC-28JUN24-80000-C,66336.63,sell,1.6,1.6,,,,
832,287705432,2024-03-04 14:57:43,1,0.121,0.11960283,76.36,BTC-28JUN24-80000-C,66336.63,sell,0.3,0.3,,,,
833,287705462,2024-03-04 14:57:49,1,0.121,0.11960679,76.39,BTC-28JUN24-80000-C,66326.71,sell,1.5,1.5,,,,
834,287705463,2024-03-04 14:57:49,1,0.121,0.11960679,76.39,BTC-28JUN24-80000-C,66326.71,sell,0.1,0.1,,,,
835,287705471,2024-03-04 14:57:50,1,0.121,0.11961795,76.39,BTC-28JUN24-80000-C,66326.71,sell,1.5,1.5,,,,
836,287705764,2024-03-04 14:58:20,1,0.121,0.12009559,76.31,BTC-28JUN24-80000-C,66359.5,sell,0.1,0.1,,,,
837,287705765,2024-03-04 14:58:20,1,0.121,0.12009559,76.31,BTC-28JUN24-80000-C,66359.5,sell,0.1,0.1,,,,
838,287705816,2024-03-04 14:58:25,1,0.121,0.12006441,76.38,BTC-28JUN24-80000-C,66324.34,sell,4.8,4.8,,,,
839,287705860,2024-03-04 14:58:31,1,0.121,0.12012932,76.36,BTC-28JUN24-80000-C,66348.73,sell,0.1,0.1,,,,
840,287705866,2024-03-04 14:58:34,1,0.121,0.1202178,76.35,BTC-28JUN24-80000-C,66355.56,sell,0.1,0.1,,,,
841,287705869,2024-03-04 14:58:36,1,0.121,0.12025649,76.34,BTC-28JUN24-80000-C,66351.08,sell,0.1,0.1,,,,
842,287705877,2024-03-04 14:58:36,1,0.121,0.12027814,76.35,BTC-28JUN24-80000-C,66351.08,sell,0.1,0.1,,,,
843,287705942,2024-03-04 14:58:46,1,0.121,0.1203452,76.4,BTC-28JUN24-80000-C,66319.83,sell,0.1,0.1,,,,
844,287705948,2024-03-04 14:58:46,1,0.121,0.12036312,76.4,BTC-28JUN24-80000-C,66319.83,sell,0.1,0.1,,,,
845,287705952,2024-03-04 14:58:46,1,0.121,0.12036312,76.4,BTC-28JUN24-80000-C,66319.83,sell,0.1,0.1,,,,
846,287705957,2024-03-04 14:58:47,1,0.121,0.12036312,76.43,BTC-28JUN24-80000-C,66309.34,sell,0.1,0.1,,,,
847,287705963,2024-03-04 14:58:47,1,0.121,0.12036312,76.43,BTC-28JUN24-80000-C,66309.34,sell,0.1,0.1,,,,
848,287705967,2024-03-04 14:58:47,1,0.121,0.12036312,76.43,BTC-28JUN24-80000-C,66309.34,sell,0.1,0.1,,,,
849,287705974,2024-03-04 14:58:47,1,0.121,0.12034818,76.43,BTC-28JUN24-80000-C,66309.34,sell,0.1,0.1,,,,
850,287705979,2024-03-04 14:58:47,1,0.121,0.12034818,76.43,BTC-28JUN24-80000-C,66309.34,sell,0.1,0.1,,,,
851,287705980,2024-03-04 14:58:47,1,0.121,0.12034818,76.43,BTC-28JUN24-80000-C,66309.34,sell,0.2,0.2,,,,
852,287705982,2024-03-04 14:58:47,1,0.121,0.12034818,76.43,BTC-28JUN24-80000-C,66309.34,sell,0.6,0.6,,,,
853,287705983,2024-03-04 14:58:47,1,0.121,0.12034818,76.43,BTC-28JUN24-80000-C,66309.34,sell,0.1,0.1,,,,
854,287705990,2024-03-04 14:58:48,1,0.121,0.12029875,76.5,BTC-28JUN24-80000-C,66284.0,sell,0.1,0.1,,,,
855,287706003,2024-03-04 14:58:48,1,0.121,0.12029875,76.5,BTC-28JUN24-80000-C,66284.0,sell,0.1,0.1,,,,
856,287706006,2024-03-04 14:58:48,1,0.121,0.12029875,76.5,BTC-28JUN24-80000-C,66284.0,sell,0.1,0.1,,,,
857,287706008,2024-03-04 14:58:48,1,0.121,0.12029875,76.5,BTC-28JUN24-80000-C,66284.0,sell,0.1,0.1,,,,
858,287706011,2024-03-04 14:58:48,1,0.121,0.12029875,76.5,BTC-28JUN24-80000-C,66284.0,sell,0.1,0.1,,,,
859,287706023,2024-03-04 14:58:48,1,0.121,0.12029875,76.5,BTC-28JUN24-80000-C,66284.0,sell,0.1,0.1,,,,
860,287706024,2024-03-04 14:58:48,1,0.121,0.12029875,76.5,BTC-28JUN24-80000-C,66284.0,sell,0.1,0.1,,,,
861,287706025,2024-03-04 14:58:48,1,0.121,0.12029875,76.5,BTC-28JUN24-80000-C,66284.0,sell,1.5,1.5,,,,
862,287706027,2024-03-04 14:58:48,1,0.121,0.12029875,76.5,BTC-28JUN24-80000-C,66284.0,sell,0.1,0.1,,,,
863,287706032,2024-03-04 14:58:48,1,0.121,0.12029875,76.5,BTC-28JUN24-80000-C,66284.0,sell,0.1,0.1,,,,
864,287706033,2024-03-04 14:58:48,1,0.121,0.12029875,76.5,BTC-28JUN24-80000-C,66284.0,sell,0.1,0.1,,,,
865,287706086,2024-03-04 14:58:59,1,0.121,0.1202111,76.51,BTC-28JUN24-80000-C,66278.12,sell,0.4,0.4,,,,
866,287706093,2024-03-04 14:59:05,1,0.121,0.12039297,76.42,BTC-28JUN24-80000-C,66329.57,sell,4.6,4.6,,,,
867,287706094,2024-03-04 14:59:06,1,0.121,0.12039498,76.4,BTC-28JUN24-80000-C,66331.03,sell,0.1,0.1,,,,
868,287706098,2024-03-04 14:59:07,1,0.121,0.12039498,76.4,BTC-28JUN24-80000-C,66321.42,sell,0.2,0.2,,,,
869,287706106,2024-03-04 14:59:07,1,0.121,0.12043691,76.4,BTC-28JUN24-80000-C,66321.42,sell,0.1,0.1,,,,
870,287707028,2024-03-04 15:00:36,2,0.1205,0.11995956,76.61,BTC-28JUN24-80000-C,66137.07,sell,5.0,5.0,,,,
871,287707270,2024-03-04 15:00:49,2,0.12,0.11997474,76.34,BTC-28JUN24-80000-C,66156.86,sell,5.0,5.0,,,,
872,287707588,2024-03-04 15:01:38,3,0.12,0.11995644,76.41,BTC-28JUN24-80000-C,66131.41,sell,2.5,2.5,,,,
873,287707704,2024-03-04 15:01:59,3,0.12,0.11983771,76.45,BTC-28JUN24-80000-C,66116.44,sell,2.5,2.5,,,,
874,287708679,2024-03-04 15:05:44,2,0.1195,0.11972676,76.41,BTC-28JUN24-80000-C,66020.75,sell,5.0,5.0,,,,
875,287727355,2024-03-04 15:51:50,0,0.1198,0.12262158,75.92,BTC-28JUN24-80000-C,66329.37,sell,75.0,75.0,,,129464,
876,287728657,2024-03-04 15:53:23,0,0.1245,0.12420522,77.37,BTC-28JUN24-80000-C,66589.0,sell,5.0,5.0,,,,
877,287729962,2024-03-04 15:57:10,2,0.1235,0.12333327,77.3,BTC-28JUN24-80000-C,66420.11,sell,1.4,1.4,,,,
878,287729963,2024-03-04 15:57:10,3,0.1235,0.12333327,77.3,BTC-28JUN24-80000-C,66420.11,sell,0.3,0.3,,,,
879,287729976,2024-03-04 15:57:16,3,0.1235,0.12333427,77.29,BTC-28JUN24-80000-C,66419.74,sell,1.4,1.4,,,,
880,287729977,2024-03-04 15:57:16,3,0.1235,0.12333427,77.29,BTC-28JUN24-80000-C,66419.74,sell,0.3,0.3,,,,
881,287730850,2024-03-04 15:59:49,0,0.1245,0.12403629,77.49,BTC-28JUN24-80000-C,66520.71,sell,1.5,1.5,,,,
882,287730868,2024-03-04 15:59:49,1,0.1245,0.12403629,77.49,BTC-28JUN24-80000-C,66520.71,sell,0.1,0.1,,,,
883,287740231,2024-03-04 16:15:44,2,0.1208,0.12459806,75.34,BTC-28JUN24-80000-C,66763.05,sell,75.0,75.0,,,129483,
884,287740772,2024-03-04 16:16:56,0,0.1245,0.12456377,76.98,BTC-28JUN24-80000-C,66765.52,sell,0.1,0.1,,,,
885,287740777,2024-03-04 16:16:58,1,0.1245,0.12463936,76.99,BTC-28JUN24-80000-C,66762.5,sell,0.1,0.1,,,,
886,287740782,2024-03-04 16:16:59,1,0.1245,0.1246255,76.98,BTC-28JUN24-80000-C,66760.19,sell,0.1,0.1,,,,
887,287740967,2024-03-04 16:17:39,1,0.1245,0.12462836,77.02,BTC-28JUN24-80000-C,66753.51,sell,0.1,0.1,,,,
888,287741893,2024-03-04 16:19:48,0,0.1255,0.12490834,77.43,BTC-28JUN24-80000-C,66763.05,sell,0.6,0.6,,,,
889,287746139,2024-03-04 16:29:11,2,0.123,0.12300748,77.09,BTC-28JUN24-80000-C,66412.43,buy,1.4,1.4,,,,
890,287750361,2024-03-04 16:45:40,2,0.1225,0.12283448,76.66,BTC-28JUN24-80000-C,66501.61,buy,0.1,0.1,,,,
891,287765181,2024-03-04 17:28:59,0,0.127,0.12716203,76.74,BTC-28JUN24-80000-C,67374.65,sell,0.1,0.1,,,,
892,287765182,2024-03-04 17:29:00,1,0.127,0.12716203,76.76,BTC-28JUN24-80000-C,67371.64,sell,0.1,0.1,,,,
893,287765190,2024-03-04 17:29:01,1,0.127,0.12709873,76.77,BTC-28JUN24-80000-C,67361.61,sell,0.1,0.1,,,,
894,287765996,2024-03-04 17:30:11,1,0.127,0.12693966,76.93,BTC-28JUN24-80000-C,67279.47,sell,0.1,0.1,,,,
895,287765997,2024-03-04 17:30:11,0,0.1275,0.12693966,77.16,BTC-28JUN24-80000-C,67279.47,buy,0.2,0.2,,,,
896,287768996,2024-03-04 17:34:46,0,0.1295,0.12916887,77.6,BTC-28JUN24-80000-C,67481.65,sell,0.2,0.2,,,,
897,287769082,2024-03-04 17:34:53,1,0.1295,0.12927713,77.58,BTC-28JUN24-80000-C,67485.14,sell,0.1,0.1,,,,
898,287770123,2024-03-04 17:35:36,1,0.1295,0.12979113,77.43,BTC-28JUN24-80000-C,67525.88,sell,0.1,0.1,,,,
899,287770130,2024-03-04 17:35:36,1,0.1295,0.12979113,77.45,BTC-28JUN24-80000-C,67525.88,sell,0.1,0.1,,,,
900,287770311,2024-03-04 17:35:50,1,0.1295,0.12957851,77.54,BTC-28JUN24-80000-C,67475.11,sell,0.1,0.1,,,,
901,287770462,2024-03-04 17:36:13,1,0.1295,0.12975899,77.48,BTC-28JUN24-80000-C,67501.46,sell,0.1,0.1,,,,
902,287770477,2024-03-04 17:36:13,1,0.1295,0.12975899,77.48,BTC-28JUN24-80000-C,67501.46,sell,0.1,0.1,,,,
903,287770480,2024-03-04 17:36:13,1,0.1295,0.12975899,77.48,BTC-28JUN24-80000-C,67501.46,sell,0.1,0.1,,,,
904,287770519,2024-03-04 17:36:14,1,0.1295,0.12972706,77.48,BTC-28JUN24-80000-C,67460.17,sell,0.2,0.2,,,,
905,287770544,2024-03-04 17:36:15,1,0.1295,0.12972706,77.57,BTC-28JUN24-80000-C,67435.07,sell,0.1,0.1,,,,
906,287770545,2024-03-04 17:36:15,1,0.1295,0.12972706,77.57,BTC-28JUN24-80000-C,67435.07,sell,0.1,0.1,,,,
907,287770562,2024-03-04 17:36:15,1,0.1295,0.12973907,77.62,BTC-28JUN24-80000-C,67410.12,sell,0.1,0.1,,,,
908,287770586,2024-03-04 17:36:16,1,0.1295,0.12953828,77.62,BTC-28JUN24-80000-C,67410.12,sell,0.1,0.1,,,,
909,287770670,2024-03-04 17:36:25,1,0.1295,0.12928534,77.73,BTC-28JUN24-80000-C,67385.67,sell,0.2,0.2,,,,
910,287770974,2024-03-04 17:37:03,1,0.1295,0.12985375,77.57,BTC-28JUN24-80000-C,67450.92,sell,0.1,0.1,,,,
911,287770983,2024-03-04 17:37:04,1,0.1295,0.12985375,77.57,BTC-28JUN24-80000-C,67427.52,sell,0.1,0.1,,,,
912,287770996,2024-03-04 17:37:04,1,0.1295,0.12976951,77.57,BTC-28JUN24-80000-C,67427.52,sell,0.1,0.1,,,,
913,287770997,2024-03-04 17:37:04,1,0.1295,0.12976951,77.57,BTC-28JUN24-80000-C,67427.52,sell,0.1,0.1,,,,
914,287771004,2024-03-04 17:37:07,1,0.1295,0.12950357,77.67,BTC-28JUN24-80000-C,67407.12,sell,0.1,0.1,,,,
915,287771024,2024-03-04 17:37:08,1,0.1295,0.12950626,77.67,BTC-28JUN24-80000-C,67400.6,sell,0.1,0.1,,,,
916,287771029,2024-03-04 17:37:10,1,0.1295,0.12951133,77.69,BTC-28JUN24-80000-C,67397.79,sell,0.1,0.1,,,,
917,287771041,2024-03-04 17:37:11,1,0.1295,0.12947395,77.71,BTC-28JUN24-80000-C,67379.19,sell,0.1,0.1,,,,
918,287771042,2024-03-04 17:37:11,1,0.1295,0.12947395,77.71,BTC-28JUN24-80000-C,67379.19,sell,0.1,0.1,,,,
919,287771394,2024-03-04 17:38:00,1,0.1295,0.12948387,77.81,BTC-28JUN24-80000-C,67336.43,sell,0.1,0.1,,,,
920,287771425,2024-03-04 17:38:03,1,0.1295,0.12943205,77.82,BTC-28JUN24-80000-C,67334.06,sell,0.2,0.2,,,,
921,287771427,2024-03-04 17:38:03,1,0.1295,0.12943205,77.82,BTC-28JUN24-80000-C,67327.26,sell,0.1,0.1,,,,
922,287771496,2024-03-04 17:38:13,1,0.1295,0.12954449,77.81,BTC-28JUN24-80000-C,67326.52,sell,0.1,0.1,,,,
923,287771514,2024-03-04 17:38:16,1,0.1295,0.1294734,77.84,BTC-28JUN24-80000-C,67320.51,sell,0.1,0.1,,,,
924,287771524,2024-03-04 17:38:16,1,0.1295,0.1294734,77.84,BTC-28JUN24-80000-C,67320.51,sell,0.1,0.1,,,,
925,287771533,2024-03-04 17:38:16,1,0.1295,0.1294734,77.84,BTC-28JUN24-80000-C,67320.51,sell,1.1,1.1,,,,
926,287771537,2024-03-04 17:38:16,1,0.1295,0.1294734,77.85,BTC-28JUN24-80000-C,67296.33,sell,0.1,0.1,,,,
927,287771538,2024-03-04 17:38:16,1,0.1295,0.1294734,77.85,BTC-28JUN24-80000-C,67296.33,sell,0.1,0.1,,,,
928,287771556,2024-03-04 17:38:19,1,0.1295,0.12934235,77.91,BTC-28JUN24-80000-C,67290.11,sell,0.1,0.1,,,,
929,287771559,2024-03-04 17:38:19,1,0.1295,0.12934235,77.91,BTC-28JUN24-80000-C,67290.11,sell,8.0,8.0,,,,
930,287771560,2024-03-04 17:38:19,1,0.1295,0.12934235,77.91,BTC-28JUN24-80000-C,67290.11,sell,0.1,0.1,,,,
931,287771644,2024-03-04 17:38:21,1,0.1295,0.12932723,77.96,BTC-28JUN24-80000-C,67270.72,sell,0.1,0.1,,,,
932,287772221,2024-03-04 17:39:47,1,0.1295,0.12950771,78.03,BTC-28JUN24-80000-C,67226.29,sell,0.1,0.1,,,,
933,287772239,2024-03-04 17:39:47,1,0.1295,0.12950771,78.05,BTC-28JUN24-80000-C,67203.47,sell,0.4,0.4,,,,
934,287772256,2024-03-04 17:39:48,1,0.1295,0.1294785,78.14,BTC-28JUN24-80000-C,67185.86,sell,0.1,0.1,,,,
935,287772263,2024-03-04 17:39:48,1,0.1295,0.1294785,78.14,BTC-28JUN24-80000-C,67185.86,sell,1.1,1.1,,,,
936,287772270,2024-03-04 17:39:48,1,0.1295,0.1294785,78.14,BTC-28JUN24-80000-C,67185.86,sell,0.1,0.1,,,,
937,287772303,2024-03-04 17:39:49,1,0.1295,0.12937254,78.14,BTC-28JUN24-80000-C,67185.86,sell,0.1,0.1,,,,
938,287772313,2024-03-04 17:39:49,1,0.1295,0.12937254,78.14,BTC-28JUN24-80000-C,67164.52,sell,0.1,0.1,,,,
939,287772318,2024-03-04 17:39:49,1,0.1295,0.12937254,78.14,BTC-28JUN24-80000-C,67164.52,sell,0.1,0.1,,,,
940,287772326,2024-03-04 17:39:49,1,0.1295,0.12929352,78.14,BTC-28JUN24-80000-C,67164.52,sell,10.0,10.0,,,,
941,287772329,2024-03-04 17:39:50,1,0.1295,0.12929352,78.14,BTC-28JUN24-80000-C,67164.52,sell,0.1,0.1,,,,
942,287772358,2024-03-04 17:39:51,1,0.1295,0.12919757,78.19,BTC-28JUN24-80000-C,67141.37,sell,5.0,5.0,,,,
943,287772552,2024-03-04 17:40:14,1,0.1295,0.12946452,78.17,BTC-28JUN24-80000-C,67156.03,sell,5.0,5.0,,,,
944,287772558,2024-03-04 17:40:15,1,0.1295,0.129488,78.17,BTC-28JUN24-80000-C,67156.03,sell,0.1,0.1,,,,
945,287772566,2024-03-04 17:40:15,1,0.1295,0.129488,78.2,BTC-28JUN24-80000-C,67156.03,sell,0.1,0.1,,,,
