trade_seq,trade_id,timestamp,tick_direction,price,mark_price,iv,instrument_name,index_price,direction,contracts,amount,combo_id,block_trade_id
1,333555261,2024-12-12 14:41:20,1,0.0655,0.06432118,58.52,BTC-3JAN25-100000-C,100853.35,buy,5.0,5.0,,
2,333789159,2024-12-13 15:41:19,2,0.0625,0.06288832,53.97,BTC-3JAN25-100000-C,101327.47,sell,1.1,1.1,,
3,333822117,2024-12-13 17:35:05,2,0.0615,0.06013682,55.3,BTC-3JAN25-100000-C,101096.07,buy,0.9,0.9,,
4,334253242,2024-12-16 14:45:56,0,0.0835,0.083056,56.48,BTC-3JAN25-100000-C,105411.99,buy,5.0,5.0,,
5,334400579,2024-12-17 02:44:45,0,0.086,0.08557859,54.08,BTC-3JAN25-100000-C,106372.6,buy,1.0,1.0,,
6,334674919,2024-12-18 10:51:04,2,0.0725,0.07301739,53.19,BTC-3JAN25-100000-C,104612.07,buy,1.0,1.0,,
7,334678762,2024-12-18 11:31:04,0,0.073,0.07339578,53.26,BTC-3JAN25-100000-C,104677.6,buy,1.0,1.0,,
8,334679028,2024-12-18 11:33:08,0,0.074,0.07400016,53.77,BTC-3JAN25-100000-C,104771.0,sell,1.0,1.0,,
9,334685299,2024-12-18 12:16:03,0,0.0765,0.07667079,53.09,BTC-3JAN25-100000-C,105232.73,sell,1.0,1.0,,
10,334694741,2024-12-18 13:17:04,2,0.0755,0.07599183,52.4,BTC-3JAN25-100000-C,105125.81,buy,1.0,1.0,,
11,334697511,2024-12-18 13:22:09,0,0.076,0.07617961,52.84,BTC-3JAN25-100000-C,105146.38,sell,1.0,1.0,,
12,334753849,2024-12-18 17:13:07,2,0.0685,0.06860803,51.56,BTC-3JAN25-100000-C,104216.19,buy,1.0,1.0,,
13,334754873,2024-12-18 17:20:20,0,0.0695,0.06937379,52.01,BTC-3JAN25-100000-C,104338.23,sell,1.0,1.0,,
14,334754947,2024-12-18 17:21:04,2,0.069,0.06919685,51.67,BTC-3JAN25-100000-C,104331.67,buy,1.0,1.0,,
15,334755392,2024-12-18 17:23:19,0,0.0695,0.06950258,51.91,BTC-3JAN25-100000-C,104349.2,sell,1.0,1.0,,
16,334765861,2024-12-18 18:31:04,0,0.0715,0.07196502,51.78,BTC-3JAN25-100000-C,104688.62,buy,1.0,1.0,,
17,334768634,2024-12-18 18:51:04,2,0.069,0.06939607,51.77,BTC-3JAN25-100000-C,104278.04,buy,1.0,1.0,,
18,334828933,2024-12-18 20:14:39,2,0.053,0.05436684,51.31,BTC-3JAN25-100000-C,101652.93,buy,0.1,0.1,,
19,334869174,2024-12-18 20:48:24,2,0.05,0.04947766,53.49,BTC-3JAN25-100000-C,100689.25,sell,0.1,0.1,,
20,334869175,2024-12-18 20:48:24,3,0.05,0.04947766,53.49,BTC-3JAN25-100000-C,100689.25,sell,1.0,1.0,,
21,334869176,2024-12-18 20:48:24,3,0.05,0.04947766,53.49,BTC-3JAN25-100000-C,100689.25,sell,5.4,5.4,,
22,334869177,2024-12-18 20:48:24,3,0.05,0.04947766,53.49,BTC-3JAN25-100000-C,100689.25,sell,1.0,1.0,,
23,334869182,2024-12-18 20:48:24,3,0.05,0.04947766,53.49,BTC-3JAN25-100000-C,100689.25,sell,2.5,2.5,,
24,334894147,2024-12-18 21:39:09,0,0.054,0.05398358,52.7,BTC-3JAN25-100000-C,101558.61,sell,1.0,1.0,,
25,334940581,2024-12-19 01:34:30,2,0.048,0.0484558,53.43,BTC-3JAN25-100000-C,100347.4,buy,0.3,0.3,,
26,334947100,2024-12-19 02:02:47,2,0.045,0.0459127,52.55,BTC-3JAN25-100000-C,99835.38,buy,0.1,0.1,,
27,334947382,2024-12-19 02:03:46,3,0.045,0.04488164,54.11,BTC-3JAN25-100000-C,99671.66,buy,0.1,0.1,,
28,334947383,2024-12-19 02:03:46,2,0.0445,0.04488164,53.5,BTC-3JAN25-100000-C,99671.66,sell,0.1,0.1,,
29,334947516,2024-12-19 02:04:46,3,0.0445,0.04504533,53.27,BTC-3JAN25-100000-C,99680.43,buy,0.1,0.1,,
30,334947930,2024-12-19 02:05:46,2,0.0435,0.04437155,52.85,BTC-3JAN25-100000-C,99549.78,sell,0.1,0.1,,
31,334948211,2024-12-19 02:06:23,0,0.044,0.04436082,53.64,BTC-3JAN25-100000-C,99547.71,buy,0.1,0.1,,
32,334948402,2024-12-19 02:06:46,2,0.0435,0.044245,52.92,BTC-3JAN25-100000-C,99521.18,sell,0.1,0.1,,
33,334950749,2024-12-19 02:11:28,0,0.044,0.04384251,53.64,BTC-3JAN25-100000-C,99439.76,buy,0.3,0.3,,
34,334994723,2024-12-19 03:33:21,0,0.0525,0.05212856,55.31,BTC-3JAN25-100000-C,100890.43,sell,0.2,0.2,,
35,335017835,2024-12-19 05:51:38,1,0.0525,0.05256909,52.86,BTC-3JAN25-100000-C,101282.63,sell,1.0,1.0,,
36,335036638,2024-12-19 08:02:04,0,0.0545,0.05355376,54.03,BTC-3JAN25-100000-C,101504.59,buy,1.4,1.4,,
37,335036820,2024-12-19 08:02:57,2,0.054,0.05349866,53.49,BTC-3JAN25-100000-C,101492.18,buy,1.3,1.3,,
38,335036821,2024-12-19 08:02:57,3,0.054,0.05349866,53.49,BTC-3JAN25-100000-C,101492.18,buy,1.3,1.3,,
39,335048169,2024-12-19 09:53:27,2,0.0529,0.05311859,50.69,BTC-3JAN25-100000-C,101737.09,sell,50.0,50.0,BTC-CCAL-3JAN25_27DEC24-100000,173751
40,335060639,2024-12-19 11:33:08,0,0.0565,0.05605452,51.19,BTC-3JAN25-100000-C,102331.79,sell,4.9,4.9,,
41,335060698,2024-12-19 11:33:34,1,0.0565,0.05594927,51.32,BTC-3JAN25-100000-C,102313.32,sell,0.1,0.1,,
42,335111492,2024-12-19 15:25:09,2,0.0435,0.04244343,52.32,BTC-3JAN25-100000-C,99818.43,sell,0.1,0.1,,
43,335127084,2024-12-19 15:56:27,0,0.0465,0.04647615,52.03,BTC-3JAN25-100000-C,100379.41,sell,0.5,0.5,,
44,335127391,2024-12-19 15:57:49,0,0.047,0.0461233,53.02,BTC-3JAN25-100000-C,100325.61,buy,0.1,0.1,,
45,335130953,2024-12-19 16:12:17,2,0.044,0.04386402,51.92,BTC-3JAN25-100000-C,99917.01,sell,0.1,0.1,,
46,335150513,2024-12-19 17:30:34,2,0.041,0.04112351,51.25,BTC-3JAN25-100000-C,99382.85,sell,0.1,0.1,,
47,335153613,2024-12-19 17:34:19,2,0.04,0.04048061,50.97,BTC-3JAN25-100000-C,99274.7,sell,0.1,0.1,,
48,335162208,2024-12-19 17:49:16,2,0.038,0.03788483,51.32,BTC-3JAN25-100000-C,98591.48,sell,0.1,0.1,,
49,335229329,2024-12-19 19:34:58,2,0.0345,0.03433771,53.69,BTC-3JAN25-100000-C,97597.06,sell,0.5,0.5,,
50,335235829,2024-12-19 19:45:34,2,0.031,0.03077571,54.14,BTC-3JAN25-100000-C,96652.83,sell,0.1,0.1,,
51,335311271,2024-12-19 21:34:17,0,0.0355,0.0350151,54.99,BTC-3JAN25-100000-C,97614.48,buy,2.0,2.0,,
52,335326032,2024-12-19 22:27:33,2,0.034,0.03398088,52.94,BTC-3JAN25-100000-C,97685.51,sell,0.1,0.1,,
53,335333615,2024-12-19 23:06:32,0,0.0345,0.03441661,52.96,BTC-3JAN25-100000-C,97775.91,sell,0.1,0.1,,
54,335341189,2024-12-19 23:51:24,1,0.0345,0.03448112,52.95,BTC-3JAN25-100000-C,97771.11,sell,0.1,0.1,,
55,335358180,2024-12-20 00:59:50,2,0.0317,0.03151829,53.46,BTC-3JAN25-100000-C,97119.54,buy,15.0,15.0,BTC-CDIAG-31JAN25_3JAN25-110000_100000,173865
56,335359147,2024-12-20 01:06:55,0,0.0325,0.0321549,53.84,BTC-3JAN25-100000-C,97234.0,sell,0.1,0.1,,
57,335423635,2024-12-20 03:12:21,0,0.034,0.03368478,55.1,BTC-3JAN25-100000-C,97326.85,sell,0.1,0.1,,
58,335462729,2024-12-20 06:56:18,2,0.0305,0.03048119,54.33,BTC-3JAN25-100000-C,96724.67,sell,0.1,0.1,,
59,335479580,2024-12-20 07:41:24,0,0.0345,0.0346451,53.75,BTC-3JAN25-100000-C,97838.69,buy,1.0,1.0,,
60,335491065,2024-12-20 08:16:05,2,0.03,0.03022664,52.73,BTC-3JAN25-100000-C,96915.24,sell,0.1,0.1,,
61,335491066,2024-12-20 08:16:05,3,0.03,0.03022664,52.73,BTC-3JAN25-100000-C,96915.24,sell,0.1,0.1,,
62,335491067,2024-12-20 08:16:05,3,0.03,0.03022664,52.73,BTC-3JAN25-100000-C,96915.24,sell,0.1,0.1,,
63,335491068,2024-12-20 08:16:05,3,0.03,0.03022664,52.73,BTC-3JAN25-100000-C,96915.24,sell,0.1,0.1,,
64,335511669,2024-12-20 08:53:51,2,0.025,0.02509668,54.99,BTC-3JAN25-100000-C,95299.35,sell,0.1,0.1,,
65,335514969,2024-12-20 08:57:00,3,0.025,0.02558708,54.63,BTC-3JAN25-100000-C,95300.16,sell,0.1,0.1,,
66,335523933,2024-12-20 09:10:18,2,0.0245,0.02460242,55.57,BTC-3JAN25-100000-C,94973.28,buy,0.1,0.1,,
67,335525168,2024-12-20 09:11:47,3,0.0245,0.0246416,55.42,BTC-3JAN25-100000-C,94975.29,sell,0.1,0.1,,
68,335525180,2024-12-20 09:11:47,3,0.0245,0.02461178,55.42,BTC-3JAN25-100000-C,94967.83,sell,0.1,0.1,,
69,335539679,2024-12-20 09:25:56,0,0.025,0.02573581,54.8,BTC-3JAN25-100000-C,95215.06,sell,0.3,0.3,,
70,335539680,2024-12-20 09:25:56,1,0.025,0.02573581,54.8,BTC-3JAN25-100000-C,95215.06,sell,0.2,0.2,,
71,335539931,2024-12-20 09:26:26,1,0.025,0.02558482,55.14,BTC-3JAN25-100000-C,95182.3,sell,0.1,0.1,,
72,335548216,2024-12-20 09:39:16,0,0.0255,0.02580384,55.86,BTC-3JAN25-100000-C,95177.24,sell,0.5,0.5,,
73,335560354,2024-12-20 10:01:15,2,0.0245,0.02435671,56.77,BTC-3JAN25-100000-C,94718.06,buy,1.0,1.0,,
74,335566669,2024-12-20 10:11:56,2,0.0225,0.02284718,55.85,BTC-3JAN25-100000-C,94257.08,sell,0.6,0.6,,
75,335567429,2024-12-20 10:12:56,3,0.0225,0.02257292,56.05,BTC-3JAN25-100000-C,94158.95,buy,0.2,0.2,,
76,335570578,2024-12-20 10:15:24,0,0.0235,0.02360459,57.26,BTC-3JAN25-100000-C,94457.67,buy,2.0,2.0,,
77,335571201,2024-12-20 10:15:44,2,0.023,0.02294602,57.05,BTC-3JAN25-100000-C,94192.33,buy,0.1,0.1,,
78,335574779,2024-12-20 10:22:11,0,0.024,0.02430452,56.11,BTC-3JAN25-100000-C,94647.22,buy,10.0,10.0,,
79,335578977,2024-12-20 10:32:21,1,0.024,0.02388324,57.19,BTC-3JAN25-100000-C,94463.03,buy,0.1,0.1,,
80,335595896,2024-12-20 11:15:40,2,0.0225,0.02269754,57.38,BTC-3JAN25-100000-C,94024.34,sell,1.4,1.4,,
81,335597136,2024-12-20 11:17:56,3,0.0225,0.02277547,57.06,BTC-3JAN25-100000-C,94036.78,sell,0.5,0.5,,
82,335609220,2024-12-20 11:32:13,2,0.0205,0.0204824,58.09,BTC-3JAN25-100000-C,93165.86,sell,2.0,2.0,,
83,335617856,2024-12-20 11:41:20,3,0.0205,0.02003226,58.96,BTC-3JAN25-100000-C,92953.36,buy,0.2,0.2,,
84,335629814,2024-12-20 12:01:55,2,0.0195,0.01928236,59.82,BTC-3JAN25-100000-C,92481.82,sell,1.1,1.1,,
85,335629848,2024-12-20 12:01:55,3,0.0195,0.01928403,59.87,BTC-3JAN25-100000-C,92472.33,sell,3.9,3.9,,
86,335640813,2024-12-20 12:19:02,0,0.0205,0.02070322,59.86,BTC-3JAN25-100000-C,92823.42,sell,0.5,0.5,,
87,335660459,2024-12-20 12:57:24,0,0.021,0.02138333,56.86,BTC-3JAN25-100000-C,93686.61,buy,5.0,5.0,,
88,335664185,2024-12-20 13:09:14,0,0.0215,0.02117116,57.65,BTC-3JAN25-100000-C,93649.42,buy,0.2,0.2,,
89,335664186,2024-12-20 13:09:14,1,0.0215,0.02117116,57.65,BTC-3JAN25-100000-C,93649.42,sell,1.0,1.0,,
90,335664517,2024-12-20 13:10:32,0,0.022,0.02181364,57.5,BTC-3JAN25-100000-C,93835.46,buy,0.2,0.2,,
91,335664764,2024-12-20 13:11:27,1,0.022,0.02179371,57.59,BTC-3JAN25-100000-C,93835.02,buy,0.2,0.2,,
92,335665470,2024-12-20 13:13:21,0,0.0225,0.02236736,57.48,BTC-3JAN25-100000-C,94001.06,buy,0.2,0.2,,
93,335666457,2024-12-20 13:18:32,2,0.022,0.02185728,57.59,BTC-3JAN25-100000-C,93825.23,buy,0.2,0.2,,
94,335666925,2024-12-20 13:20:59,2,0.0215,0.02155768,57.33,BTC-3JAN25-100000-C,93724.44,buy,2.5,2.5,,
95,335666926,2024-12-20 13:20:59,3,0.0215,0.02155768,57.33,BTC-3JAN25-100000-C,93724.44,buy,0.2,0.2,,
96,335667643,2024-12-20 13:23:58,2,0.021,0.02116953,57.18,BTC-3JAN25-100000-C,93586.68,buy,2.5,2.5,,
97,335672143,2024-12-20 13:31:08,0,0.0245,0.0249352,56.85,BTC-3JAN25-100000-C,94749.31,buy,5.0,5.0,,
98,335672380,2024-12-20 13:31:16,1,0.0245,0.02523142,56.55,BTC-3JAN25-100000-C,94810.53,sell,0.2,0.2,,
99,335672552,2024-12-20 13:31:22,1,0.0245,0.02497796,56.69,BTC-3JAN25-100000-C,94777.91,sell,0.2,0.2,,
100,335710451,2024-12-20 15:02:08,0,0.027,0.02707936,55.11,BTC-3JAN25-100000-C,95860.32,buy,0.8,0.8,,
101,335737411,2024-12-20 15:50:25,0,0.0315,0.03180991,54.66,BTC-3JAN25-100000-C,97130.7,sell,0.5,0.5,,
102,335790863,2024-12-20 18:34:09,2,0.0275,0.02761462,51.87,BTC-3JAN25-100000-C,96654.62,sell,5.0,5.0,,
103,335842652,2024-12-20 23:43:38,0,0.029,0.02936642,50.53,BTC-3JAN25-100000-C,97440.64,sell,0.1,0.1,,
104,335860919,2024-12-21 03:19:03,1,0.029,0.02917293,51.0,BTC-3JAN25-100000-C,97324.31,buy,0.1,0.1,,
105,335868094,2024-12-21 05:43:04,0,0.032,0.03187795,52.72,BTC-3JAN25-100000-C,97785.91,buy,0.1,0.1,,
106,335873120,2024-12-21 05:55:09,0,0.0355,0.03525115,53.53,BTC-3JAN25-100000-C,98393.87,buy,0.2,0.2,,
107,335895835,2024-12-21 07:55:04,0,0.039,0.03912886,53.49,BTC-3JAN25-100000-C,99185.9,sell,0.1,0.1,,
108,335895913,2024-12-21 07:55:20,0,0.0395,0.03919529,54.07,BTC-3JAN25-100000-C,99198.43,buy,0.1,0.1,,
109,335897856,2024-12-21 08:02:56,2,0.0375,0.03813285,52.85,BTC-3JAN25-100000-C,98992.18,sell,0.1,0.1,,
110,335898280,2024-12-21 08:03:55,2,0.0365,0.03744199,52.4,BTC-3JAN25-100000-C,98858.34,sell,0.2,0.2,,
111,335898554,2024-12-21 08:04:55,3,0.0365,0.03706467,52.88,BTC-3JAN25-100000-C,98783.29,sell,0.2,0.2,,
112,335898881,2024-12-21 08:05:55,3,0.0365,0.03711535,52.79,BTC-3JAN25-100000-C,98783.8,sell,0.1,0.1,,
113,335899055,2024-12-21 08:06:55,3,0.0365,0.03714575,52.72,BTC-3JAN25-100000-C,98794.48,sell,0.1,0.1,,
114,335901723,2024-12-21 08:28:10,3,0.0365,0.03616155,53.86,BTC-3JAN25-100000-C,98642.19,buy,0.1,0.1,,
115,335904164,2024-12-21 08:55:05,3,0.0365,0.03599507,53.8,BTC-3JAN25-100000-C,98648.73,buy,0.1,0.1,,
116,335904199,2024-12-21 08:55:07,3,0.0365,0.03587786,53.97,BTC-3JAN25-100000-C,98622.43,buy,0.1,0.1,,
117,335904237,2024-12-21 08:55:21,2,0.036,0.03579198,53.35,BTC-3JAN25-100000-C,98620.3,buy,0.1,0.1,,
118,335904267,2024-12-21 08:55:31,3,0.036,0.0357734,53.36,BTC-3JAN25-100000-C,98621.65,buy,0.1,0.1,,
119,335904286,2024-12-21 08:55:39,3,0.036,0.03576557,53.37,BTC-3JAN25-100000-C,98621.15,buy,0.1,0.1,,
120,335904297,2024-12-21 08:55:42,3,0.036,0.03575794,53.38,BTC-3JAN25-100000-C,98621.02,buy,0.1,0.1,,
121,335904332,2024-12-21 08:55:59,3,0.036,0.03572696,53.41,BTC-3JAN25-100000-C,98618.63,buy,0.1,0.1,,
122,335904442,2024-12-21 08:56:13,3,0.036,0.0358915,53.2,BTC-3JAN25-100000-C,98647.92,sell,0.1,0.1,,
123,335904487,2024-12-21 08:56:34,3,0.036,0.03576573,53.37,BTC-3JAN25-100000-C,98622.5,sell,0.1,0.1,,
124,335904546,2024-12-21 08:57:17,0,0.0365,0.03582025,53.95,BTC-3JAN25-100000-C,98640.4,buy,0.1,0.1,,
125,335904777,2024-12-21 08:59:37,2,0.036,0.03571693,53.42,BTC-3JAN25-100000-C,98616.84,sell,0.1,0.1,,
126,335904797,2024-12-21 08:59:54,3,0.036,0.03567061,53.48,BTC-3JAN25-100000-C,98609.18,sell,0.1,0.1,,
127,335904944,2024-12-21 09:02:26,3,0.036,0.03571378,53.44,BTC-3JAN25-100000-C,98611.14,sell,0.1,0.1,,
128,335904989,2024-12-21 09:02:52,3,0.036,0.03556063,53.7,BTC-3JAN25-100000-C,98576.07,buy,0.1,0.1,,
129,335908811,2024-12-21 09:50:46,2,0.0355,0.0347502,53.69,BTC-3JAN25-100000-C,98444.04,buy,0.1,0.1,,
130,335909043,2024-12-21 09:53:16,3,0.0355,0.03525508,53.11,BTC-3JAN25-100000-C,98544.75,sell,0.1,0.1,,
131,335915383,2024-12-21 11:23:46,2,0.0325,0.03243044,52.67,BTC-3JAN25-100000-C,97983.87,sell,0.1,0.1,,
132,335928089,2024-12-21 13:03:05,2,0.0285,0.02877335,52.08,BTC-3JAN25-100000-C,97161.67,buy,0.8,0.8,,
133,335928090,2024-12-21 13:03:05,3,0.0285,0.02877335,52.08,BTC-3JAN25-100000-C,97161.67,buy,0.1,0.1,,
134,335928091,2024-12-21 13:03:05,3,0.0285,0.02877335,52.08,BTC-3JAN25-100000-C,97161.67,buy,4.1,4.1,,
135,335937123,2024-12-21 13:50:13,0,0.03,0.02919693,53.92,BTC-3JAN25-100000-C,97240.65,buy,0.1,0.1,,
136,335937212,2024-12-21 13:50:36,1,0.03,0.02914085,54.04,BTC-3JAN25-100000-C,97226.47,buy,0.1,0.1,,
137,335937357,2024-12-21 13:51:15,2,0.029,0.02879512,53.16,BTC-3JAN25-100000-C,97135.56,sell,0.1,0.1,,
138,335937406,2024-12-21 13:51:30,2,0.0285,0.02841304,52.92,BTC-3JAN25-100000-C,97055.65,sell,0.1,0.1,,
139,335937439,2024-12-21 13:51:37,3,0.0285,0.0284069,53.05,BTC-3JAN25-100000-C,97031.13,sell,0.1,0.1,,
140,335947377,2024-12-21 15:45:53,0,0.029,0.02976051,51.73,BTC-3JAN25-100000-C,97420.48,sell,0.1,0.1,,
141,335954998,2024-12-21 16:59:09,2,0.0285,0.02891587,52.12,BTC-3JAN25-100000-C,97270.74,sell,0.1,0.1,,
142,335955267,2024-12-21 17:03:12,3,0.0285,0.02903014,51.88,BTC-3JAN25-100000-C,97331.06,sell,2.0,2.0,,
143,335961618,2024-12-21 18:39:22,0,0.029,0.02892072,52.38,BTC-3JAN25-100000-C,97384.93,sell,0.7,0.7,,
144,335961619,2024-12-21 18:39:22,1,0.029,0.02892072,52.38,BTC-3JAN25-100000-C,97384.93,sell,0.1,0.1,,
145,335961620,2024-12-21 18:39:22,1,0.029,0.02892072,52.38,BTC-3JAN25-100000-C,97384.93,sell,0.1,0.1,,
146,335961637,2024-12-21 18:39:41,1,0.029,0.0288581,52.5,BTC-3JAN25-100000-C,97366.92,sell,0.1,0.1,,
147,335975363,2024-12-21 20:45:34,2,0.0285,0.02858381,51.21,BTC-3JAN25-100000-C,97517.33,buy,1.1,1.1,,
148,335975368,2024-12-21 20:45:34,3,0.0285,0.02858381,51.21,BTC-3JAN25-100000-C,97517.33,buy,0.2,0.2,,
149,335975369,2024-12-21 20:45:34,3,0.0285,0.02858381,51.21,BTC-3JAN25-100000-C,97517.33,buy,0.1,0.1,,
150,335987692,2024-12-21 22:49:47,3,0.0285,0.02790457,52.52,BTC-3JAN25-100000-C,97302.06,buy,0.4,0.4,,
151,336010549,2024-12-22 03:19:21,2,0.0265,0.02675932,52.38,BTC-3JAN25-100000-C,96930.08,buy,0.1,0.1,,
152,336044642,2024-12-22 08:01:41,2,0.023,0.0233365,52.2,BTC-3JAN25-100000-C,96188.65,buy,0.5,0.5,,
153,336045053,2024-12-22 08:02:22,3,0.023,0.02354559,51.9,BTC-3JAN25-100000-C,96243.32,buy,0.5,0.5,,
154,336061323,2024-12-22 10:52:25,0,0.0275,0.02757024,53.76,BTC-3JAN25-100000-C,97053.0,buy,0.3,0.3,,
155,336062217,2024-12-22 11:15:02,1,0.0275,0.02759036,53.57,BTC-3JAN25-100000-C,97114.43,buy,0.1,0.1,,
156,336069672,2024-12-22 14:03:16,2,0.0265,0.02686158,53.3,BTC-3JAN25-100000-C,96952.82,buy,0.1,0.1,,
157,336070211,2024-12-22 14:07:53,3,0.0265,0.02587404,54.76,BTC-3JAN25-100000-C,96694.12,buy,0.1,0.1,,
158,336076638,2024-12-22 14:33:00,2,0.023,0.02269262,54.74,BTC-3JAN25-100000-C,95754.34,sell,0.1,0.1,,
159,336079596,2024-12-22 14:39:57,2,0.0225,0.02250841,54.36,BTC-3JAN25-100000-C,95690.18,buy,0.1,0.1,,
160,336090750,2024-12-22 15:03:48,2,0.021,0.02121173,54.27,BTC-3JAN25-100000-C,95279.6,sell,0.2,0.2,,
161,336094080,2024-12-22 15:11:10,0,0.0215,0.02166821,54.32,BTC-3JAN25-100000-C,95413.31,buy,0.3,0.3,,
162,336094315,2024-12-22 15:11:59,1,0.0215,0.02167284,54.27,BTC-3JAN25-100000-C,95438.4,buy,0.6,0.6,,
163,336096787,2024-12-22 15:20:58,2,0.021,0.02113148,54.23,BTC-3JAN25-100000-C,95291.67,buy,0.2,0.2,,
