trade_seq,trade_id,timestamp,tick_direction,price,mark_price,iv,instrument_name,index_price,direction,contracts,amount,block_trade_id,combo_trade_id,combo_id,liquidation
1,306659718,2024-06-27 09:02:49,1,0.199,0.203155,66.25,BTC-27JUN25-80000-C,60783.29,sell,1.0,1.0,,,,
2,306677629,2024-06-27 12:25:56,2,0.196,0.1982797,64.65,BTC-27JUN25-80000-C,61323.93,buy,1.0,1.0,,,,
3,306677897,2024-06-27 12:27:57,3,0.196,0.19862647,64.63,BTC-27JUN25-80000-C,61332.67,buy,1.0,1.0,,,,
4,306678021,2024-06-27 12:28:56,3,0.196,0.19878098,64.61,BTC-27JUN25-80000-C,61347.39,buy,1.0,1.0,,,,
5,306678438,2024-06-27 12:30:03,3,0.196,0.19893112,64.56,BTC-27JUN25-80000-C,61410.65,buy,1.0,1.0,,,,
6,306681894,2024-06-27 12:40:57,0,0.197,0.19608863,65.02,BTC-27JUN25-80000-C,61208.67,sell,3.0,3.0,,,,
7,306682581,2024-06-27 12:50:55,1,0.197,0.19668148,65.13,BTC-27JUN25-80000-C,61132.53,buy,0.1,0.1,,,,
8,306684986,2024-06-27 13:07:16,0,0.198,0.19822513,64.77,BTC-27JUN25-80000-C,61521.28,buy,0.1,0.1,,,,
9,306689160,2024-06-27 13:25:47,0,0.199,0.19707394,64.75,BTC-27JUN25-80000-C,61717.2,buy,0.1,0.1,,,,
10,306694745,2024-06-27 14:01:06,0,0.2,0.19944549,64.58,BTC-27JUN25-80000-C,62022.68,buy,0.1,0.1,,,,
11,306694802,2024-06-27 14:01:17,1,0.2,0.19952746,64.55,BTC-27JUN25-80000-C,62042.48,buy,0.1,0.1,,,,
12,306699842,2024-06-27 14:21:38,1,0.2,0.19883037,64.34,BTC-27JUN25-80000-C,62227.51,buy,0.8,0.8,,,,
13,306699843,2024-06-27 14:21:38,1,0.2,0.19883037,64.34,BTC-27JUN25-80000-C,62227.51,buy,1.0,1.0,,,,
14,306699897,2024-06-27 14:22:09,0,0.2005,0.19881758,64.47,BTC-27JUN25-80000-C,62216.75,buy,1.0,1.0,,,,
15,306699964,2024-06-27 14:23:37,0,0.201,0.19894268,64.56,BTC-27JUN25-80000-C,62248.61,buy,1.0,1.0,,,,
16,306721645,2024-06-27 19:01:06,2,0.1995,0.19958533,64.86,BTC-27JUN25-80000-C,61771.5,sell,0.2,0.2,,,,
17,306730969,2024-06-27 21:21:33,2,0.198,0.19888541,64.9,BTC-27JUN25-80000-C,61446.5,sell,0.1,0.1,,,,
18,306741135,2024-06-28 01:16:13,0,0.2,0.19711891,65.4,BTC-27JUN25-80000-C,61600.56,buy,0.1,0.1,,,,
19,306745990,2024-06-28 01:39:05,0,0.203,0.19973097,65.51,BTC-27JUN25-80000-C,62051.24,buy,0.1,0.1,,,,
20,306746016,2024-06-28 01:39:08,1,0.203,0.19980504,65.47,BTC-27JUN25-80000-C,62065.45,buy,0.9,0.9,,,,
21,306753398,2024-06-28 02:57:37,2,0.2,0.19909116,65.28,BTC-27JUN25-80000-C,61660.82,buy,5.0,5.0,,,,
22,306753827,2024-06-28 03:08:35,3,0.2,0.1978381,65.26,BTC-27JUN25-80000-C,61688.3,buy,0.1,0.1,,,,
23,306753836,2024-06-28 03:08:40,3,0.2,0.19778994,65.27,BTC-27JUN25-80000-C,61681.36,buy,0.1,0.1,,,,
24,306753838,2024-06-28 03:08:44,3,0.2,0.19777602,65.27,BTC-27JUN25-80000-C,61680.27,buy,0.1,0.1,,,,
25,306753848,2024-06-28 03:08:47,3,0.2,0.19776209,65.27,BTC-27JUN25-80000-C,61679.64,buy,0.1,0.1,,,,
26,306753854,2024-06-28 03:09:43,3,0.2,0.19770293,65.26,BTC-27JUN25-80000-C,61687.22,buy,1.0,1.0,,,,
27,306753855,2024-06-28 03:09:49,3,0.2,0.1976933,65.26,BTC-27JUN25-80000-C,61685.82,buy,1.0,1.0,,,,
28,306753856,2024-06-28 03:09:53,3,0.2,0.19771787,65.26,BTC-27JUN25-80000-C,61688.68,buy,1.0,1.0,,,,
29,306753857,2024-06-28 03:09:56,3,0.2,0.19771526,65.25,BTC-27JUN25-80000-C,61689.06,buy,1.0,1.0,,,,
30,306845895,2024-06-28 15:54:52,2,0.195,0.19414159,65.43,BTC-27JUN25-80000-C,60912.51,buy,0.5,0.5,,,,
31,306845896,2024-06-28 15:54:52,3,0.195,0.19414159,65.43,BTC-27JUN25-80000-C,60912.51,buy,2.0,2.0,,,,
32,306857129,2024-06-28 17:55:14,3,0.195,0.19363685,65.67,BTC-27JUN25-80000-C,60667.95,sell,0.1,0.1,,,,
33,306857192,2024-06-28 17:55:44,3,0.195,0.19353858,65.69,BTC-27JUN25-80000-C,60670.16,sell,0.1,0.1,,,,
34,306933198,2024-06-30 07:28:04,0,0.1955,0.19356724,64.86,BTC-27JUN25-80000-C,61526.95,buy,0.1,0.1,,,,
35,307006809,2024-07-01 03:30:57,0,0.2045,0.20432829,64.21,BTC-27JUN25-80000-C,63369.35,buy,0.1,0.1,,,,
36,307006827,2024-07-01 03:31:18,0,0.205,0.20430009,64.34,BTC-27JUN25-80000-C,63374.46,buy,0.1,0.1,,,,
37,307006830,2024-07-01 03:31:29,0,0.2055,0.20428081,64.47,BTC-27JUN25-80000-C,63373.75,buy,0.1,0.1,,,,
38,307006833,2024-07-01 03:31:40,0,0.206,0.2042809,64.6,BTC-27JUN25-80000-C,63373.61,buy,0.1,0.1,,,,
39,307006835,2024-07-01 03:31:49,1,0.206,0.20426819,64.6,BTC-27JUN25-80000-C,63373.03,buy,0.1,0.1,,,,
40,307006849,2024-07-01 03:31:58,1,0.206,0.20433516,64.58,BTC-27JUN25-80000-C,63381.62,buy,0.1,0.1,,,,
41,307006858,2024-07-01 03:32:05,1,0.206,0.20431299,64.59,BTC-27JUN25-80000-C,63376.58,buy,0.1,0.1,,,,
42,307006859,2024-07-01 03:32:10,1,0.206,0.20429043,64.59,BTC-27JUN25-80000-C,63373.17,buy,0.1,0.1,,,,
43,307006860,2024-07-01 03:32:16,1,0.206,0.20429036,64.59,BTC-27JUN25-80000-C,63373.52,buy,0.1,0.1,,,,
44,307006867,2024-07-01 03:32:20,1,0.206,0.20427948,64.6,BTC-27JUN25-80000-C,63373.79,buy,0.1,0.1,,,,
45,307009570,2024-07-01 04:45:36,2,0.2035,0.20331816,64.23,BTC-27JUN25-80000-C,63180.01,buy,0.1,0.1,,,,
46,307009572,2024-07-01 04:45:44,3,0.2035,0.20332255,64.23,BTC-27JUN25-80000-C,63180.02,buy,0.1,0.1,,,,
47,307009581,2024-07-01 04:45:51,0,0.204,0.20332123,64.36,BTC-27JUN25-80000-C,63179.25,buy,0.1,0.1,,,,
48,307009582,2024-07-01 04:45:58,0,0.2045,0.20330881,64.49,BTC-27JUN25-80000-C,63179.69,buy,0.1,0.1,,,,
49,307009593,2024-07-01 04:46:01,1,0.2045,0.20330996,64.49,BTC-27JUN25-80000-C,63180.85,buy,0.1,0.1,,,,
50,307009598,2024-07-01 04:46:03,1,0.2045,0.20331344,64.48,BTC-27JUN25-80000-C,63186.2,buy,0.1,0.1,,,,
51,307009610,2024-07-01 04:46:06,1,0.2045,0.20334886,64.47,BTC-27JUN25-80000-C,63188.99,buy,0.1,0.1,,,,
52,307009611,2024-07-01 04:46:09,1,0.2045,0.20336421,64.47,BTC-27JUN25-80000-C,63189.17,buy,0.1,0.1,,,,
53,307009612,2024-07-01 04:46:12,1,0.2045,0.20335631,64.47,BTC-27JUN25-80000-C,63188.69,buy,0.1,0.1,,,,
54,307009615,2024-07-01 04:46:14,1,0.2045,0.20334882,64.47,BTC-27JUN25-80000-C,63188.87,buy,0.1,0.1,,,,
55,307009616,2024-07-01 04:46:23,1,0.2045,0.20335397,64.47,BTC-27JUN25-80000-C,63188.99,buy,0.1,0.1,,,,
56,307009622,2024-07-01 04:46:26,1,0.2045,0.20335839,64.47,BTC-27JUN25-80000-C,63188.97,buy,0.1,0.1,,,,
57,307009628,2024-07-01 04:46:30,1,0.2045,0.20336389,64.46,BTC-27JUN25-80000-C,63193.81,buy,0.1,0.1,,,,
58,307009636,2024-07-01 04:46:33,1,0.2045,0.20338255,64.46,BTC-27JUN25-80000-C,63194.18,buy,0.1,0.1,,,,
59,307009637,2024-07-01 04:46:35,1,0.2045,0.20338655,64.46,BTC-27JUN25-80000-C,63194.9,buy,0.1,0.1,,,,
60,307009638,2024-07-01 04:46:38,1,0.2045,0.20338139,64.46,BTC-27JUN25-80000-C,63194.88,buy,0.1,0.1,,,,
61,307009640,2024-07-01 04:46:41,1,0.2045,0.20337129,64.46,BTC-27JUN25-80000-C,63194.55,buy,0.1,0.1,,,,
62,307009641,2024-07-01 04:46:44,1,0.2045,0.20336623,64.46,BTC-27JUN25-80000-C,63194.59,buy,0.1,0.1,,,,
63,307009643,2024-07-01 04:46:47,1,0.2045,0.20336445,64.46,BTC-27JUN25-80000-C,63194.82,buy,0.1,0.1,,,,
64,307009659,2024-07-01 04:46:51,1,0.2045,0.20335771,64.46,BTC-27JUN25-80000-C,63197.32,buy,0.1,0.1,,,,
65,307009674,2024-07-01 04:46:57,1,0.2045,0.20338381,64.46,BTC-27JUN25-80000-C,63201.34,buy,0.1,0.1,,,,
66,307009683,2024-07-01 04:47:00,1,0.2045,0.20338427,64.46,BTC-27JUN25-80000-C,63202.34,buy,0.1,0.1,,,,
67,307009685,2024-07-01 04:47:03,1,0.2045,0.20337645,64.46,BTC-27JUN25-80000-C,63205.42,buy,0.1,0.1,,,,
68,307009698,2024-07-01 04:47:06,1,0.2045,0.20339485,64.45,BTC-27JUN25-80000-C,63208.5,buy,0.1,0.1,,,,
69,307009701,2024-07-01 04:47:10,1,0.2045,0.20340134,64.45,BTC-27JUN25-80000-C,63207.42,buy,0.1,0.1,,,,
70,307009704,2024-07-01 04:47:13,1,0.2045,0.2034147,64.44,BTC-27JUN25-80000-C,63209.9,buy,0.1,0.1,,,,
71,307009707,2024-07-01 04:47:16,1,0.2045,0.20343259,64.44,BTC-27JUN25-80000-C,63214.47,buy,0.1,0.1,,,,
72,307009714,2024-07-01 04:47:19,1,0.2045,0.20343794,64.44,BTC-27JUN25-80000-C,63212.26,buy,0.1,0.1,,,,
73,307009715,2024-07-01 04:47:22,1,0.2045,0.20342468,64.44,BTC-27JUN25-80000-C,63211.18,buy,0.1,0.1,,,,
74,307009718,2024-07-01 04:47:25,1,0.2045,0.2034162,64.44,BTC-27JUN25-80000-C,63211.29,buy,0.1,0.1,,,,
75,307009739,2024-07-01 04:47:31,1,0.2045,0.20341302,64.44,BTC-27JUN25-80000-C,63212.08,buy,0.1,0.1,,,,
76,307009760,2024-07-01 04:47:36,1,0.2045,0.20351902,64.41,BTC-27JUN25-80000-C,63232.52,buy,0.1,0.1,,,,
77,307009762,2024-07-01 04:47:39,1,0.2045,0.20350643,64.42,BTC-27JUN25-80000-C,63230.99,buy,0.1,0.1,,,,
78,307009763,2024-07-01 04:47:42,1,0.2045,0.20350396,64.41,BTC-27JUN25-80000-C,63232.21,buy,0.1,0.1,,,,
79,307009764,2024-07-01 04:47:45,1,0.2045,0.20350155,64.42,BTC-27JUN25-80000-C,63231.2,buy,0.1,0.1,,,,
80,307009766,2024-07-01 04:47:48,1,0.2045,0.20350115,64.41,BTC-27JUN25-80000-C,63231.66,buy,0.1,0.1,,,,
81,307009767,2024-07-01 04:47:51,1,0.2045,0.20349541,64.42,BTC-27JUN25-80000-C,63231.08,buy,0.1,0.1,,,,
82,307009777,2024-07-01 04:47:54,1,0.2045,0.20349409,64.41,BTC-27JUN25-80000-C,63232.29,buy,0.1,0.1,,,,
83,307009788,2024-07-01 04:47:57,1,0.2045,0.20352034,64.41,BTC-27JUN25-80000-C,63238.3,buy,0.1,0.1,,,,
84,307009793,2024-07-01 04:48:00,1,0.2045,0.20351899,64.41,BTC-27JUN25-80000-C,63239.34,buy,0.1,0.1,,,,
85,307054337,2024-07-01 17:26:55,2,0.203,0.20227305,64.46,BTC-27JUN25-80000-C,63168.38,buy,0.2,0.2,,,,
86,307054343,2024-07-01 17:26:57,3,0.203,0.20231111,64.45,BTC-27JUN25-80000-C,63173.63,buy,0.7,0.7,,,,
87,307054348,2024-07-01 17:27:00,3,0.203,0.20232392,64.45,BTC-27JUN25-80000-C,63185.88,buy,0.1,0.1,,,,
88,307054739,2024-07-01 17:29:46,0,0.204,0.20272747,64.56,BTC-27JUN25-80000-C,63267.51,buy,0.3,0.3,,,,
89,307054741,2024-07-01 17:29:48,1,0.204,0.20272172,64.56,BTC-27JUN25-80000-C,63266.6,buy,0.7,0.7,,,,
90,307056644,2024-07-01 17:40:56,0,0.205,0.20330277,64.57,BTC-27JUN25-80000-C,63432.14,buy,1.0,1.0,,,,
91,307186401,2024-07-03 03:40:35,2,0.182,0.18414356,62.86,BTC-27JUN25-80000-C,60964.1,buy,0.1,0.1,,,,
92,307304252,2024-07-03 21:39:50,2,0.1725,0.1750889,61.98,BTC-27JUN25-80000-C,60030.82,buy,0.1,0.1,,,,
93,307304256,2024-07-03 21:39:57,3,0.1725,0.17508711,61.98,BTC-27JUN25-80000-C,60033.05,buy,0.1,0.1,,,,
94,307304286,2024-07-03 21:40:05,3,0.1725,0.17507295,61.97,BTC-27JUN25-80000-C,60033.27,buy,1.0,1.0,,,,
95,307304298,2024-07-03 21:40:09,3,0.1725,0.17503209,61.97,BTC-27JUN25-80000-C,60027.01,buy,1.0,1.0,,,,
96,307304301,2024-07-03 21:40:14,3,0.1725,0.17497334,61.99,BTC-27JUN25-80000-C,60026.95,buy,1.0,1.0,,,,
97,307304303,2024-07-03 21:40:18,3,0.1725,0.17495888,61.99,BTC-27JUN25-80000-C,60024.59,buy,1.0,1.0,,,,
98,307304313,2024-07-03 21:41:05,2,0.172,0.17476617,61.85,BTC-27JUN25-80000-C,60023.02,sell,4.0,4.0,,,,
99,307304314,2024-07-03 21:41:05,3,0.172,0.17476617,61.85,BTC-27JUN25-80000-C,60023.02,sell,3.0,3.0,,,,
100,307305530,2024-07-03 21:58:21,3,0.172,0.17426338,61.59,BTC-27JUN25-80000-C,60231.69,buy,0.1,0.1,,,,
101,307305546,2024-07-03 21:58:37,0,0.1725,0.17415923,61.73,BTC-27JUN25-80000-C,60218.8,buy,0.1,0.1,,,,
102,307305560,2024-07-03 21:58:56,1,0.1725,0.1740395,61.75,BTC-27JUN25-80000-C,60208.21,buy,0.1,0.1,,,,
103,307340616,2024-07-04 02:22:20,2,0.1685,0.16784119,63.06,BTC-27JUN25-80000-C,58649.56,sell,0.1,0.1,,,,
104,307521732,2024-07-05 02:53:57,2,0.1615,0.16166607,64.39,BTC-27JUN25-80000-C,56541.03,sell,1.0,1.0,,,,
105,307585902,2024-07-05 05:14:22,2,0.156,0.15672731,66.17,BTC-27JUN25-80000-C,54378.11,sell,0.1,0.1,,,,
106,307599730,2024-07-05 06:25:36,2,0.1525,0.15404739,65.29,BTC-27JUN25-80000-C,54303.29,sell,0.2,0.2,,,,
107,307777305,2024-07-06 04:05:53,0,0.1625,0.16267342,64.69,BTC-27JUN25-80000-C,56369.79,buy,0.1,0.1,,,,
108,307777306,2024-07-06 04:06:02,0,0.163,0.16266873,64.82,BTC-27JUN25-80000-C,56368.37,buy,0.1,0.1,,,,
109,307777322,2024-07-06 04:07:12,2,0.1605,0.16244483,64.19,BTC-27JUN25-80000-C,56361.9,buy,0.1,0.1,,,,
110,307777323,2024-07-06 04:07:19,3,0.1605,0.16239605,64.19,BTC-27JUN25-80000-C,56361.7,buy,0.1,0.1,,,,
111,307777324,2024-07-06 04:07:23,3,0.1605,0.1623788,64.19,BTC-27JUN25-80000-C,56362.43,buy,0.1,0.1,,,,
112,307780393,2024-07-06 05:07:53,0,0.162,0.16093484,64.85,BTC-27JUN25-80000-C,56226.06,buy,0.5,0.5,,,,
113,307901081,2024-07-07 20:21:28,0,0.174,0.17136949,66.61,BTC-27JUN25-80000-C,57197.58,sell,0.1,0.1,,,,
114,307901082,2024-07-07 20:21:44,1,0.174,0.17153414,66.6,BTC-27JUN25-80000-C,57200.55,sell,0.1,0.1,,,,
115,307901084,2024-07-07 20:21:51,1,0.174,0.17157017,66.59,BTC-27JUN25-80000-C,57200.73,sell,1.0,1.0,,,,
116,307902229,2024-07-07 21:08:37,2,0.1705,0.17032924,65.9,BTC-27JUN25-80000-C,57064.49,buy,4.0,4.0,,,,
117,307919150,2024-07-08 00:10:37,2,0.165,0.16317004,66.75,BTC-27JUN25-80000-C,55557.25,sell,0.1,0.1,,,,
118,307920793,2024-07-08 00:25:23,0,0.167,0.16475037,66.84,BTC-27JUN25-80000-C,55887.63,sell,1.0,1.0,,,,
119,307920826,2024-07-08 00:25:27,1,0.167,0.16480912,66.82,BTC-27JUN25-80000-C,55900.79,sell,1.0,1.0,,,,
120,307920831,2024-07-08 00:25:31,1,0.167,0.16484968,66.82,BTC-27JUN25-80000-C,55894.29,sell,1.0,1.0,,,,
121,307921209,2024-07-08 00:30:25,0,0.1675,0.16660048,66.87,BTC-27JUN25-80000-C,55941.98,sell,1.0,1.0,,,,
122,308106593,2024-07-08 21:57:45,0,0.171,0.16922774,66.59,BTC-27JUN25-80000-C,56609.19,sell,0.1,0.1,,,,
123,308108973,2024-07-08 22:26:18,2,0.1705,0.17210036,65.99,BTC-27JUN25-80000-C,56938.32,sell,0.1,0.1,,,,
124,308108974,2024-07-08 22:26:18,3,0.1705,0.17210036,65.99,BTC-27JUN25-80000-C,56938.32,buy,1.5,1.5,,,,
125,308108983,2024-07-08 22:26:21,3,0.1705,0.17205833,66.0,BTC-27JUN25-80000-C,56930.71,buy,0.6,0.6,,,,
126,308108987,2024-07-08 22:26:24,3,0.1705,0.1720756,66.0,BTC-27JUN25-80000-C,56937.39,buy,0.1,0.1,,,,
127,308151385,2024-07-09 08:38:14,0,0.1725,0.17261953,65.29,BTC-27JUN25-80000-C,57781.44,buy,0.1,0.1,,,,
128,308162329,2024-07-09 11:50:37,0,0.173,0.17131148,66.0,BTC-27JUN25-80000-C,57423.25,buy,0.1,0.1,,,,
129,308176273,2024-07-09 14:16:02,0,0.1735,0.17406388,65.35,BTC-27JUN25-80000-C,58027.97,buy,0.1,0.1,,,,
130,308244016,2024-07-10 04:07:24,0,0.174,0.17452656,64.47,BTC-27JUN25-80000-C,58769.99,buy,0.1,0.1,,,,
131,308246436,2024-07-10 04:08:20,0,0.175,0.17497677,64.45,BTC-27JUN25-80000-C,58895.96,buy,0.1,0.1,,,,
132,308253800,2024-07-10 04:42:32,0,0.1825,0.17878492,65.9,BTC-27JUN25-80000-C,59187.11,buy,0.1,0.1,,,,
133,308310725,2024-07-10 14:25:31,2,0.17,0.16921757,64.85,BTC-27JUN25-80000-C,57768.62,sell,0.1,0.1,,,,
134,308310730,2024-07-10 14:25:41,3,0.17,0.16934834,64.82,BTC-27JUN25-80000-C,57790.94,sell,0.1,0.1,,,,
135,308310966,2024-07-10 14:29:29,0,0.171,0.16977343,65.1,BTC-27JUN25-80000-C,57772.28,sell,0.1,0.1,,,,
136,308315542,2024-07-10 15:30:45,2,0.1705,0.16948489,64.88,BTC-27JUN25-80000-C,57852.51,buy,0.1,0.1,,,,
137,308316016,2024-07-10 15:43:04,0,0.171,0.17034442,64.98,BTC-27JUN25-80000-C,57874.38,sell,3.0,3.0,,,,
138,308316583,2024-07-10 15:49:11,1,0.171,0.17065332,64.97,BTC-27JUN25-80000-C,57882.97,sell,0.7,0.7,,,,
139,308388017,2024-07-11 11:36:29,0,0.178,0.17543396,65.68,BTC-27JUN25-80000-C,58496.71,sell,0.1,0.1,,,,
140,308388037,2024-07-11 11:36:37,2,0.177,0.17547355,65.42,BTC-27JUN25-80000-C,58507.56,sell,0.1,0.1,,,,
141,308388065,2024-07-11 11:37:00,3,0.177,0.17545107,65.43,BTC-27JUN25-80000-C,58493.93,sell,0.1,0.1,,,,
142,308388066,2024-07-11 11:37:04,3,0.177,0.17546544,65.44,BTC-27JUN25-80000-C,58492.55,sell,0.1,0.1,,,,
143,308388078,2024-07-11 11:37:13,3,0.177,0.17559162,65.41,BTC-27JUN25-80000-C,58509.11,sell,0.6,0.6,,,,
144,308388088,2024-07-11 11:37:35,2,0.1765,0.17570738,65.28,BTC-27JUN25-80000-C,58510.17,sell,0.1,0.1,,,,
145,308388093,2024-07-11 11:37:40,0,0.177,0.17574633,65.41,BTC-27JUN25-80000-C,58511.7,sell,0.1,0.1,,,,
146,308388223,2024-07-11 11:37:51,1,0.177,0.17579949,65.4,BTC-27JUN25-80000-C,58535.34,sell,0.1,0.1,,,,
147,308388511,2024-07-11 11:38:19,1,0.177,0.1762651,65.3,BTC-27JUN25-80000-C,58590.36,sell,0.1,0.1,,,,
148,308389013,2024-07-11 11:39:58,1,0.177,0.1766914,65.28,BTC-27JUN25-80000-C,58627.47,sell,0.1,0.1,,,,
149,308389149,2024-07-11 11:40:16,1,0.177,0.17708822,65.2,BTC-27JUN25-80000-C,58697.09,sell,0.1,0.1,,,,
150,308389239,2024-07-11 11:40:45,1,0.177,0.1772045,65.19,BTC-27JUN25-80000-C,58705.97,sell,0.1,0.1,,,,
151,308389438,2024-07-11 11:41:10,1,0.177,0.17740389,65.15,BTC-27JUN25-80000-C,58716.94,sell,0.1,0.1,,,,
152,308389836,2024-07-11 11:41:52,1,0.177,0.17740982,65.12,BTC-27JUN25-80000-C,58728.94,buy,0.1,0.1,,,,
153,308389855,2024-07-11 11:42:02,1,0.177,0.1774725,65.1,BTC-27JUN25-80000-C,58740.84,buy,0.8,0.8,,,,
154,308392876,2024-07-11 11:59:16,1,0.177,0.17847972,65.07,BTC-27JUN25-80000-C,58772.75,sell,0.2,0.2,,,,
155,308401908,2024-07-11 12:31:22,0,0.1815,0.18055786,65.83,BTC-27JUN25-80000-C,59122.94,sell,0.1,0.1,,,,
156,308411202,2024-07-11 13:06:51,2,0.178,0.17671548,65.18,BTC-27JUN25-80000-C,58928.69,sell,0.1,0.1,,,,
157,308411246,2024-07-11 13:07:03,3,0.178,0.17675154,65.19,BTC-27JUN25-80000-C,58928.18,sell,0.9,0.9,,,,
158,308411542,2024-07-11 13:08:57,2,0.177,0.17610519,65.17,BTC-27JUN25-80000-C,58739.64,sell,0.1,0.1,,,,
159,308411543,2024-07-11 13:08:57,3,0.177,0.17610519,65.17,BTC-27JUN25-80000-C,58739.64,sell,0.9,0.9,,,,
160,308413378,2024-07-11 13:16:23,2,0.1765,0.1755574,65.14,BTC-27JUN25-80000-C,58712.23,buy,2.0,2.0,,,,
161,308413387,2024-07-11 13:16:29,3,0.1765,0.1756217,65.13,BTC-27JUN25-80000-C,58720.93,buy,1.6,1.6,,,,
162,308439980,2024-07-11 16:01:18,2,0.169,0.16756571,65.19,BTC-27JUN25-80000-C,57460.71,buy,0.1,0.1,,,,
163,308440227,2024-07-11 16:02:46,2,0.1685,0.16734588,65.17,BTC-27JUN25-80000-C,57387.82,sell,0.1,0.1,,,,
164,308440358,2024-07-11 16:03:59,2,0.168,0.16693506,65.19,BTC-27JUN25-80000-C,57290.32,sell,0.1,0.1,,,,
165,308440359,2024-07-11 16:03:59,2,0.1675,0.16693506,65.06,BTC-27JUN25-80000-C,57290.32,sell,0.1,0.1,,,,
166,308440489,2024-07-11 16:04:16,2,0.167,0.16679979,64.98,BTC-27JUN25-80000-C,57256.23,sell,0.1,0.1,,,,
167,308461212,2024-07-11 22:32:11,2,0.166,0.16674449,64.31,BTC-27JUN25-80000-C,57517.39,buy,4.0,4.0,,,,
168,308492563,2024-07-12 05:09:23,2,0.1625,0.16478417,64.19,BTC-27JUN25-80000-C,57031.62,buy,0.1,0.1,,,,
169,308496398,2024-07-12 06:56:17,0,0.164,0.16593199,64.24,BTC-27JUN25-80000-C,57255.41,buy,0.1,0.1,,,,
170,308496399,2024-07-12 06:56:25,0,0.1645,0.16590608,64.37,BTC-27JUN25-80000-C,57254.54,buy,0.1,0.1,,,,
171,308496401,2024-07-12 06:56:30,1,0.1645,0.16588241,64.36,BTC-27JUN25-80000-C,57254.58,buy,0.1,0.1,,,,
172,308496402,2024-07-12 06:56:34,1,0.1645,0.16586746,64.36,BTC-27JUN25-80000-C,57254.66,buy,0.1,0.1,,,,
173,308496403,2024-07-12 06:56:37,1,0.1645,0.16585841,64.36,BTC-27JUN25-80000-C,57254.87,buy,0.1,0.1,,,,
174,308496404,2024-07-12 06:56:40,1,0.1645,0.16584653,64.36,BTC-27JUN25-80000-C,57254.87,buy,0.1,0.1,,,,
175,308496405,2024-07-12 06:56:43,1,0.1645,0.16583487,64.36,BTC-27JUN25-80000-C,57254.89,buy,0.1,0.1,,,,
176,308496406,2024-07-12 06:56:46,1,0.1645,0.16582401,64.36,BTC-27JUN25-80000-C,57254.93,buy,0.1,0.1,,,,
177,308496407,2024-07-12 06:56:49,1,0.1645,0.1658116,64.36,BTC-27JUN25-80000-C,57254.93,buy,0.1,0.1,,,,
178,308496408,2024-07-12 06:56:52,1,0.1645,0.16580323,64.36,BTC-27JUN25-80000-C,57255.54,buy,0.1,0.1,,,,
179,308562051,2024-07-12 17:55:03,0,0.1695,0.17022821,64.28,BTC-27JUN25-80000-C,58215.79,buy,1.0,1.0,,,,
180,308596941,2024-07-13 05:56:44,0,0.1735,0.1702865,65.37,BTC-27JUN25-80000-C,58115.06,sell,0.1,0.1,,,,
181,308596968,2024-07-13 05:57:13,1,0.1735,0.1703877,65.39,BTC-27JUN25-80000-C,58107.97,sell,2.0,2.0,,,,
182,308596980,2024-07-13 05:57:23,1,0.1735,0.17042808,65.39,BTC-27JUN25-80000-C,58108.87,sell,5.0,5.0,,,,
183,308596995,2024-07-13 05:57:32,1,0.1735,0.17042708,65.4,BTC-27JUN25-80000-C,58090.61,sell,0.3,0.3,,,,
184,308629877,2024-07-13 22:10:16,2,0.171,0.17046357,64.07,BTC-27JUN25-80000-C,58675.75,buy,1.0,1.0,,,,
185,308629878,2024-07-13 22:10:26,0,0.1715,0.17046131,64.2,BTC-27JUN25-80000-C,58675.53,buy,1.5,1.5,,,,
186,308651810,2024-07-14 00:10:14,0,0.179,0.1774979,65.05,BTC-27JUN25-80000-C,59363.85,sell,0.1,0.1,,,,
187,308666677,2024-07-14 00:35:23,0,0.183,0.17979414,65.51,BTC-27JUN25-80000-C,59432.58,buy,5.1,5.1,,,,
188,308666816,2024-07-14 00:35:35,1,0.183,0.17991041,65.48,BTC-27JUN25-80000-C,59451.11,buy,1.6,1.6,,,,
189,308666817,2024-07-14 00:35:35,1,0.183,0.17991041,65.48,BTC-27JUN25-80000-C,59451.11,buy,1.4,1.4,,,,
190,308806582,2024-07-14 22:06:17,0,0.189,0.18883311,64.67,BTC-27JUN25-80000-C,61083.06,sell,0.1,0.1,,,,
191,308852420,2024-07-15 02:48:18,0,0.193,0.1949134,63.53,BTC-27JUN25-80000-C,62467.12,buy,0.1,0.1,,,,
192,309017599,2024-07-15 22:44:20,0,0.205,0.20559529,64.05,BTC-27JUN25-80000-C,64545.88,buy,2.4,2.4,,,,
193,309022331,2024-07-15 23:20:26,0,0.2055,0.20609184,64.11,BTC-27JUN25-80000-C,64570.29,buy,2.2,2.2,,,,
194,309168308,2024-07-16 16:13:42,0,0.2075,0.20857805,64.57,BTC-27JUN25-80000-C,64634.87,buy,2.2,2.2,,,,
195,309457021,2024-07-18 08:48:05,0,0.213,0.21015226,66.21,BTC-27JUN25-80000-C,64791.72,buy,1.0,1.0,,,,
196,309679586,2024-07-19 16:58:20,0,0.225,0.22427181,67.08,BTC-27JUN25-80000-C,66445.82,buy,2.1,2.1,,,,
197,309680218,2024-07-19 17:02:08,0,0.226,0.22491836,67.45,BTC-27JUN25-80000-C,66349.99,buy,0.1,0.1,,,,
198,309680323,2024-07-19 17:02:22,2,0.225,0.22483143,67.23,BTC-27JUN25-80000-C,66314.84,sell,0.1,0.1,,,,
199,309680409,2024-07-19 17:02:32,3,0.225,0.22483622,67.25,BTC-27JUN25-80000-C,66306.82,sell,0.1,0.1,,,,
200,309680570,2024-07-19 17:03:02,3,0.225,0.22485072,67.27,BTC-27JUN25-80000-C,66287.46,sell,0.1,0.1,,,,
201,309680867,2024-07-19 17:04:57,0,0.2255,0.22511345,67.35,BTC-27JUN25-80000-C,66328.81,sell,0.1,0.1,,,,
202,309680885,2024-07-19 17:05:04,1,0.2255,0.22511249,67.35,BTC-27JUN25-80000-C,66327.47,sell,0.1,0.1,,,,
203,309681686,2024-07-19 17:09:02,2,0.225,0.22523726,67.2,BTC-27JUN25-80000-C,66335.77,sell,0.1,0.1,,,,
204,309681687,2024-07-19 17:09:02,3,0.225,0.22523726,67.2,BTC-27JUN25-80000-C,66335.77,sell,0.1,0.1,,,,
205,309681688,2024-07-19 17:09:02,3,0.225,0.22523726,67.2,BTC-27JUN25-80000-C,66335.77,sell,0.1,0.1,,,,
206,309681689,2024-07-19 17:09:02,3,0.225,0.22523726,67.2,BTC-27JUN25-80000-C,66335.77,sell,0.1,0.1,,,,
207,309681690,2024-07-19 17:09:02,3,0.225,0.22523726,67.2,BTC-27JUN25-80000-C,66335.77,sell,0.1,0.1,,,,
208,309695748,2024-07-19 18:21:13,0,0.2295,0.22869251,68.0,BTC-27JUN25-80000-C,66579.51,sell,0.1,0.1,,,,
209,309695796,2024-07-19 18:21:35,1,0.2295,0.22870687,68.01,BTC-27JUN25-80000-C,66569.33,buy,0.1,0.1,,,,
210,309695803,2024-07-19 18:21:42,1,0.2295,0.22865722,68.02,BTC-27JUN25-80000-C,66564.95,buy,0.1,0.1,,,,
211,309695810,2024-07-19 18:21:48,1,0.2295,0.22864196,68.02,BTC-27JUN25-80000-C,66561.77,buy,0.1,0.1,,,,
212,309696034,2024-07-19 18:23:29,2,0.229,0.22861685,67.92,BTC-27JUN25-80000-C,66533.78,sell,0.1,0.1,,,,
213,309696151,2024-07-19 18:24:12,2,0.2285,0.22828147,67.89,BTC-27JUN25-80000-C,66471.9,sell,0.1,0.1,,,,
214,309752645,2024-07-20 01:49:19,2,0.228,0.22885605,67.83,BTC-27JUN25-80000-C,66485.93,sell,0.1,0.1,,,,
215,309752646,2024-07-20 01:49:19,3,0.228,0.22885605,67.83,BTC-27JUN25-80000-C,66485.93,sell,0.1,0.1,,,,
216,309754865,2024-07-20 02:13:22,2,0.2275,0.22847479,67.76,BTC-27JUN25-80000-C,66466.96,sell,0.1,0.1,,,,
217,309754866,2024-07-20 02:13:22,3,0.2275,0.22847479,67.76,BTC-27JUN25-80000-C,66466.96,sell,0.1,0.1,,,,
218,309755043,2024-07-20 02:14:11,2,0.227,0.2285578,67.6,BTC-27JUN25-80000-C,66489.1,sell,0.1,0.1,,,,
219,310147743,2024-07-23 06:01:44,0,0.238,0.2375689,69.99,BTC-27JUN25-80000-C,66548.09,sell,0.2,0.2,,,,
220,310312153,2024-07-24 05:22:40,2,0.2265,0.22790075,68.77,BTC-27JUN25-80000-C,65700.48,sell,0.1,0.1,,,,
221,310312406,2024-07-24 05:27:26,2,0.226,0.2276141,68.71,BTC-27JUN25-80000-C,65657.77,sell,0.1,0.1,,,,
222,310378797,2024-07-24 18:49:59,2,0.2255,0.22601318,68.55,BTC-27JUN25-80000-C,65838.38,sell,0.1,0.1,,,,
223,310380338,2024-07-24 19:01:22,2,0.225,0.22569919,68.57,BTC-27JUN25-80000-C,65721.62,sell,0.1,0.1,,,,
224,310380996,2024-07-24 19:05:21,3,0.225,0.22584673,68.47,BTC-27JUN25-80000-C,65795.91,buy,0.1,0.1,,,,
225,310384654,2024-07-24 19:46:17,0,0.2255,0.22665332,68.48,BTC-27JUN25-80000-C,65880.93,buy,0.1,0.1,,,,
226,310384656,2024-07-24 19:46:21,1,0.2255,0.2266145,68.48,BTC-27JUN25-80000-C,65878.06,buy,0.1,0.1,,,,
227,310384671,2024-07-24 19:46:23,1,0.2255,0.22664091,68.47,BTC-27JUN25-80000-C,65882.38,buy,0.1,0.1,,,,
228,310384676,2024-07-24 19:46:32,1,0.2255,0.22665581,68.47,BTC-27JUN25-80000-C,65892.57,buy,1.0,1.0,,,,
229,310384678,2024-07-24 19:46:36,1,0.2255,0.22662293,68.47,BTC-27JUN25-80000-C,65889.32,buy,1.0,1.0,,,,
230,310384813,2024-07-24 19:48:46,2,0.225,0.22564341,68.34,BTC-27JUN25-80000-C,65898.78,buy,0.1,0.1,,,,
231,310386783,2024-07-24 19:57:59,3,0.225,0.22532202,68.56,BTC-27JUN25-80000-C,65746.57,buy,0.1,0.1,,,,
232,310386791,2024-07-24 19:58:08,3,0.225,0.22539631,68.54,BTC-27JUN25-80000-C,65758.85,buy,0.1,0.1,,,,
233,310386794,2024-07-24 19:58:11,3,0.225,0.22544079,68.53,BTC-27JUN25-80000-C,65768.14,buy,0.1,0.1,,,,
234,310386809,2024-07-24 19:58:19,3,0.225,0.22535179,68.56,BTC-27JUN25-80000-C,65739.63,buy,0.1,0.1,,,,
235,310386815,2024-07-24 19:58:27,3,0.225,0.22534672,68.56,BTC-27JUN25-80000-C,65737.18,buy,0.1,0.1,,,,
236,310386853,2024-07-24 19:58:46,3,0.225,0.22518272,68.6,BTC-27JUN25-80000-C,65709.82,buy,0.1,0.1,,,,
237,310386860,2024-07-24 19:58:49,3,0.225,0.22529942,68.57,BTC-27JUN25-80000-C,65734.02,buy,0.1,0.1,,,,
238,310387082,2024-07-24 19:59:10,3,0.225,0.22512054,68.61,BTC-27JUN25-80000-C,65699.53,buy,0.1,0.1,,,,
239,310387289,2024-07-24 20:00:19,3,0.225,0.22484872,68.68,BTC-27JUN25-80000-C,65662.49,buy,0.1,0.1,,,,
240,310387367,2024-07-24 20:00:25,3,0.225,0.22515751,68.6,BTC-27JUN25-80000-C,65720.76,buy,0.1,0.1,,,,
241,310387429,2024-07-24 20:00:35,3,0.225,0.22532206,68.56,BTC-27JUN25-80000-C,65751.33,buy,0.1,0.1,,,,
242,310387476,2024-07-24 20:00:44,3,0.225,0.22526175,68.57,BTC-27JUN25-80000-C,65747.51,buy,0.1,0.1,,,,
243,310387486,2024-07-24 20:00:52,3,0.225,0.22517419,68.6,BTC-27JUN25-80000-C,65734.19,buy,0.1,0.1,,,,
244,310387509,2024-07-24 20:01:01,3,0.225,0.22516988,68.59,BTC-27JUN25-80000-C,65744.46,buy,0.1,0.1,,,,
245,310387543,2024-07-24 20:01:10,3,0.225,0.2253323,68.55,BTC-27JUN25-80000-C,65769.38,buy,0.1,0.1,,,,
246,310387554,2024-07-24 20:01:18,3,0.225,0.22517476,68.59,BTC-27JUN25-80000-C,65743.0,buy,0.1,0.1,,,,
247,310387567,2024-07-24 20:01:27,3,0.225,0.22529489,68.56,BTC-27JUN25-80000-C,65760.85,buy,0.1,0.1,,,,
248,310387571,2024-07-24 20:01:35,3,0.225,0.22527601,68.57,BTC-27JUN25-80000-C,65754.94,buy,0.1,0.1,,,,
249,310388160,2024-07-24 20:04:04,3,0.225,0.22546034,68.49,BTC-27JUN25-80000-C,65821.31,buy,0.1,0.1,,,,
250,310388191,2024-07-24 20:04:09,3,0.225,0.22558037,68.46,BTC-27JUN25-80000-C,65843.83,buy,0.1,0.1,,,,
251,310388196,2024-07-24 20:04:12,3,0.225,0.22559992,68.47,BTC-27JUN25-80000-C,65840.73,buy,0.1,0.1,,,,
252,310388198,2024-07-24 20:04:15,3,0.225,0.22555539,68.47,BTC-27JUN25-80000-C,65839.24,buy,0.1,0.1,,,,
253,310388694,2024-07-24 20:07:41,2,0.2245,0.22506666,68.3,BTC-27JUN25-80000-C,65850.36,sell,0.1,0.1,,,,
254,310388695,2024-07-24 20:07:41,3,0.2245,0.22506666,68.3,BTC-27JUN25-80000-C,65850.36,sell,1.0,1.0,,,,
255,310391811,2024-07-24 21:05:31,2,0.224,0.2243469,68.13,BTC-27JUN25-80000-C,65906.64,sell,0.1,0.1,,,,
256,310391812,2024-07-24 21:05:31,3,0.224,0.2243469,68.13,BTC-27JUN25-80000-C,65906.64,buy,0.5,0.5,,,,
257,310392234,2024-07-24 21:11:26,2,0.2235,0.22378313,68.02,BTC-27JUN25-80000-C,65908.6,sell,0.1,0.1,,,,
258,310392800,2024-07-24 21:12:34,2,0.223,0.222654,68.24,BTC-27JUN25-80000-C,65643.28,sell,0.1,0.1,,,,
259,310393809,2024-07-24 21:15:39,2,0.222,0.22282324,67.93,BTC-27JUN25-80000-C,65700.3,buy,0.1,0.1,,,,
260,310393954,2024-07-24 21:16:55,3,0.222,0.22306323,67.85,BTC-27JUN25-80000-C,65764.93,buy,0.1,0.1,,,,
261,310393963,2024-07-24 21:16:59,3,0.222,0.22304122,67.87,BTC-27JUN25-80000-C,65752.4,buy,0.1,0.1,,,,
262,310393965,2024-07-24 21:17:02,3,0.222,0.2231175,67.85,BTC-27JUN25-80000-C,65763.25,buy,0.1,0.1,,,,
263,310393967,2024-07-24 21:17:05,3,0.222,0.22309407,67.85,BTC-27JUN25-80000-C,65765.31,buy,0.1,0.1,,,,
264,310393990,2024-07-24 21:17:34,3,0.222,0.22313331,67.85,BTC-27JUN25-80000-C,65739.82,buy,1.0,1.0,,,,
265,310393993,2024-07-24 21:17:40,3,0.222,0.22317671,67.84,BTC-27JUN25-80000-C,65746.86,buy,1.0,1.0,,,,
266,310394008,2024-07-24 21:17:44,3,0.222,0.22320942,67.83,BTC-27JUN25-80000-C,65749.21,buy,1.0,1.0,,,,
267,310394102,2024-07-24 21:19:53,2,0.2215,0.22270435,67.82,BTC-27JUN25-80000-C,65676.4,sell,4.0,4.0,,,,
268,310394103,2024-07-24 21:19:53,3,0.2215,0.22270435,67.82,BTC-27JUN25-80000-C,65676.4,sell,0.1,0.1,,,,
269,310394104,2024-07-24 21:19:53,3,0.2215,0.22270435,67.82,BTC-27JUN25-80000-C,65676.4,buy,0.9,0.9,,,,
270,310397383,2024-07-24 21:35:15,2,0.2195,0.22139176,67.42,BTC-27JUN25-80000-C,65592.0,buy,0.1,0.1,,,,
271,310397446,2024-07-24 21:35:22,3,0.2195,0.22158186,67.37,BTC-27JUN25-80000-C,65629.6,buy,0.1,0.1,,,,
272,310397586,2024-07-24 21:36:33,2,0.2185,0.2209463,67.21,BTC-27JUN25-80000-C,65542.11,sell,4.0,4.0,,,,
273,310397587,2024-07-24 21:36:33,3,0.2185,0.2209463,67.21,BTC-27JUN25-80000-C,65542.11,sell,0.1,0.1,,,,
274,310397588,2024-07-24 21:36:33,3,0.2185,0.2209463,67.21,BTC-27JUN25-80000-C,65542.11,buy,0.9,0.9,,,,
275,310397595,2024-07-24 21:36:50,0,0.219,0.22087903,67.34,BTC-27JUN25-80000-C,65542.84,buy,0.1,0.1,,,,
276,310397596,2024-07-24 21:37:01,0,0.2195,0.22083347,67.47,BTC-27JUN25-80000-C,65542.74,buy,0.1,0.1,,,,
277,310397599,2024-07-24 21:37:01,0,0.22,0.22083347,67.6,BTC-27JUN25-80000-C,65542.74,buy,0.1,0.1,,,,
278,310399511,2024-07-24 21:52:02,0,0.2205,0.21980818,67.73,BTC-27JUN25-80000-C,65566.39,buy,0.1,0.1,,,,
279,310400005,2024-07-24 21:53:14,0,0.221,0.22011305,67.77,BTC-27JUN25-80000-C,65658.6,buy,0.1,0.1,,,,
280,310401701,2024-07-24 22:03:09,2,0.22,0.22010713,67.67,BTC-27JUN25-80000-C,65588.37,buy,0.1,0.1,,,,
281,310401722,2024-07-24 22:03:17,3,0.22,0.22001529,67.7,BTC-27JUN25-80000-C,65569.71,buy,0.1,0.1,,,,
282,310401730,2024-07-24 22:03:22,3,0.22,0.21997994,67.7,BTC-27JUN25-80000-C,65566.69,buy,0.1,0.1,,,,
283,310401744,2024-07-24 22:03:40,3,0.22,0.21998355,67.71,BTC-27JUN25-80000-C,65569.62,buy,1.0,1.0,,,,
284,310404646,2024-07-24 22:24:30,3,0.22,0.21877599,67.8,BTC-27JUN25-80000-C,65567.31,buy,1.0,1.0,,,,
285,310404647,2024-07-24 22:24:30,0,0.2205,0.21877599,67.93,BTC-27JUN25-80000-C,65567.31,buy,1.0,1.0,,,,
286,310413245,2024-07-25 00:02:53,0,0.2225,0.21989792,68.5,BTC-27JUN25-80000-C,65421.36,buy,1.0,1.0,,,,
287,310413805,2024-07-25 00:09:18,0,0.223,0.22009752,68.63,BTC-27JUN25-80000-C,65418.66,buy,5.0,5.0,,,,
288,310431277,2024-07-25 01:31:59,2,0.212,0.21305399,67.41,BTC-27JUN25-80000-C,64305.09,buy,0.1,0.1,,,,
289,310431285,2024-07-25 01:32:04,3,0.212,0.21292455,67.42,BTC-27JUN25-80000-C,64296.96,buy,0.1,0.1,,,,
290,310431299,2024-07-25 01:32:07,3,0.212,0.21285988,67.43,BTC-27JUN25-80000-C,64290.44,buy,0.1,0.1,,,,
291,310431308,2024-07-25 01:32:10,3,0.212,0.21273614,67.44,BTC-27JUN25-80000-C,64285.53,buy,0.1,0.1,,,,
292,310431314,2024-07-25 01:32:11,0,0.2125,0.21273614,67.57,BTC-27JUN25-80000-C,64285.53,buy,0.1,0.1,,,,
293,310431324,2024-07-25 01:32:15,2,0.212,0.21282808,67.38,BTC-27JUN25-80000-C,64330.39,buy,0.1,0.1,,,,
294,310431332,2024-07-25 01:32:17,3,0.212,0.21284591,67.39,BTC-27JUN25-80000-C,64318.04,buy,0.1,0.1,,,,
295,310431336,2024-07-25 01:32:21,3,0.212,0.21280172,67.39,BTC-27JUN25-80000-C,64317.02,buy,0.1,0.1,,,,
296,310431343,2024-07-25 01:32:25,3,0.212,0.21266699,67.42,BTC-27JUN25-80000-C,64295.1,buy,0.1,0.1,,,,
297,310431349,2024-07-25 01:32:30,3,0.212,0.21260467,67.42,BTC-27JUN25-80000-C,64294.16,buy,0.1,0.1,,,,
298,310431368,2024-07-25 01:32:34,3,0.212,0.21271649,67.38,BTC-27JUN25-80000-C,64331.2,buy,0.1,0.1,,,,
299,310431369,2024-07-25 01:32:38,3,0.212,0.21276388,67.37,BTC-27JUN25-80000-C,64335.81,buy,0.1,0.1,,,,
300,310431371,2024-07-25 01:32:40,3,0.212,0.21274642,67.37,BTC-27JUN25-80000-C,64336.6,buy,0.1,0.1,,,,
301,310431377,2024-07-25 01:32:44,3,0.212,0.21277772,67.36,BTC-27JUN25-80000-C,64340.14,buy,0.1,0.1,,,,
302,310431385,2024-07-25 01:32:47,3,0.212,0.21276101,67.38,BTC-27JUN25-80000-C,64324.14,buy,0.1,0.1,,,,
303,310431388,2024-07-25 01:32:49,3,0.212,0.21268418,67.38,BTC-27JUN25-80000-C,64323.88,buy,0.1,0.1,,,,
304,310431392,2024-07-25 01:32:52,3,0.212,0.21271296,67.38,BTC-27JUN25-80000-C,64328.47,buy,0.1,0.1,,,,
305,310431393,2024-07-25 01:32:55,3,0.212,0.21272082,67.38,BTC-27JUN25-80000-C,64328.6,buy,0.1,0.1,,,,
306,310431394,2024-07-25 01:32:58,3,0.212,0.21270672,67.38,BTC-27JUN25-80000-C,64326.81,buy,0.1,0.1,,,,
307,310431400,2024-07-25 01:33:00,3,0.212,0.2127334,67.36,BTC-27JUN25-80000-C,64340.07,buy,0.1,0.1,,,,
308,310431401,2024-07-25 01:33:05,3,0.212,0.21274082,67.37,BTC-27JUN25-80000-C,64332.3,buy,0.1,0.1,,,,
309,310431402,2024-07-25 01:33:08,3,0.212,0.21271194,67.38,BTC-27JUN25-80000-C,64329.42,buy,0.1,0.1,,,,
310,310431407,2024-07-25 01:33:11,3,0.212,0.21271283,67.36,BTC-27JUN25-80000-C,64341.38,buy,0.1,0.1,,,,
311,310431430,2024-07-25 01:33:15,3,0.212,0.2128523,67.33,BTC-27JUN25-80000-C,64367.07,sell,0.1,0.1,,,,
312,310431451,2024-07-25 01:33:17,3,0.212,0.21293552,67.31,BTC-27JUN25-80000-C,64381.24,buy,0.1,0.1,,,,
313,310431461,2024-07-25 01:33:20,3,0.212,0.21307576,67.28,BTC-27JUN25-80000-C,64396.64,buy,0.1,0.1,,,,
314,310431468,2024-07-25 01:33:23,3,0.212,0.213087,67.27,BTC-27JUN25-80000-C,64409.2,buy,0.1,0.1,,,,
315,310431469,2024-07-25 01:33:25,3,0.212,0.21310365,67.27,BTC-27JUN25-80000-C,64409.89,buy,0.1,0.1,,,,
316,310431479,2024-07-25 01:33:28,3,0.212,0.21311569,67.26,BTC-27JUN25-80000-C,64412.28,buy,0.1,0.1,,,,
317,310431480,2024-07-25 01:33:31,3,0.212,0.21311305,67.27,BTC-27JUN25-80000-C,64409.91,buy,0.1,0.1,,,,
318,310431485,2024-07-25 01:33:34,3,0.212,0.21304048,67.28,BTC-27JUN25-80000-C,64397.86,buy,0.1,0.1,,,,
319,310431486,2024-07-25 01:33:36,3,0.212,0.21299611,67.29,BTC-27JUN25-80000-C,64390.05,buy,0.1,0.1,,,,
320,310431492,2024-07-25 01:33:38,0,0.213,0.21303835,67.54,BTC-27JUN25-80000-C,64397.03,buy,0.1,0.1,,,,
321,310431496,2024-07-25 01:33:39,2,0.212,0.21303725,67.27,BTC-27JUN25-80000-C,64397.03,buy,0.1,0.1,,,,
322,310431506,2024-07-25 01:33:49,0,0.213,0.2131647,67.51,BTC-27JUN25-80000-C,64421.06,buy,0.1,0.1,,,,
323,310431533,2024-07-25 01:34:02,2,0.2125,0.21316329,67.39,BTC-27JUN25-80000-C,64406.31,buy,0.1,0.1,,,,
324,310431546,2024-07-25 01:34:07,3,0.2125,0.21306991,67.41,BTC-27JUN25-80000-C,64389.41,buy,0.1,0.1,,,,
325,310431565,2024-07-25 01:34:08,0,0.213,0.21307966,67.57,BTC-27JUN25-80000-C,64373.37,buy,0.1,0.1,,,,
326,310431568,2024-07-25 01:34:11,2,0.2125,0.21305937,67.4,BTC-27JUN25-80000-C,64401.56,buy,0.1,0.1,,,,
327,310431604,2024-07-25 01:34:15,3,0.2125,0.21286598,67.46,BTC-27JUN25-80000-C,64365.19,buy,0.1,0.1,,,,
328,310431605,2024-07-25 01:34:18,3,0.2125,0.2127943,67.48,BTC-27JUN25-80000-C,64338.09,buy,0.1,0.1,,,,
329,310431612,2024-07-25 01:34:21,3,0.2125,0.21273533,67.46,BTC-27JUN25-80000-C,64351.99,buy,0.1,0.1,,,,
330,310431630,2024-07-25 01:34:26,3,0.2125,0.21272462,67.5,BTC-27JUN25-80000-C,64338.89,buy,0.1,0.1,,,,
331,310431635,2024-07-25 01:34:30,3,0.2125,0.21266381,67.5,BTC-27JUN25-80000-C,64328.95,buy,0.1,0.1,,,,
332,310431686,2024-07-25 01:34:54,3,0.2125,0.2125471,67.53,BTC-27JUN25-80000-C,64307.95,buy,0.1,0.1,,,,
333,310431687,2024-07-25 01:34:55,0,0.213,0.21254589,67.65,BTC-27JUN25-80000-C,64307.95,buy,0.1,0.1,,,,
334,310431801,2024-07-25 01:35:19,2,0.2125,0.21233088,67.55,BTC-27JUN25-80000-C,64294.24,buy,0.1,0.1,,,,
335,310431812,2024-07-25 01:35:26,3,0.2125,0.21250812,67.51,BTC-27JUN25-80000-C,64320.57,buy,0.1,0.1,,,,
336,310431830,2024-07-25 01:35:29,3,0.2125,0.21256111,67.49,BTC-27JUN25-80000-C,64335.39,buy,0.1,0.1,,,,
337,310431837,2024-07-25 01:35:33,3,0.2125,0.21266881,67.45,BTC-27JUN25-80000-C,64364.58,buy,0.1,0.1,,,,
338,310431845,2024-07-25 01:35:36,3,0.2125,0.2127711,67.44,BTC-27JUN25-80000-C,64378.89,buy,0.1,0.1,,,,
339,310431851,2024-07-25 01:35:39,3,0.2125,0.21284714,67.42,BTC-27JUN25-80000-C,64387.17,buy,0.1,0.1,,,,
340,310431853,2024-07-25 01:35:42,3,0.2125,0.21285147,67.43,BTC-27JUN25-80000-C,64386.07,buy,0.1,0.1,,,,
341,310431856,2024-07-25 01:35:45,3,0.2125,0.21284572,67.42,BTC-27JUN25-80000-C,64388.47,buy,0.1,0.1,,,,
342,310431878,2024-07-25 01:35:49,3,0.2125,0.21283957,67.43,BTC-27JUN25-80000-C,64386.59,buy,0.1,0.1,,,,
343,310431880,2024-07-25 01:35:52,3,0.2125,0.2128225,67.43,BTC-27JUN25-80000-C,64383.67,buy,0.1,0.1,,,,
344,310431881,2024-07-25 01:35:54,3,0.2125,0.21275232,67.44,BTC-27JUN25-80000-C,64373.6,buy,0.1,0.1,,,,
345,310431885,2024-07-25 01:35:57,3,0.2125,0.21277205,67.44,BTC-27JUN25-80000-C,64377.87,buy,0.1,0.1,,,,
346,310431889,2024-07-25 01:36:00,3,0.2125,0.21279749,67.43,BTC-27JUN25-80000-C,64378.47,buy,0.1,0.1,,,,
347,310431911,2024-07-25 01:36:04,3,0.2125,0.21280063,67.46,BTC-27JUN25-80000-C,64359.13,buy,0.1,0.1,,,,
348,310432062,2024-07-25 01:37:45,0,0.213,0.21278628,67.54,BTC-27JUN25-80000-C,64394.64,buy,0.1,0.1,,,,
349,310432190,2024-07-25 01:38:13,0,0.2135,0.21335188,67.52,BTC-27JUN25-80000-C,64509.38,buy,0.1,0.1,,,,
350,310448051,2024-07-25 03:39:26,2,0.209,0.21232137,66.9,BTC-27JUN25-80000-C,64148.78,sell,0.2,0.2,,,,
351,310486227,2024-07-25 10:39:29,0,0.2095,0.2111414,67.22,BTC-27JUN25-80000-C,64035.61,buy,0.1,0.1,,,,
352,310486234,2024-07-25 10:39:35,1,0.2095,0.21121285,67.2,BTC-27JUN25-80000-C,64056.85,buy,0.1,0.1,,,,
353,310486240,2024-07-25 10:39:39,1,0.2095,0.2112188,67.19,BTC-27JUN25-80000-C,64058.46,buy,0.1,0.1,,,,
354,310486244,2024-07-25 10:39:43,1,0.2095,0.21122961,67.19,BTC-27JUN25-80000-C,64061.37,buy,0.1,0.1,,,,
355,310486246,2024-07-25 10:39:46,1,0.2095,0.21121389,67.19,BTC-27JUN25-80000-C,64060.87,buy,0.1,0.1,,,,
356,310486341,2024-07-25 10:41:35,1,0.2095,0.2107346,67.21,BTC-27JUN25-80000-C,64048.36,buy,0.1,0.1,,,,
357,310486342,2024-07-25 10:41:38,0,0.21,0.21072546,67.34,BTC-27JUN25-80000-C,64047.98,buy,0.1,0.1,,,,
358,310486391,2024-07-25 10:42:27,1,0.21,0.21064244,67.35,BTC-27JUN25-80000-C,64031.56,buy,0.1,0.1,,,,
359,310486590,2024-07-25 10:45:12,2,0.209,0.21023417,67.12,BTC-27JUN25-80000-C,64002.38,buy,5.0,5.0,,,,
360,310488418,2024-07-25 11:11:19,0,0.2095,0.21201023,66.94,BTC-27JUN25-80000-C,64204.04,sell,4.0,4.0,,,,
361,310742219,2024-07-26 14:31:51,0,0.222,0.22400675,66.32,BTC-27JUN25-80000-C,67218.71,buy,0.1,0.1,,,,
362,310751342,2024-07-26 15:08:39,0,0.225,0.22457256,66.63,BTC-27JUN25-80000-C,67594.34,buy,0.1,0.1,,,,
363,310841904,2024-07-27 13:45:00,0,0.232,0.22920698,66.15,BTC-27JUN25-80000-C,69088.85,buy,0.1,0.1,,,,
364,310843615,2024-07-27 13:49:53,2,0.2305,0.23031772,65.42,BTC-27JUN25-80000-C,69316.99,buy,1.0,1.0,,,,
365,310846855,2024-07-27 14:05:51,0,0.233,0.23065723,65.99,BTC-27JUN25-80000-C,69370.67,buy,0.1,0.1,,,,
366,310851895,2024-07-27 14:32:01,2,0.23,0.23014817,65.84,BTC-27JUN25-80000-C,68954.24,buy,0.1,0.1,,,,
367,310851915,2024-07-27 14:32:07,3,0.23,0.23022981,65.82,BTC-27JUN25-80000-C,68972.52,buy,0.1,0.1,,,,
368,310851919,2024-07-27 14:32:12,3,0.23,0.23019906,65.83,BTC-27JUN25-80000-C,68965.87,buy,0.1,0.1,,,,
369,310852172,2024-07-27 14:33:15,3,0.23,0.23005602,65.86,BTC-27JUN25-80000-C,68945.43,buy,0.1,0.1,,,,
370,310852377,2024-07-27 14:34:35,0,0.2305,0.2304643,65.88,BTC-27JUN25-80000-C,69012.34,buy,0.1,0.1,,,,
371,310853437,2024-07-27 14:46:00,0,0.231,0.23029286,66.03,BTC-27JUN25-80000-C,69001.89,buy,0.1,0.1,,,,
372,310853715,2024-07-27 14:50:58,0,0.2315,0.23027575,66.24,BTC-27JUN25-80000-C,68953.67,buy,0.1,0.1,,,,
373,310869756,2024-07-27 17:27:21,2,0.2295,0.22981272,66.56,BTC-27JUN25-80000-C,68481.17,sell,0.3,0.3,,,,
374,310915483,2024-07-27 20:43:01,2,0.217,0.2168611,65.67,BTC-27JUN25-80000-C,66926.88,buy,4.0,4.0,,,,
375,310915484,2024-07-27 20:43:01,3,0.217,0.2168611,65.67,BTC-27JUN25-80000-C,66926.88,buy,2.0,2.0,,,,
376,310917711,2024-07-27 20:45:37,0,0.221,0.22093686,65.47,BTC-27JUN25-80000-C,67813.55,buy,4.0,4.0,,,,
377,310917723,2024-07-27 20:45:37,1,0.221,0.22093686,65.47,BTC-27JUN25-80000-C,67813.55,buy,3.0,3.0,,,,
378,310964010,2024-07-27 22:23:57,0,0.231,0.22759208,66.56,BTC-27JUN25-80000-C,68725.94,buy,1.0,1.0,,,,
379,310964354,2024-07-27 22:25:50,0,0.2315,0.2278774,66.67,BTC-27JUN25-80000-C,68750.55,buy,1.0,1.0,,,,
380,311013853,2024-07-28 08:30:30,2,0.2185,0.21791175,65.46,BTC-27JUN25-80000-C,67404.57,buy,0.1,0.1,,,,
381,311013854,2024-07-28 08:30:43,3,0.2185,0.21786089,65.47,BTC-27JUN25-80000-C,67400.29,buy,0.1,0.1,,,,
382,311013855,2024-07-28 08:30:48,3,0.2185,0.21784325,65.47,BTC-27JUN25-80000-C,67400.23,buy,0.1,0.1,,,,
383,311013885,2024-07-28 08:30:55,3,0.2185,0.21786996,65.45,BTC-27JUN25-80000-C,67409.67,buy,0.1,0.1,,,,
384,311013915,2024-07-28 08:31:00,3,0.2185,0.21786627,65.45,BTC-27JUN25-80000-C,67409.47,buy,0.1,0.1,,,,
385,311013921,2024-07-28 08:31:05,3,0.2185,0.21789078,65.44,BTC-27JUN25-80000-C,67417.28,buy,0.1,0.1,,,,
386,311013923,2024-07-28 08:31:08,3,0.2185,0.21789132,65.44,BTC-27JUN25-80000-C,67418.69,buy,0.1,0.1,,,,
387,311013924,2024-07-28 08:31:12,3,0.2185,0.21788703,65.44,BTC-27JUN25-80000-C,67419.98,buy,0.1,0.1,,,,
388,311013925,2024-07-28 08:31:16,3,0.2185,0.21787483,65.44,BTC-27JUN25-80000-C,67419.26,buy,0.1,0.1,,,,
389,311161787,2024-07-29 06:44:07,0,0.228,0.22733875,63.66,BTC-27JUN25-80000-C,69746.76,buy,0.1,0.1,,,,
390,311161788,2024-07-29 06:44:07,0,0.2285,0.22733875,63.79,BTC-27JUN25-80000-C,69746.76,buy,0.1,0.1,,,,
391,311284025,2024-07-29 19:00:04,2,0.211,0.21098013,63.09,BTC-27JUN25-80000-C,67402.04,buy,2.3,2.3,,,,
392,311284030,2024-07-29 19:00:05,3,0.211,0.21098013,63.09,BTC-27JUN25-80000-C,67402.04,buy,0.1,0.1,,,,
393,311284031,2024-07-29 19:00:05,3,0.211,0.21098013,63.09,BTC-27JUN25-80000-C,67402.04,buy,0.1,0.1,,,,
394,311351476,2024-07-30 06:53:42,2,0.2,0.20170414,61.32,BTC-27JUN25-80000-C,66709.61,sell,0.1,0.1,,,,
395,311441411,2024-07-31 00:57:09,2,0.198,0.19799671,61.43,BTC-27JUN25-80000-C,66372.29,buy,0.1,0.1,,,,
396,311522283,2024-07-31 18:50:48,2,0.1975,0.19697765,61.24,BTC-27JUN25-80000-C,66541.3,buy,9.0,9.0,,,,
397,311612995,2024-08-01 03:09:03,2,0.18,0.18135664,61.36,BTC-27JUN25-80000-C,63880.42,sell,0.1,0.1,,,,
398,311653473,2024-08-01 09:21:10,0,0.181,0.18204236,60.36,BTC-27JUN25-80000-C,64587.47,buy,1.0,1.0,,,,
399,311713806,2024-08-01 17:01:36,2,0.1695,0.17049236,60.14,BTC-27JUN25-80000-C,62791.35,buy,0.1,0.1,,,,
400,311713828,2024-08-01 17:01:47,3,0.1695,0.17044976,60.16,BTC-27JUN25-80000-C,62786.31,buy,0.1,0.1,,,,
401,311719382,2024-08-01 17:37:42,2,0.169,0.16928969,60.53,BTC-27JUN25-80000-C,62479.69,sell,0.1,0.1,,,,
402,311836911,2024-08-02 06:54:07,0,0.175,0.17649451,59.54,BTC-27JUN25-80000-C,64397.94,buy,0.1,0.1,,,,
403,311836931,2024-08-02 06:54:10,0,0.1755,0.17656992,59.65,BTC-27JUN25-80000-C,64410.17,buy,0.1,0.1,,,,
404,311837210,2024-08-02 06:54:56,0,0.176,0.17723826,59.57,BTC-27JUN25-80000-C,64561.54,buy,0.1,0.1,,,,
405,311837301,2024-08-02 06:55:25,0,0.1765,0.17672634,59.83,BTC-27JUN25-80000-C,64471.85,buy,0.1,0.1,,,,
406,311867218,2024-08-02 11:18:32,0,0.177,0.17650103,59.6,BTC-27JUN25-80000-C,64808.53,buy,0.3,0.3,,,,
407,311984262,2024-08-02 22:16:48,2,0.162,0.1630501,59.79,BTC-27JUN25-80000-C,62011.17,buy,0.9,0.9,,,,
408,311984299,2024-08-02 22:17:29,2,0.1615,0.16267232,59.73,BTC-27JUN25-80000-C,61961.4,buy,1.0,1.0,,,,
409,311984337,2024-08-02 22:18:14,0,0.162,0.16262958,59.85,BTC-27JUN25-80000-C,61970.17,buy,0.1,0.1,,,,
410,311988826,2024-08-02 22:54:22,2,0.16,0.16001836,60.28,BTC-27JUN25-80000-C,61352.55,sell,0.1,0.1,,,,
411,312002658,2024-08-03 00:53:17,0,0.1615,0.16145115,60.73,BTC-27JUN25-80000-C,61370.28,sell,1.0,1.0,,,,
412,312002873,2024-08-03 00:54:34,2,0.161,0.16068929,60.8,BTC-27JUN25-80000-C,61235.82,sell,1.0,1.0,,,,
413,312003119,2024-08-03 00:55:01,2,0.1605,0.16005628,60.84,BTC-27JUN25-80000-C,61120.83,sell,1.0,1.0,,,,
414,312003648,2024-08-03 00:55:44,2,0.16,0.15944011,60.9,BTC-27JUN25-80000-C,60996.92,sell,1.0,1.0,,,,
415,312029986,2024-08-03 04:31:04,0,0.166,0.16356789,61.41,BTC-27JUN25-80000-C,61700.22,buy,0.2,0.2,,,,
416,312040886,2024-08-03 08:11:24,2,0.164,0.16411301,61.01,BTC-27JUN25-80000-C,61639.31,sell,1.0,1.0,,,,
417,312040900,2024-08-03 08:11:47,3,0.164,0.16412106,61.0,BTC-27JUN25-80000-C,61644.15,sell,1.0,1.0,,,,
418,312040942,2024-08-03 08:12:18,3,0.164,0.16413847,61.0,BTC-27JUN25-80000-C,61642.62,sell,1.0,1.0,,,,
419,312040958,2024-08-03 08:12:28,3,0.164,0.16409096,61.01,BTC-27JUN25-80000-C,61630.48,sell,0.1,0.1,,,,
420,312040979,2024-08-03 08:12:34,3,0.164,0.16406863,61.02,BTC-27JUN25-80000-C,61618.96,sell,0.1,0.1,,,,
421,312040996,2024-08-03 08:12:41,3,0.164,0.16399145,61.04,BTC-27JUN25-80000-C,61607.55,sell,0.1,0.1,,,,
422,312041570,2024-08-03 08:18:44,2,0.1635,0.16370048,61.02,BTC-27JUN25-80000-C,61548.73,sell,0.1,0.1,,,,
423,312043974,2024-08-03 09:07:29,2,0.163,0.16318134,60.94,BTC-27JUN25-80000-C,61520.73,sell,0.1,0.1,,,,
424,312058663,2024-08-03 15:34:49,2,0.1625,0.16264483,61.05,BTC-27JUN25-80000-C,61359.25,sell,0.1,0.1,,,,
425,312059107,2024-08-03 15:39:12,3,0.1625,0.16260237,61.12,BTC-27JUN25-80000-C,61311.5,sell,0.1,0.1,,,,
426,312103048,2024-08-03 20:39:05,2,0.158,0.1556265,61.08,BTC-27JUN25-80000-C,60568.88,sell,0.1,0.1,,,,
427,312103066,2024-08-03 20:39:13,2,0.157,0.15554929,60.84,BTC-27JUN25-80000-C,60551.4,sell,0.1,0.1,,,,
428,312103073,2024-08-03 20:39:40,3,0.157,0.1557914,60.79,BTC-27JUN25-80000-C,60589.81,sell,0.1,0.1,,,,
429,312103074,2024-08-03 20:39:47,3,0.157,0.1558138,60.79,BTC-27JUN25-80000-C,60588.34,sell,1.0,1.0,,,,
430,312103081,2024-08-03 20:39:51,3,0.157,0.15586745,60.77,BTC-27JUN25-80000-C,60596.91,sell,1.0,1.0,,,,
431,312103088,2024-08-03 20:39:54,3,0.157,0.15588792,60.77,BTC-27JUN25-80000-C,60598.54,sell,1.0,1.0,,,,
432,312103103,2024-08-03 20:39:57,3,0.157,0.15589581,60.77,BTC-27JUN25-80000-C,60598.27,sell,1.0,1.0,,,,
433,312103121,2024-08-03 20:41:06,3,0.157,0.1561044,60.74,BTC-27JUN25-80000-C,60621.16,sell,0.1,0.1,,,,
434,312103132,2024-08-03 20:41:26,3,0.157,0.15622025,60.72,BTC-27JUN25-80000-C,60636.6,sell,1.0,1.0,,,,
435,312103136,2024-08-03 20:41:42,3,0.157,0.15624889,60.72,BTC-27JUN25-80000-C,60632.28,sell,1.0,1.0,,,,
436,312103158,2024-08-03 20:41:52,3,0.157,0.15619483,60.74,BTC-27JUN25-80000-C,60616.47,sell,1.0,1.0,,,,
437,312103181,2024-08-03 20:42:11,3,0.157,0.15589613,60.82,BTC-27JUN25-80000-C,60561.17,sell,1.0,1.0,,,,
438,312103188,2024-08-03 20:42:52,3,0.157,0.15613194,60.79,BTC-27JUN25-80000-C,60577.95,sell,1.0,1.0,,,,
439,312103213,2024-08-03 20:43:44,3,0.157,0.15621872,60.81,BTC-27JUN25-80000-C,60572.03,sell,1.0,1.0,,,,
440,312103216,2024-08-03 20:43:57,3,0.157,0.15624507,60.81,BTC-27JUN25-80000-C,60571.86,sell,1.0,1.0,,,,
441,312103232,2024-08-03 20:44:17,3,0.157,0.15627598,60.81,BTC-27JUN25-80000-C,60567.87,sell,1.0,1.0,,,,
442,312103243,2024-08-03 20:44:30,3,0.157,0.15611301,60.88,BTC-27JUN25-80000-C,60520.68,sell,0.1,0.1,,,,
443,312103245,2024-08-03 20:44:32,3,0.157,0.15608913,60.88,BTC-27JUN25-80000-C,60521.89,sell,0.1,0.1,,,,
444,312103246,2024-08-03 20:44:35,3,0.157,0.15609652,60.88,BTC-27JUN25-80000-C,60520.41,sell,0.1,0.1,,,,
445,312103253,2024-08-03 20:44:37,3,0.157,0.15608868,60.9,BTC-27JUN25-80000-C,60520.41,sell,0.1,0.1,,,,
446,312103257,2024-08-03 20:44:39,3,0.157,0.15600916,60.91,BTC-27JUN25-80000-C,60520.41,sell,0.1,0.1,,,,
447,312103263,2024-08-03 20:44:42,3,0.157,0.15599849,60.92,BTC-27JUN25-80000-C,60487.11,sell,0.1,0.1,,,,
448,312103265,2024-08-03 20:44:45,3,0.157,0.15597505,60.92,BTC-27JUN25-80000-C,60487.11,sell,0.1,0.1,,,,
449,312103268,2024-08-03 20:44:51,3,0.157,0.15596872,60.93,BTC-27JUN25-80000-C,60485.01,sell,1.0,1.0,,,,
450,312103269,2024-08-03 20:44:53,3,0.157,0.15598887,60.93,BTC-27JUN25-80000-C,60485.03,sell,1.0,1.0,,,,
451,312103280,2024-08-03 20:45:11,3,0.157,0.15608005,60.92,BTC-27JUN25-80000-C,60485.82,sell,1.0,1.0,,,,
452,312103369,2024-08-03 20:47:47,0,0.1575,0.15672427,60.99,BTC-27JUN25-80000-C,60534.38,sell,0.1,0.1,,,,
453,312103370,2024-08-03 20:47:56,1,0.1575,0.15672305,61.0,BTC-27JUN25-80000-C,60532.22,sell,1.0,1.0,,,,
454,312103404,2024-08-03 20:48:05,1,0.1575,0.15687956,60.96,BTC-27JUN25-80000-C,60560.35,sell,1.0,1.0,,,,
455,312103434,2024-08-03 20:48:58,1,0.1575,0.15681093,61.01,BTC-27JUN25-80000-C,60523.69,sell,1.0,1.0,,,,
456,312103463,2024-08-03 20:49:56,1,0.1575,0.15678906,61.05,BTC-27JUN25-80000-C,60493.98,sell,1.0,1.0,,,,
457,312103484,2024-08-03 20:50:30,1,0.1575,0.15668674,61.08,BTC-27JUN25-80000-C,60467.05,sell,0.5,0.5,,,,
458,312125000,2024-08-04 02:34:26,0,0.161,0.15931133,61.21,BTC-27JUN25-80000-C,61043.2,sell,1.0,1.0,,,,
459,312125034,2024-08-04 02:34:34,1,0.161,0.15946682,61.18,BTC-27JUN25-80000-C,61062.41,sell,1.0,1.0,,,,
460,312125043,2024-08-04 02:34:46,1,0.161,0.15943249,61.2,BTC-27JUN25-80000-C,61049.87,sell,1.0,1.0,,,,
461,312125185,2024-08-04 02:37:51,2,0.1605,0.15952361,61.18,BTC-27JUN25-80000-C,60966.87,sell,1.0,1.0,,,,
462,312165550,2024-08-04 15:35:13,2,0.1535,0.15208313,61.76,BTC-27JUN25-80000-C,59385.1,sell,1.0,1.0,,,,
463,312165575,2024-08-04 15:35:20,3,0.1535,0.1521697,61.75,BTC-27JUN25-80000-C,59393.33,sell,0.2,0.2,,,,
464,312165590,2024-08-04 15:35:22,3,0.1535,0.15214133,61.77,BTC-27JUN25-80000-C,59378.63,sell,0.2,0.2,,,,
465,312165591,2024-08-04 15:35:26,3,0.1535,0.15216007,61.76,BTC-27JUN25-80000-C,59385.13,sell,0.1,0.1,,,,
466,312165620,2024-08-04 15:35:29,3,0.1535,0.152128,61.79,BTC-27JUN25-80000-C,59367.28,sell,0.5,0.5,,,,
467,312165625,2024-08-04 15:35:39,3,0.1535,0.15196896,61.84,BTC-27JUN25-80000-C,59328.0,sell,1.0,1.0,,,,
468,312165636,2024-08-04 15:35:44,3,0.1535,0.15185393,61.87,BTC-27JUN25-80000-C,59307.45,sell,1.0,1.0,,,,
469,312165648,2024-08-04 15:35:48,3,0.1535,0.15190782,61.86,BTC-27JUN25-80000-C,59313.26,sell,1.0,1.0,,,,
470,312165652,2024-08-04 15:35:52,3,0.1535,0.15194793,61.86,BTC-27JUN25-80000-C,59316.07,sell,0.2,0.2,,,,
471,312165658,2024-08-04 15:35:59,3,0.1535,0.15194037,61.87,BTC-27JUN25-80000-C,59307.22,sell,0.1,0.1,,,,
472,312165660,2024-08-04 15:36:02,3,0.1535,0.1519206,61.88,BTC-27JUN25-80000-C,59303.28,sell,0.2,0.2,,,,
473,312165665,2024-08-04 15:36:04,3,0.1535,0.15191673,61.89,BTC-27JUN25-80000-C,59292.68,sell,0.5,0.5,,,,
474,312165699,2024-08-04 15:36:19,3,0.1535,0.15184152,61.93,BTC-27JUN25-80000-C,59281.99,sell,1.0,1.0,,,,
475,312165731,2024-08-04 15:36:39,3,0.1535,0.15170255,61.96,BTC-27JUN25-80000-C,59241.81,sell,1.0,1.0,,,,
476,312165740,2024-08-04 15:36:44,3,0.1535,0.15171528,61.94,BTC-27JUN25-80000-C,59260.0,sell,1.0,1.0,,,,
477,312166154,2024-08-04 15:38:19,2,0.153,0.15186597,61.9,BTC-27JUN25-80000-C,59196.23,sell,1.0,1.0,,,,
478,312166253,2024-08-04 15:38:21,2,0.1525,0.15185024,61.79,BTC-27JUN25-80000-C,59196.23,sell,0.8,0.8,,,,
479,312168441,2024-08-04 15:51:45,3,0.1525,0.1525837,61.85,BTC-27JUN25-80000-C,59135.87,sell,0.2,0.2,,,,
480,312273005,2024-08-05 00:37:09,2,0.14,0.14045335,61.35,BTC-27JUN25-80000-C,57131.41,sell,0.1,0.1,,,,
481,312406949,2024-08-05 04:11:22,2,0.131,0.12913747,63.25,BTC-27JUN25-80000-C,54202.3,buy,1.0,1.0,,,,
482,312494646,2024-08-05 06:37:35,0,0.143,0.13908964,72.7,BTC-27JUN25-80000-C,50715.68,sell,11.0,11.0,,,,
483,312516577,2024-08-05 07:12:51,0,0.1435,0.14473559,71.11,BTC-27JUN25-80000-C,51641.03,sell,4.0,4.0,,,,
484,312516600,2024-08-05 07:12:57,1,0.1435,0.14461252,71.13,BTC-27JUN25-80000-C,51625.16,sell,6.0,6.0,,,,
485,312535203,2024-08-05 07:45:22,2,0.139,0.13748448,68.21,BTC-27JUN25-80000-C,52703.98,sell,0.2,0.2,,,,
486,312535450,2024-08-05 07:45:42,3,0.139,0.13775959,68.19,BTC-27JUN25-80000-C,52710.7,sell,0.6,0.6,,,,
487,312577310,2024-08-05 10:09:54,2,0.13,0.12970637,66.42,BTC-27JUN25-80000-C,52098.84,sell,0.1,0.1,,,,
488,312610223,2024-08-05 11:28:28,2,0.125,0.12500123,66.71,BTC-27JUN25-80000-C,50893.8,sell,0.1,0.1,,,,
489,312610345,2024-08-05 11:28:31,3,0.125,0.1249756,66.75,BTC-27JUN25-80000-C,50870.59,sell,1.2,1.2,,,,
490,312616622,2024-08-05 11:41:37,2,0.123,0.12457419,66.08,BTC-27JUN25-80000-C,50913.08,buy,0.8,0.8,,,,
491,312658989,2024-08-05 13:01:30,2,0.12,0.12220166,66.8,BTC-27JUN25-80000-C,49851.09,sell,0.5,0.5,,,,
492,312738410,2024-08-05 14:43:23,0,0.1355,0.14010098,64.25,BTC-27JUN25-80000-C,54360.73,sell,0.1,0.1,,,,
493,312744451,2024-08-05 14:54:51,0,0.1415,0.14038359,65.94,BTC-27JUN25-80000-C,54279.57,sell,6.8,6.8,,,,
494,312751618,2024-08-05 15:10:50,0,0.142,0.13981516,66.14,BTC-27JUN25-80000-C,54260.62,sell,0.1,0.1,,,,
495,312767618,2024-08-05 15:49:17,0,0.1425,0.14036829,65.93,BTC-27JUN25-80000-C,54504.18,sell,0.1,0.1,,,,
496,312782894,2024-08-05 16:34:46,2,0.1415,0.14174037,64.97,BTC-27JUN25-80000-C,55023.76,sell,0.4,0.4,,,,
497,312783556,2024-08-05 16:35:17,2,0.14,0.14094145,64.92,BTC-27JUN25-80000-C,54774.32,sell,0.5,0.5,,,,
498,312807958,2024-08-05 18:16:20,2,0.138,0.13807944,65.15,BTC-27JUN25-80000-C,54259.5,sell,0.5,0.5,,,,
499,312809717,2024-08-05 18:23:07,2,0.1355,0.13609142,65.02,BTC-27JUN25-80000-C,53843.29,sell,0.9,0.9,,,,
500,312823246,2024-08-05 19:15:19,2,0.132,0.13144977,65.69,BTC-27JUN25-80000-C,52781.17,sell,0.5,0.5,,,,
501,312831229,2024-08-05 19:50:02,3,0.132,0.13181792,65.76,BTC-27JUN25-80000-C,52743.38,sell,0.5,0.5,,,,
502,312831230,2024-08-05 19:50:02,3,0.132,0.13181792,65.76,BTC-27JUN25-80000-C,52743.38,sell,0.2,0.2,,,,
503,312837240,2024-08-05 20:08:29,0,0.1395,0.13841707,65.83,BTC-27JUN25-80000-C,54083.1,buy,0.3,0.3,,,,
504,312841063,2024-08-05 20:29:55,2,0.1375,0.13755308,65.5,BTC-27JUN25-80000-C,53952.28,sell,0.5,0.5,,,,
505,312860499,2024-08-05 22:05:29,0,0.14,0.13981806,65.08,BTC-27JUN25-80000-C,54735.94,buy,0.4,0.4,,,,
506,312861543,2024-08-05 22:12:32,2,0.1375,0.13752657,64.9,BTC-27JUN25-80000-C,54391.93,buy,0.1,0.1,,,,
507,312937060,2024-08-06 06:30:48,0,0.1465,0.14375928,65.05,BTC-27JUN25-80000-C,55944.5,buy,0.5,0.5,,,,
508,312937127,2024-08-06 06:32:16,1,0.1465,0.14331225,65.19,BTC-27JUN25-80000-C,55839.1,buy,0.5,0.5,,,,
509,312961507,2024-08-06 08:34:19,2,0.1405,0.14037412,64.46,BTC-27JUN25-80000-C,55233.7,sell,0.4,0.4,,,,
510,312961695,2024-08-06 08:34:33,2,0.14,0.13992039,64.45,BTC-27JUN25-80000-C,55157.3,sell,1.0,1.0,,,,
511,312992535,2024-08-06 12:01:58,2,0.139,0.14194455,63.91,BTC-27JUN25-80000-C,55320.53,sell,0.1,0.1,,,,
512,313058937,2024-08-06 17:28:31,0,0.1565,0.1548919,66.15,BTC-27JUN25-80000-C,56840.33,buy,0.5,0.5,,,,
513,313187379,2024-08-07 10:11:56,0,0.158,0.15593682,65.43,BTC-27JUN25-80000-C,57500.98,sell,0.1,0.1,,,,
514,313187671,2024-08-07 10:14:30,0,0.1585,0.15592136,65.59,BTC-27JUN25-80000-C,57477.93,buy,0.9,0.9,,,,
515,313223756,2024-08-07 14:49:45,0,0.161,0.16009191,67.79,BTC-27JUN25-80000-C,56357.63,buy,1.0,1.0,,,,
516,313226497,2024-08-07 15:02:36,2,0.158,0.15869958,67.53,BTC-27JUN25-80000-C,56017.16,buy,0.1,0.1,,,,
517,313227732,2024-08-07 15:12:48,0,0.161,0.16020765,68.03,BTC-27JUN25-80000-C,56225.1,buy,0.1,0.1,,,,
518,313236133,2024-08-07 16:20:42,2,0.16,0.16092381,67.8,BTC-27JUN25-80000-C,56167.85,buy,0.2,0.2,,,,
519,313236138,2024-08-07 16:20:47,3,0.16,0.16091908,67.81,BTC-27JUN25-80000-C,56164.39,buy,4.7,4.7,,,,
520,313237742,2024-08-07 16:43:01,2,0.159,0.16014381,67.56,BTC-27JUN25-80000-C,56114.89,sell,0.7,0.7,,,,
521,313436419,2024-08-08 15:57:14,0,0.167,0.16678018,64.62,BTC-27JUN25-80000-C,59502.48,buy,0.3,0.3,,,,
522,313581009,2024-08-09 08:53:08,0,0.1745,0.17445056,64.39,BTC-27JUN25-80000-C,61062.24,buy,3.7,3.7,,,,
523,313581057,2024-08-09 08:53:23,2,0.174,0.1744592,64.26,BTC-27JUN25-80000-C,61064.29,sell,1.3,1.3,,,,
524,313745227,2024-08-10 08:29:36,0,0.178,0.17196657,64.39,BTC-27JUN25-80000-C,60751.65,buy,0.1,0.1,,,,
525,313745245,2024-08-10 08:29:37,1,0.178,0.17198701,64.39,BTC-27JUN25-80000-C,60751.65,buy,0.1,0.1,,,,
526,313910923,2024-08-12 07:25:58,2,0.166,0.16577607,66.37,BTC-27JUN25-80000-C,58361.47,sell,2.4,2.4,,,,
527,313954718,2024-08-12 13:08:23,0,0.1745,0.17340272,66.65,BTC-27JUN25-80000-C,59753.82,sell,0.6,0.6,,,,
528,313992205,2024-08-12 15:02:43,0,0.177,0.17694343,66.3,BTC-27JUN25-80000-C,60429.86,buy,0.5,0.5,,,,
529,314077440,2024-08-13 04:21:28,2,0.172,0.1714838,67.05,BTC-27JUN25-80000-C,59055.26,sell,1.2,1.2,,,,
530,314077588,2024-08-13 04:26:38,0,0.1725,0.17113178,67.11,BTC-27JUN25-80000-C,59106.97,sell,0.2,0.2,,,,
531,314226549,2024-08-14 12:48:03,0,0.18,0.18230319,66.26,BTC-27JUN25-80000-C,61231.22,sell,3.0,3.0,,,,
532,314360102,2024-08-15 08:41:05,2,0.163,0.16504947,66.32,BTC-27JUN25-80000-C,58290.33,sell,0.2,0.2,,,,
533,314360358,2024-08-15 08:46:34,3,0.163,0.16520739,66.25,BTC-27JUN25-80000-C,58322.37,sell,0.2,0.2,,,,
534,314361980,2024-08-15 09:10:08,3,0.163,0.16495314,66.3,BTC-27JUN25-80000-C,58311.99,sell,1.0,1.0,,,,
535,314362030,2024-08-15 09:11:30,2,0.1625,0.16503041,66.12,BTC-27JUN25-80000-C,58346.57,sell,2.0,2.0,,,,
536,314364490,2024-08-15 09:51:26,0,0.163,0.16534176,66.0,BTC-27JUN25-80000-C,58488.35,sell,3.0,3.0,,,,
537,314364491,2024-08-15 09:51:26,1,0.163,0.16534176,66.0,BTC-27JUN25-80000-C,58488.35,sell,1.0,1.0,,,,
538,314364517,2024-08-15 09:52:27,1,0.163,0.16521245,66.05,BTC-27JUN25-80000-C,58453.49,sell,2.6,2.6,,,,
539,314365817,2024-08-15 10:28:32,0,0.1635,0.16578683,66.17,BTC-27JUN25-80000-C,58454.48,sell,2.0,2.0,,,,
540,314365843,2024-08-15 10:29:16,2,0.163,0.1659537,65.98,BTC-27JUN25-80000-C,58505.97,sell,1.0,1.0,,,,
541,314394899,2024-08-15 14:49:47,0,0.167,0.16976412,65.34,BTC-27JUN25-80000-C,59680.45,sell,1.0,1.0,,,,
542,314550861,2024-08-16 12:35:51,2,0.159,0.159584,66.14,BTC-27JUN25-80000-C,57792.51,buy,2.0,2.0,,,,
543,314556932,2024-08-16 13:15:43,0,0.1605,0.16097692,65.98,BTC-27JUN25-80000-C,58209.5,buy,0.1,0.1,,,,
544,314557153,2024-08-16 13:16:05,0,0.161,0.16156056,65.94,BTC-27JUN25-80000-C,58322.93,buy,0.1,0.1,,,,
545,314557360,2024-08-16 13:16:13,0,0.1615,0.16208409,65.96,BTC-27JUN25-80000-C,58400.2,buy,0.1,0.1,,,,
546,314557518,2024-08-16 13:16:26,0,0.162,0.16251322,65.97,BTC-27JUN25-80000-C,58483.32,buy,0.1,0.1,,,,
547,314557786,2024-08-16 13:16:44,0,0.1625,0.16290535,65.99,BTC-27JUN25-80000-C,58553.96,buy,0.1,0.1,,,,
548,314896460,2024-08-20 15:03:20,2,0.16,0.16120113,65.12,BTC-27JUN25-80000-C,59144.14,sell,0.1,0.1,,,,
549,315469820,2024-08-26 06:26:50,0,0.1875,0.18728882,65.89,BTC-27JUN25-80000-C,63891.06,sell,0.1,0.1,,,,
550,315469833,2024-08-26 06:26:56,1,0.1875,0.18726208,65.9,BTC-27JUN25-80000-C,63884.8,sell,0.1,0.1,,,,
551,315477006,2024-08-26 07:28:52,2,0.186,0.18650186,65.65,BTC-27JUN25-80000-C,63833.67,buy,9.0,9.0,,,,
552,315477007,2024-08-26 07:28:52,3,0.186,0.18650186,65.65,BTC-27JUN25-80000-C,63833.67,buy,5.7,5.7,,,,
553,315937775,2024-08-29 07:30:09,2,0.1605,0.16026672,66.36,BTC-27JUN25-80000-C,59580.65,sell,1.0,1.0,,,,
554,316520063,2024-09-04 18:56:17,2,0.145,0.14518451,65.97,BTC-27JUN25-80000-C,57735.46,buy,0.1,0.1,,,,
555,316520798,2024-09-04 19:21:58,0,0.1455,0.14450925,66.06,BTC-27JUN25-80000-C,57770.04,buy,0.1,0.1,,,,
556,316520800,2024-09-04 19:22:04,0,0.146,0.1445009,66.19,BTC-27JUN25-80000-C,57775.38,buy,0.1,0.1,,,,
557,316521804,2024-09-04 19:45:56,0,0.1465,0.14574813,66.05,BTC-27JUN25-80000-C,57935.61,buy,0.1,0.1,,,,
558,316522523,2024-09-04 19:58:07,0,0.147,0.14678379,65.99,BTC-27JUN25-80000-C,58066.84,buy,0.1,0.1,,,,
559,316595630,2024-09-05 15:45:19,2,0.137,0.13707686,66.63,BTC-27JUN25-80000-C,55969.42,buy,0.4,0.4,,,,
560,316727056,2024-09-06 15:06:31,2,0.1325,0.13129675,67.25,BTC-27JUN25-80000-C,54747.01,buy,0.1,0.1,,,,
561,316935432,2024-09-09 04:40:26,2,0.132,0.13236665,67.31,BTC-27JUN25-80000-C,54897.53,sell,50.0,50.0,157005,,BTC-CS-27JUN25-60000_80000,
562,317029920,2024-09-09 20:40:59,0,0.1425,0.1415529,67.42,BTC-27JUN25-80000-C,56943.46,sell,0.1,0.1,,,,
563,317155701,2024-09-10 19:49:38,0,0.146,0.14846538,66.76,BTC-27JUN25-80000-C,57998.53,sell,0.1,0.1,,,,
564,317218286,2024-09-11 09:11:01,2,0.137,0.13684609,66.69,BTC-27JUN25-80000-C,56544.6,sell,0.3,0.3,,,,
565,317339138,2024-09-12 03:39:30,0,0.1415,0.14235212,65.46,BTC-27JUN25-80000-C,58305.89,sell,4.0,4.0,,,,
566,317339144,2024-09-12 03:39:30,1,0.1415,0.14235212,65.46,BTC-27JUN25-80000-C,58305.89,sell,1.0,1.0,,,,
567,317517264,2024-09-13 17:52:11,0,0.1491,0.14904706,65.68,BTC-27JUN25-80000-C,59646.68,sell,1.0,1.0,,317517262,BTC-CBUT-27JUN25-80000_100000_120000,
568,317602081,2024-09-14 21:13:18,0,0.1515,0.1497906,65.99,BTC-27JUN25-80000-C,59996.57,sell,0.1,0.1,,,,
569,317694689,2024-09-16 09:07:59,2,0.143,0.14244385,65.46,BTC-27JUN25-80000-C,58994.97,buy,50.0,50.0,157799,,BTC-CS-27JUN25-60000_80000,
570,317910073,2024-09-18 05:54:28,0,0.146,0.1470088,65.0,BTC-27JUN25-80000-C,60250.11,sell,0.2,0.2,,,,
571,317910080,2024-09-18 05:55:24,1,0.146,0.14693754,64.99,BTC-27JUN25-80000-C,60255.72,sell,0.2,0.2,,,,
572,317926440,2024-09-18 10:15:36,2,0.145,0.14462043,65.73,BTC-27JUN25-80000-C,59545.06,sell,0.2,0.2,,,,
573,317928657,2024-09-18 10:35:19,3,0.145,0.14448901,65.44,BTC-27JUN25-80000-C,59763.59,sell,3.8,3.8,,,,
574,317928659,2024-09-18 10:35:23,3,0.145,0.14457102,65.44,BTC-27JUN25-80000-C,59765.93,sell,1.3,1.3,,,,
575,317928660,2024-09-18 10:35:23,3,0.145,0.14457102,65.44,BTC-27JUN25-80000-C,59765.93,sell,0.3,0.3,,,,
576,317928698,2024-09-18 10:35:34,3,0.145,0.14468532,65.4,BTC-27JUN25-80000-C,59786.63,sell,1.3,1.3,,,,
577,317928699,2024-09-18 10:35:34,3,0.145,0.14468532,65.4,BTC-27JUN25-80000-C,59786.63,sell,0.1,0.1,,,,
578,317933031,2024-09-18 12:11:38,2,0.144,0.14413121,65.15,BTC-27JUN25-80000-C,59784.0,sell,0.2,0.2,,,,
579,317945384,2024-09-18 14:47:41,2,0.143,0.1427372,65.05,BTC-27JUN25-80000-C,59743.69,sell,0.3,0.3,,,,
580,317945652,2024-09-18 14:50:37,2,0.1425,0.14211728,65.12,BTC-27JUN25-80000-C,59599.6,sell,0.2,0.2,,,,
581,318045774,2024-09-19 00:04:18,0,0.1515,0.15144315,63.92,BTC-27JUN25-80000-C,61814.3,sell,1.0,1.0,,,,
582,318062186,2024-09-19 00:46:27,0,0.1555,0.15513808,64.34,BTC-27JUN25-80000-C,62263.27,sell,1.0,1.0,,,,
583,318066137,2024-09-19 00:59:08,1,0.1555,0.15496427,64.44,BTC-27JUN25-80000-C,62206.31,sell,0.5,0.5,,,,
584,318094068,2024-09-19 04:45:06,2,0.1525,0.1530779,64.18,BTC-27JUN25-80000-C,61962.51,sell,0.3,0.3,,,,
585,318101292,2024-09-19 06:57:50,2,0.152,0.15243918,64.02,BTC-27JUN25-80000-C,61997.64,sell,0.2,0.2,,,,
586,318101412,2024-09-19 07:00:00,2,0.1515,0.15263069,63.8,BTC-27JUN25-80000-C,62039.83,sell,0.2,0.2,,,,
587,318102286,2024-09-19 07:09:00,2,0.151,0.15149589,63.66,BTC-27JUN25-80000-C,62054.24,sell,0.2,0.2,,,,
588,318109626,2024-09-19 08:13:33,0,0.1515,0.15135618,63.69,BTC-27JUN25-80000-C,62154.33,sell,0.2,0.2,,,,
589,318111749,2024-09-19 08:39:24,2,0.151,0.15110303,63.83,BTC-27JUN25-80000-C,61990.51,sell,0.2,0.2,,,,
590,318124236,2024-09-19 10:30:19,0,0.1545,0.15424347,63.89,BTC-27JUN25-80000-C,62661.02,sell,1.0,1.0,,,,
591,318124730,2024-09-19 10:31:14,2,0.154,0.1534841,63.98,BTC-27JUN25-80000-C,62504.26,sell,0.5,0.5,,,,
592,318127667,2024-09-19 11:04:16,2,0.1525,0.15263618,63.94,BTC-27JUN25-80000-C,62288.8,sell,0.1,0.1,,,,
593,318127726,2024-09-19 11:05:02,3,0.1525,0.15258068,63.97,BTC-27JUN25-80000-C,62273.55,sell,0.3,0.3,,,,
594,318127988,2024-09-19 11:08:06,2,0.152,0.15262501,63.79,BTC-27JUN25-80000-C,62289.75,sell,0.3,0.3,,,,
595,318131119,2024-09-19 11:50:44,0,0.153,0.15332419,63.65,BTC-27JUN25-80000-C,62579.69,sell,0.2,0.2,,,,
596,318165725,2024-09-19 14:45:48,0,0.158,0.15763976,64.36,BTC-27JUN25-80000-C,63068.43,sell,1.0,1.0,,,,
597,318177276,2024-09-19 16:12:28,2,0.156,0.15588527,63.88,BTC-27JUN25-80000-C,63016.08,sell,1.0,1.0,,,,
598,318179231,2024-09-19 16:23:06,0,0.157,0.15696825,63.83,BTC-27JUN25-80000-C,63226.94,sell,0.5,0.5,,,,
599,318196899,2024-09-19 18:17:34,0,0.1575,0.15791728,63.48,BTC-27JUN25-80000-C,63558.46,sell,0.3,0.3,,,,
600,318206032,2024-09-19 19:12:53,1,0.1575,0.15743242,63.68,BTC-27JUN25-80000-C,63457.45,sell,0.5,0.5,,,,
601,318219880,2024-09-19 22:00:12,2,0.1545,0.15488655,63.58,BTC-27JUN25-80000-C,62859.92,sell,0.4,0.4,,,,
602,318220893,2024-09-19 22:07:40,2,0.154,0.15447697,63.54,BTC-27JUN25-80000-C,62803.63,sell,0.2,0.2,,,,
603,318232359,2024-09-20 00:08:49,0,0.1545,0.15467048,63.61,BTC-27JUN25-80000-C,62872.53,sell,0.2,0.2,,,,
604,318233290,2024-09-20 00:29:22,2,0.154,0.15457806,63.6,BTC-27JUN25-80000-C,62792.82,sell,0.1,0.1,,,,
605,318235846,2024-09-20 01:07:31,2,0.153,0.15313328,63.58,BTC-27JUN25-80000-C,62633.86,sell,0.2,0.2,,,,
606,318242164,2024-09-20 02:52:54,0,0.1545,0.15459787,63.75,BTC-27JUN25-80000-C,62862.78,sell,0.4,0.4,,,,
607,318246011,2024-09-20 03:41:14,2,0.154,0.15535084,62.94,BTC-27JUN25-80000-C,63314.11,sell,0.4,0.4,,,,
608,318246026,2024-09-20 03:41:17,3,0.154,0.15525528,62.94,BTC-27JUN25-80000-C,63310.85,sell,0.6,0.6,,,,
609,318255500,2024-09-20 04:27:31,0,0.1575,0.15788114,63.13,BTC-27JUN25-80000-C,63798.58,sell,0.1,0.1,,,,
610,318261581,2024-09-20 05:37:24,1,0.1575,0.15805553,63.11,BTC-27JUN25-80000-C,63799.51,sell,0.3,0.3,,,,
611,318268785,2024-09-20 07:24:37,2,0.1565,0.15676433,63.29,BTC-27JUN25-80000-C,63540.28,sell,0.3,0.3,,,,
612,318281796,2024-09-20 08:30:57,2,0.155,0.15512038,63.37,BTC-27JUN25-80000-C,63253.35,sell,0.3,0.3,,,,
613,318294330,2024-09-20 11:06:03,0,0.158,0.15787179,63.47,BTC-27JUN25-80000-C,63665.77,sell,1.2,1.2,,,,
614,318301267,2024-09-20 13:04:06,2,0.1575,0.15736485,63.88,BTC-27JUN25-80000-C,63299.52,sell,0.4,0.4,,,,
615,318303280,2024-09-20 13:13:24,2,0.156,0.15574114,63.93,BTC-27JUN25-80000-C,62971.98,sell,0.2,0.2,,,,
616,318341233,2024-09-20 17:48:02,2,0.1525,0.15250551,63.34,BTC-27JUN25-80000-C,62709.92,sell,0.2,0.2,,,,
617,318369173,2024-09-21 03:09:13,0,0.153,0.15357324,63.13,BTC-27JUN25-80000-C,62959.08,sell,0.3,0.3,,,,
618,318421868,2024-09-22 14:04:12,2,0.1515,0.15171795,63.69,BTC-27JUN25-80000-C,62564.18,sell,0.2,0.2,,,,
619,318476900,2024-09-23 03:36:15,0,0.16,0.16025379,63.18,BTC-27JUN25-80000-C,64409.35,sell,0.3,0.3,,,,
620,318506372,2024-09-23 12:51:52,2,0.153,0.15345023,63.06,BTC-27JUN25-80000-C,63248.91,sell,0.2,0.2,,,,
621,318569032,2024-09-24 06:20:18,2,0.1515,0.15135444,62.6,BTC-27JUN25-80000-C,63336.52,buy,0.4,0.4,,,,
622,318569773,2024-09-24 06:33:00,0,0.152,0.15092164,62.82,BTC-27JUN25-80000-C,63294.06,buy,0.5,0.5,,,,
623,318569774,2024-09-24 06:33:00,1,0.152,0.15092164,62.82,BTC-27JUN25-80000-C,63294.06,buy,3.2,3.2,,,,
624,318606597,2024-09-24 14:37:10,2,0.1485,0.14835549,62.58,BTC-27JUN25-80000-C,62787.2,sell,0.2,0.2,,,,
625,318654866,2024-09-24 22:30:59,0,0.1565,0.15621595,62.45,BTC-27JUN25-80000-C,64365.81,sell,0.3,0.3,,,,
626,318663876,2024-09-25 00:19:40,2,0.156,0.15594388,62.78,BTC-27JUN25-80000-C,64132.2,sell,1.0,1.0,,,,
627,318679263,2024-09-25 02:05:14,0,0.1565,0.15658806,62.67,BTC-27JUN25-80000-C,64357.93,sell,0.3,0.3,,,,
628,318682290,2024-09-25 03:02:19,2,0.156,0.15637844,62.51,BTC-27JUN25-80000-C,64365.17,sell,0.2,0.2,,,,
629,318693373,2024-09-25 06:19:18,2,0.1545,0.15475172,62.56,BTC-27JUN25-80000-C,64020.28,sell,0.2,0.2,,,,
630,318693905,2024-09-25 06:23:26,2,0.1525,0.15402475,62.11,BTC-27JUN25-80000-C,63927.87,sell,0.2,0.2,,,,
631,318766371,2024-09-25 22:36:43,2,0.1483,0.14830446,61.7,BTC-27JUN25-80000-C,63354.29,sell,25.3,25.3,159047,,,
632,318787865,2024-09-26 05:01:47,2,0.1475,0.14689231,61.38,BTC-27JUN25-80000-C,63374.09,buy,0.4,0.4,,,,
633,318787866,2024-09-26 05:01:47,3,0.1475,0.14689231,61.38,BTC-27JUN25-80000-C,63374.09,sell,1.9,1.9,,,,
634,318822255,2024-09-26 11:05:41,0,0.155,0.15281401,61.92,BTC-27JUN25-80000-C,64317.61,buy,1.0,1.0,,,,
635,318825424,2024-09-26 11:30:24,2,0.1535,0.15221948,61.46,BTC-27JUN25-80000-C,64334.2,buy,0.4,0.4,,,,
636,318825425,2024-09-26 11:30:24,0,0.1545,0.15221948,61.75,BTC-27JUN25-80000-C,64334.2,buy,0.6,0.6,,,,
637,318825716,2024-09-26 11:34:26,1,0.1545,0.15235784,61.77,BTC-27JUN25-80000-C,64318.95,buy,1.0,1.0,,,,
638,318825755,2024-09-26 11:35:13,1,0.1545,0.15225555,61.81,BTC-27JUN25-80000-C,64294.6,buy,1.0,1.0,,,,
639,318908650,2024-09-26 17:39:56,0,0.159,0.15885087,61.96,BTC-27JUN25-80000-C,65187.31,sell,0.2,0.2,,,,
640,318970670,2024-09-27 06:28:26,1,0.159,0.15889368,61.76,BTC-27JUN25-80000-C,65443.74,buy,0.2,0.2,,,,
641,319000683,2024-09-27 08:51:03,2,0.1575,0.15872549,61.5,BTC-27JUN25-80000-C,65718.3,sell,0.1,0.1,,,,
642,319060596,2024-09-27 15:15:16,0,0.1605,0.16156151,60.46,BTC-27JUN25-80000-C,66357.23,buy,0.1,0.1,,,,
643,319130396,2024-09-28 12:42:09,2,0.1575,0.1593071,60.97,BTC-27JUN25-80000-C,65553.4,sell,0.1,0.1,,,,
644,319144894,2024-09-28 21:18:58,2,0.1555,0.15614259,60.7,BTC-27JUN25-80000-C,65525.78,sell,0.1,0.1,,,,
645,319157251,2024-09-29 05:34:19,0,0.1565,0.1571888,60.62,BTC-27JUN25-80000-C,65662.08,sell,0.1,0.1,,,,
646,319168646,2024-09-29 11:50:11,1,0.1565,0.1579753,60.57,BTC-27JUN25-80000-C,65709.84,sell,0.1,0.1,,,,
647,319190477,2024-09-29 23:06:59,1,0.1565,0.15674861,60.51,BTC-27JUN25-80000-C,65620.87,sell,0.1,0.1,,,,
648,319195276,2024-09-30 00:27:57,2,0.1555,0.15517382,60.86,BTC-27JUN25-80000-C,65296.25,sell,0.1,0.1,,,,
649,319195496,2024-09-30 00:29:21,2,0.155,0.15513031,60.76,BTC-27JUN25-80000-C,65288.02,sell,0.1,0.1,,,,
650,319225709,2024-09-30 06:28:53,2,0.1505,0.15085229,60.69,BTC-27JUN25-80000-C,64507.03,sell,0.1,0.1,,,,
651,319225967,2024-09-30 06:38:45,2,0.15,0.14994597,60.54,BTC-27JUN25-80000-C,64499.96,buy,0.1,0.1,,,,
652,319227739,2024-09-30 07:13:13,3,0.15,0.15001495,60.3,BTC-27JUN25-80000-C,64631.37,buy,10.0,10.0,,,,
653,319241579,2024-09-30 08:55:53,0,0.152,0.15081221,61.67,BTC-27JUN25-80000-C,64291.82,sell,1.4,1.4,,,,
654,319241580,2024-09-30 08:55:56,1,0.152,0.15082806,61.67,BTC-27JUN25-80000-C,64293.76,sell,1.6,1.6,,,,
655,319241582,2024-09-30 08:56:00,1,0.152,0.15084451,61.67,BTC-27JUN25-80000-C,64294.86,sell,0.8,0.8,,,,
656,319241583,2024-09-30 08:56:01,1,0.152,0.15085409,61.67,BTC-27JUN25-80000-C,64294.86,sell,0.4,0.4,,,,
657,319249482,2024-09-30 09:47:53,2,0.148,0.14865225,61.25,BTC-27JUN25-80000-C,63781.5,buy,0.9,0.9,,,,
658,319256432,2024-09-30 10:08:39,2,0.146,0.14611595,61.53,BTC-27JUN25-80000-C,63420.96,sell,0.1,0.1,,,,
659,319269307,2024-09-30 10:56:12,0,0.147,0.14688086,61.43,BTC-27JUN25-80000-C,63601.64,sell,0.1,0.1,,,,
660,319272207,2024-09-30 11:21:27,2,0.146,0.14615806,61.27,BTC-27JUN25-80000-C,63615.02,buy,0.5,0.5,,,,
661,319272446,2024-09-30 11:24:21,0,0.1465,0.14642905,61.33,BTC-27JUN25-80000-C,63670.48,buy,1.6,1.6,,,,
662,319274335,2024-09-30 11:38:56,0,0.147,0.14684288,61.52,BTC-27JUN25-80000-C,63646.76,sell,0.2,0.2,,,,
663,319281027,2024-09-30 12:27:12,2,0.146,0.14752857,60.92,BTC-27JUN25-80000-C,63811.88,sell,1.3,1.3,,,,
664,319281082,2024-09-30 12:28:07,2,0.1455,0.1474724,60.77,BTC-27JUN25-80000-C,63805.15,sell,0.1,0.1,,,,
665,319291067,2024-09-30 13:27:06,0,0.149,0.14889471,61.23,BTC-27JUN25-80000-C,64008.19,sell,0.2,0.2,,,,
666,319296387,2024-09-30 14:05:03,2,0.1465,0.14654228,61.08,BTC-27JUN25-80000-C,63781.16,sell,0.1,0.1,,,,
667,319307726,2024-09-30 15:10:31,3,0.1465,0.1456238,61.31,BTC-27JUN25-80000-C,63647.56,buy,3.0,3.0,,,,
668,319363227,2024-10-01 02:14:35,2,0.144,0.14441199,61.58,BTC-27JUN25-80000-C,63173.64,sell,0.1,0.1,,,,
669,319380641,2024-10-01 08:52:25,0,0.1485,0.1491969,61.85,BTC-27JUN25-80000-C,63899.14,sell,0.5,0.5,,,,
670,319395142,2024-10-01 12:44:50,2,0.1475,0.14774675,61.97,BTC-27JUN25-80000-C,63646.39,sell,0.3,0.3,,,,
671,319395359,2024-10-01 12:46:23,2,0.147,0.14756093,61.88,BTC-27JUN25-80000-C,63602.34,sell,0.3,0.3,,,,
672,319400045,2024-10-01 13:33:15,2,0.1455,0.14565921,61.76,BTC-27JUN25-80000-C,63349.58,sell,0.3,0.3,,,,
673,319417214,2024-10-01 14:11:04,2,0.1415,0.1413976,61.67,BTC-27JUN25-80000-C,62600.5,sell,0.2,0.2,,,,
674,319422709,2024-10-01 14:36:05,2,0.141,0.14104545,61.69,BTC-27JUN25-80000-C,62514.44,sell,0.2,0.2,,,,
675,319428175,2024-10-01 15:03:08,2,0.14,0.14016555,61.59,BTC-27JUN25-80000-C,62439.9,sell,0.1,0.1,,,,
676,319446800,2024-10-01 15:43:03,2,0.1395,0.14172717,61.06,BTC-27JUN25-80000-C,62700.72,sell,0.1,0.1,,,,
677,319446801,2024-10-01 15:43:03,3,0.1395,0.14172717,61.06,BTC-27JUN25-80000-C,62700.72,sell,1.4,1.4,,,,
678,319446803,2024-10-01 15:43:03,3,0.1395,0.14172717,61.06,BTC-27JUN25-80000-C,62700.72,sell,0.1,0.1,,,,
679,319453061,2024-10-01 16:19:19,2,0.139,0.13931181,61.16,BTC-27JUN25-80000-C,62516.73,sell,0.1,0.1,,,,
680,319453125,2024-10-01 16:20:22,2,0.1385,0.13911368,61.06,BTC-27JUN25-80000-C,62485.17,buy,0.2,0.2,,,,
681,319463823,2024-10-01 16:46:00,2,0.135,0.13551459,61.05,BTC-27JUN25-80000-C,61997.91,buy,1.0,1.0,,,,
682,319543455,2024-10-01 22:53:49,2,0.129,0.12894474,61.0,BTC-27JUN25-80000-C,60768.33,buy,0.1,0.1,,,,
683,319563985,2024-10-02 04:07:23,0,0.134,0.1344813,61.11,BTC-27JUN25-80000-C,61684.96,sell,0.1,0.1,,,,
684,319569560,2024-10-02 05:47:57,2,0.133,0.133479,61.18,BTC-27JUN25-80000-C,61456.78,sell,0.1,0.1,,,,
685,319591993,2024-10-02 11:09:03,2,0.131,0.13095898,61.26,BTC-27JUN25-80000-C,61001.45,sell,0.1,0.1,,,,
686,319732154,2024-10-03 11:24:58,2,0.128,0.12794328,60.98,BTC-27JUN25-80000-C,60691.75,sell,0.3,0.3,,,,
687,319732164,2024-10-03 11:25:01,3,0.128,0.12790203,60.99,BTC-27JUN25-80000-C,60687.74,sell,0.1,0.1,,,,
688,319732215,2024-10-03 11:25:14,3,0.128,0.12795761,60.98,BTC-27JUN25-80000-C,60692.66,sell,0.1,0.1,,,,
689,319732220,2024-10-03 11:25:17,3,0.128,0.12790336,60.99,BTC-27JUN25-80000-C,60682.9,sell,0.1,0.1,,,,
690,319953320,2024-10-06 03:47:14,0,0.1295,0.12983165,59.81,BTC-27JUN25-80000-C,61919.79,sell,0.1,0.1,,,,
691,319991876,2024-10-06 21:20:15,0,0.134,0.13441912,60.2,BTC-27JUN25-80000-C,62507.18,sell,0.2,0.2,,,,
692,320031850,2024-10-07 06:02:50,0,0.138,0.13833753,60.12,BTC-27JUN25-80000-C,63332.89,sell,0.1,0.1,,,,
693,320174914,2024-10-08 06:25:05,2,0.129,0.12890771,59.51,BTC-27JUN25-80000-C,62213.25,sell,0.1,0.1,,,,
694,320345883,2024-10-09 18:18:24,2,0.121,0.12077577,58.76,BTC-27JUN25-80000-C,61248.01,sell,0.1,0.1,,,,
695,320404635,2024-10-10 08:36:06,2,0.1195,0.11884687,58.93,BTC-27JUN25-80000-C,60943.41,sell,0.2,0.2,,,,
696,320441487,2024-10-10 15:03:49,2,0.114,0.11450905,57.99,BTC-27JUN25-80000-C,60437.91,buy,0.1,0.1,,,,
697,320442353,2024-10-10 15:09:26,0,0.1155,0.11565757,58.07,BTC-27JUN25-80000-C,60681.2,sell,0.2,0.2,,,,
698,320570222,2024-10-11 13:44:49,0,0.1195,0.1198554,58.28,BTC-27JUN25-80000-C,61472.1,buy,0.1,0.1,,,,
699,320587431,2024-10-11 15:34:40,0,0.123,0.12282135,58.49,BTC-27JUN25-80000-C,61984.2,sell,0.2,0.2,,,,
700,320623087,2024-10-11 19:22:49,0,0.1295,0.1295278,58.69,BTC-27JUN25-80000-C,63108.35,sell,0.1,0.1,,,,
701,320678041,2024-10-12 14:40:21,0,0.13,0.12901324,59.06,BTC-27JUN25-80000-C,63176.59,sell,0.4,0.4,,,,
702,320696659,2024-10-12 22:31:04,0,0.131,0.13060179,59.24,BTC-27JUN25-80000-C,63243.67,buy,3.4,3.4,,,,
703,320705969,2024-10-13 02:15:17,2,0.129,0.12868302,59.47,BTC-27JUN25-80000-C,62705.76,sell,0.1,0.1,,,,
704,320741269,2024-10-13 19:33:28,0,0.1295,0.12814395,59.82,BTC-27JUN25-80000-C,62595.55,buy,4.9,4.9,,,,
705,320789420,2024-10-14 05:50:58,0,0.1345,0.13470881,59.13,BTC-27JUN25-80000-C,63886.91,buy,4.2,4.2,,,,
706,320796613,2024-10-14 07:16:24,0,0.135,0.13589765,59.05,BTC-27JUN25-80000-C,64034.05,sell,0.1,0.1,,,,
707,320818738,2024-10-14 09:25:45,0,0.1375,0.13738074,58.97,BTC-27JUN25-80000-C,64565.59,sell,0.1,0.1,,,,
708,320828720,2024-10-14 10:48:12,0,0.1405,0.13921435,59.37,BTC-27JUN25-80000-C,64889.56,buy,0.1,0.1,,,,
709,320837176,2024-10-14 12:16:47,2,0.1395,0.13934394,59.25,BTC-27JUN25-80000-C,64762.88,sell,1.0,1.0,,,,
710,320840404,2024-10-14 12:41:21,3,0.1395,0.13947055,59.08,BTC-27JUN25-80000-C,64835.21,sell,0.3,0.3,,,,
711,320841989,2024-10-14 13:01:16,3,0.1395,0.1395169,59.14,BTC-27JUN25-80000-C,64815.03,sell,0.2,0.2,,,,
712,320845059,2024-10-14 13:27:33,2,0.1385,0.13870414,59.05,BTC-27JUN25-80000-C,64705.46,sell,0.1,0.1,,,,
713,320881563,2024-10-14 14:52:11,0,0.1455,0.14529107,59.18,BTC-27JUN25-80000-C,65946.34,sell,0.1,0.1,,,,
714,320886722,2024-10-14 15:03:32,2,0.145,0.14506854,59.16,BTC-27JUN25-80000-C,65848.72,sell,0.1,0.1,,,,
715,320895605,2024-10-14 15:44:18,2,0.144,0.14471752,58.8,BTC-27JUN25-80000-C,65819.36,sell,0.2,0.2,,,,
716,320957149,2024-10-15 00:11:31,0,0.1445,0.14522516,58.8,BTC-27JUN25-80000-C,65938.12,sell,0.1,0.1,,,,
717,320959890,2024-10-15 00:37:18,0,0.1455,0.14597423,58.92,BTC-27JUN25-80000-C,66038.73,sell,0.1,0.1,,,,
718,320964772,2024-10-15 01:41:11,2,0.144,0.14425259,58.93,BTC-27JUN25-80000-C,65759.79,sell,0.1,0.1,,,,
719,320978123,2024-10-15 05:41:42,2,0.1405,0.14088884,58.69,BTC-27JUN25-80000-C,65238.03,sell,0.3,0.3,,,,
720,320998131,2024-10-15 11:12:14,0,0.141,0.14074667,58.57,BTC-27JUN25-80000-C,65499.42,sell,0.1,0.1,,,,
721,320999542,2024-10-15 11:19:16,2,0.1395,0.13991677,58.34,BTC-27JUN25-80000-C,65376.56,sell,0.1,0.1,,,,
722,321109797,2024-10-15 17:10:34,0,0.15,0.1500582,59.44,BTC-27JUN25-80000-C,66661.01,sell,0.5,0.5,,,,
723,321128500,2024-10-15 19:06:36,2,0.1495,0.14980145,59.22,BTC-27JUN25-80000-C,66763.41,sell,0.1,0.1,,,,
724,321196615,2024-10-16 07:02:42,2,0.149,0.14979113,59.01,BTC-27JUN25-80000-C,66965.24,sell,0.1,0.1,,,,
725,321202463,2024-10-16 07:59:34,0,0.1495,0.14940336,59.17,BTC-27JUN25-80000-C,66968.86,sell,0.1,0.1,,,,
726,321227767,2024-10-16 11:04:12,0,0.1555,0.15397689,59.83,BTC-27JUN25-80000-C,67628.35,buy,0.4,0.4,,,,
727,321229554,2024-10-16 11:19:16,2,0.155,0.15514356,59.42,BTC-27JUN25-80000-C,67814.05,sell,0.1,0.1,,,,
728,321236448,2024-10-16 11:33:19,0,0.158,0.1577878,59.59,BTC-27JUN25-80000-C,68215.37,sell,1.0,1.0,,,,
729,321244242,2024-10-16 12:01:24,2,0.157,0.15678634,59.86,BTC-27JUN25-80000-C,67814.81,sell,0.1,0.1,,,,
730,321259219,2024-10-16 13:53:39,2,0.156,0.15414502,60.56,BTC-27JUN25-80000-C,67238.96,buy,0.1,0.1,,,,
731,321265823,2024-10-16 14:27:59,0,0.158,0.15763892,60.13,BTC-27JUN25-80000-C,67926.3,sell,0.1,0.1,,,,
732,321277682,2024-10-16 15:46:46,2,0.156,0.15601374,59.88,BTC-27JUN25-80000-C,67713.97,sell,0.2,0.2,,,,
733,321299027,2024-10-16 20:54:30,2,0.155,0.1557996,59.38,BTC-27JUN25-80000-C,67817.79,sell,0.1,0.1,,,,
734,321308932,2024-10-16 23:22:35,2,0.153,0.15413667,59.21,BTC-27JUN25-80000-C,67659.64,sell,0.1,0.1,,,,
735,321310143,2024-10-16 23:40:58,3,0.153,0.15373549,59.15,BTC-27JUN25-80000-C,67706.91,sell,0.1,0.1,,,,
736,321310293,2024-10-16 23:42:45,3,0.153,0.15364096,59.17,BTC-27JUN25-80000-C,67697.87,sell,3.0,3.0,,,,
737,321313859,2024-10-17 00:54:59,0,0.1535,0.15416086,59.36,BTC-27JUN25-80000-C,67700.02,sell,0.1,0.1,,,,
738,321316026,2024-10-17 01:33:59,2,0.152,0.15255001,59.35,BTC-27JUN25-80000-C,67440.12,sell,0.1,0.1,,,,
739,321328458,2024-10-17 04:44:01,0,0.153,0.15114843,59.86,BTC-27JUN25-80000-C,67288.28,buy,0.1,0.1,,,,
740,321341862,2024-10-17 07:53:20,2,0.151,0.14990724,59.42,BTC-27JUN25-80000-C,67181.82,sell,2.0,2.0,,,,
741,321354528,2024-10-17 11:13:07,2,0.15,0.15008975,59.28,BTC-27JUN25-80000-C,67085.13,sell,0.1,0.1,,,,
742,321354529,2024-10-17 11:13:07,3,0.15,0.15008975,59.28,BTC-27JUN25-80000-C,67085.13,sell,0.2,0.2,,,,
743,321354789,2024-10-17 11:16:23,2,0.1495,0.14971162,59.26,BTC-27JUN25-80000-C,67011.18,sell,0.1,0.1,,,,
744,321357645,2024-10-17 11:49:43,2,0.1485,0.14883728,59.26,BTC-27JUN25-80000-C,66813.9,sell,0.2,0.2,,,,
745,321364289,2024-10-17 13:17:01,0,0.15,0.15011588,59.35,BTC-27JUN25-80000-C,67040.66,sell,0.1,0.1,,,,
746,321365488,2024-10-17 13:34:18,2,0.1485,0.14869485,59.31,BTC-27JUN25-80000-C,66795.54,sell,0.1,0.1,,,,
747,321426538,2024-10-18 02:02:51,0,0.1535,0.15371733,58.85,BTC-27JUN25-80000-C,68041.29,sell,0.1,0.1,,,,
748,321451984,2024-10-18 07:27:29,0,0.154,0.15422616,58.61,BTC-27JUN25-80000-C,68120.8,sell,0.1,0.1,,,,
749,321467074,2024-10-18 09:35:17,2,0.151,0.15142351,58.3,BTC-27JUN25-80000-C,67795.74,sell,0.1,0.1,,,,
750,321472729,2024-10-18 11:56:29,0,0.1515,0.15171944,58.61,BTC-27JUN25-80000-C,67691.2,sell,0.1,0.1,,,,
751,321486796,2024-10-18 14:10:25,0,0.1555,0.15541816,58.65,BTC-27JUN25-80000-C,68445.73,sell,0.1,0.1,,,,
752,321508491,2024-10-18 16:00:13,0,0.1575,0.15757811,58.76,BTC-27JUN25-80000-C,68723.16,sell,0.1,0.1,,,,
753,321510822,2024-10-18 16:14:13,2,0.155,0.15549218,58.57,BTC-27JUN25-80000-C,68376.14,sell,0.1,0.1,,,,
754,321531553,2024-10-18 21:49:06,0,0.1555,0.15591971,58.76,BTC-27JUN25-80000-C,68454.53,sell,0.1,0.1,,,,
755,321543589,2024-10-19 02:36:38,1,0.1555,0.15570435,58.86,BTC-27JUN25-80000-C,68397.0,sell,0.1,0.1,,,,
756,321550981,2024-10-19 06:53:09,0,0.1565,0.1564438,59.26,BTC-27JUN25-80000-C,68335.08,sell,0.1,0.1,,,,
757,321551055,2024-10-19 06:59:58,2,0.1555,0.1561705,58.99,BTC-27JUN25-80000-C,68325.85,sell,0.1,0.1,,,,
758,321551793,2024-10-19 07:36:12,3,0.1555,0.15597453,58.94,BTC-27JUN25-80000-C,68360.5,sell,0.1,0.1,,,,
759,321556347,2024-10-19 10:19:54,2,0.1545,0.15498339,58.71,BTC-27JUN25-80000-C,68322.43,sell,0.1,0.1,,,,
760,321559397,2024-10-19 12:34:47,2,0.1535,0.15448104,58.58,BTC-27JUN25-80000-C,68221.83,sell,0.1,0.1,,,,
761,321574024,2024-10-20 00:31:54,0,0.154,0.15423874,58.6,BTC-27JUN25-80000-C,68352.37,sell,0.1,0.1,,,,
762,321588707,2024-10-20 13:18:35,0,0.1545,0.15517515,58.96,BTC-27JUN25-80000-C,68234.1,sell,0.1,0.1,,,,
763,321589141,2024-10-20 13:30:11,2,0.1535,0.15482608,58.54,BTC-27JUN25-80000-C,68270.03,sell,0.1,0.1,,,,
764,321597076,2024-10-20 15:07:53,0,0.156,0.15664916,58.67,BTC-27JUN25-80000-C,68538.56,sell,0.1,0.1,,,,
765,321603697,2024-10-20 19:33:17,1,0.156,0.1564593,58.77,BTC-27JUN25-80000-C,68490.18,sell,0.1,0.1,,,,
766,321628860,2024-10-21 00:20:03,0,0.161,0.16122286,58.61,BTC-27JUN25-80000-C,69360.21,sell,0.1,0.1,,,,
767,321631147,2024-10-21 00:33:31,2,0.1605,0.16118322,58.59,BTC-27JUN25-80000-C,69262.16,sell,0.1,0.1,,,,
768,321639374,2024-10-21 02:21:03,2,0.159,0.15976296,58.46,BTC-27JUN25-80000-C,69084.29,sell,0.1,0.1,,,,
769,321642116,2024-10-21 02:49:03,2,0.1575,0.15806346,58.5,BTC-27JUN25-80000-C,68818.07,sell,0.1,0.1,,,,
770,321644380,2024-10-21 03:13:20,2,0.1565,0.15704638,58.52,BTC-27JUN25-80000-C,68612.97,sell,0.1,0.1,,,,
771,321654591,2024-10-21 06:56:35,0,0.1585,0.15892023,58.78,BTC-27JUN25-80000-C,68864.89,sell,0.1,0.1,,,,
772,321660377,2024-10-21 07:57:38,2,0.155,0.15556197,58.39,BTC-27JUN25-80000-C,68482.0,sell,0.1,0.1,,,,
773,321677119,2024-10-21 11:00:24,2,0.1525,0.1526643,58.16,BTC-27JUN25-80000-C,68224.01,sell,0.1,0.1,,,,
774,321684390,2024-10-21 12:44:51,2,0.151,0.15129564,58.03,BTC-27JUN25-80000-C,68054.99,sell,0.1,0.1,,,,
775,321687138,2024-10-21 13:16:57,3,0.151,0.15129252,58.1,BTC-27JUN25-80000-C,68005.02,sell,0.1,0.1,,,,
776,321701878,2024-10-21 13:53:53,2,0.147,0.14655482,58.28,BTC-27JUN25-80000-C,67273.29,sell,0.1,0.1,,,,
777,321710516,2024-10-21 14:32:21,3,0.147,0.14677678,58.28,BTC-27JUN25-80000-C,67284.64,sell,0.1,0.1,,,,
778,321730498,2024-10-21 16:26:14,2,0.144,0.14412565,57.94,BTC-27JUN25-80000-C,66936.74,sell,0.1,0.1,,,,
779,321731937,2024-10-21 16:38:40,2,0.1435,0.14399059,57.69,BTC-27JUN25-80000-C,66978.1,buy,0.4,0.4,,,,
780,321812667,2024-10-22 12:18:02,0,0.145,0.14442052,57.57,BTC-27JUN25-80000-C,67304.82,sell,0.1,0.1,,,,
781,321837963,2024-10-22 15:04:30,0,0.146,0.14596249,57.5,BTC-27JUN25-80000-C,67579.46,sell,0.3,0.3,,,,
782,321919737,2024-10-23 12:20:21,2,0.1365,0.13690033,56.61,BTC-27JUN25-80000-C,66396.26,sell,1.2,1.2,,,,
783,321919740,2024-10-23 12:20:25,3,0.1365,0.13690499,56.62,BTC-27JUN25-80000-C,66394.4,sell,0.8,0.8,,,,
784,321919839,2024-10-23 12:20:36,3,0.1365,0.13677855,56.66,BTC-27JUN25-80000-C,66368.88,sell,1.8,1.8,,,,
785,322026792,2024-10-24 01:49:25,0,0.1415,0.14188639,57.0,BTC-27JUN25-80000-C,67082.9,sell,0.2,0.2,,,,
786,322302092,2024-10-25 19:54:38,2,0.1395,0.13943813,56.84,BTC-27JUN25-80000-C,66912.87,sell,0.3,0.3,,,,
787,322372539,2024-10-26 14:37:34,2,0.1335,0.13409696,55.35,BTC-27JUN25-80000-C,66728.26,sell,0.5,0.5,,,,
788,322514248,2024-10-28 14:52:20,0,0.1475,0.14730789,55.88,BTC-27JUN25-80000-C,68922.2,sell,1.0,1.0,,,,
789,322585318,2024-10-28 23:22:30,0,0.153,0.15296372,56.06,BTC-27JUN25-80000-C,69823.08,sell,0.4,0.4,,,,
790,322585974,2024-10-28 23:27:33,2,0.1525,0.15279329,55.98,BTC-27JUN25-80000-C,69777.85,sell,0.2,0.2,,,,
791,322632705,2024-10-29 05:20:22,0,0.159,0.15890207,56.05,BTC-27JUN25-80000-C,70865.06,sell,0.4,0.4,,,,
792,322633245,2024-10-29 05:26:51,2,0.1585,0.15924449,55.88,BTC-27JUN25-80000-C,70876.57,sell,1.0,1.0,,,,
793,322653701,2024-10-29 09:29:12,0,0.1625,0.16179535,56.29,BTC-27JUN25-80000-C,71271.13,buy,0.7,0.7,,,,
794,322653702,2024-10-29 09:29:12,1,0.1625,0.16179535,56.29,BTC-27JUN25-80000-C,71271.13,sell,1.3,1.3,,,,
795,322654810,2024-10-29 09:42:35,2,0.162,0.16222495,56.29,BTC-27JUN25-80000-C,71180.72,sell,0.3,0.3,,,,
796,322655202,2024-10-29 09:49:13,3,0.162,0.16233876,56.32,BTC-27JUN25-80000-C,71161.93,sell,0.2,0.2,,,,
797,322655203,2024-10-29 09:49:23,3,0.162,0.16228902,56.32,BTC-27JUN25-80000-C,71149.44,sell,0.3,0.3,,,,
798,322655204,2024-10-29 09:49:25,3,0.162,0.16228199,56.32,BTC-27JUN25-80000-C,71147.78,sell,0.1,0.1,,,,
799,322655213,2024-10-29 09:49:46,3,0.162,0.1622882,56.32,BTC-27JUN25-80000-C,71148.29,sell,0.1,0.1,,,,
800,322656523,2024-10-29 10:02:05,0,0.163,0.16249589,56.4,BTC-27JUN25-80000-C,71254.89,buy,1.6,1.6,,,,
801,322656524,2024-10-29 10:02:05,1,0.163,0.16249589,56.4,BTC-27JUN25-80000-C,71254.89,sell,0.4,0.4,,,,
802,322657480,2024-10-29 10:10:18,2,0.1625,0.16248128,56.35,BTC-27JUN25-80000-C,71205.46,sell,0.3,0.3,,,,
803,322659812,2024-10-29 10:35:15,2,0.1615,0.16154001,56.38,BTC-27JUN25-80000-C,71056.5,sell,0.2,0.2,,,,
804,322659825,2024-10-29 10:35:16,3,0.1615,0.16154051,56.38,BTC-27JUN25-80000-C,71054.52,sell,0.1,0.1,,,,
805,322667407,2024-10-29 11:59:26,0,0.163,0.16256898,56.19,BTC-27JUN25-80000-C,71417.5,sell,0.2,0.2,,,,
806,322667544,2024-10-29 12:01:38,2,0.1625,0.16231753,56.14,BTC-27JUN25-80000-C,71367.2,sell,0.3,0.3,,,,
807,322668141,2024-10-29 12:09:59,3,0.1625,0.16233381,56.05,BTC-27JUN25-80000-C,71413.98,sell,0.1,0.1,,,,
808,322668169,2024-10-29 12:10:01,3,0.1625,0.16232166,56.06,BTC-27JUN25-80000-C,71408.24,sell,0.2,0.2,,,,
809,322672303,2024-10-29 12:50:48,2,0.161,0.16110568,56.07,BTC-27JUN25-80000-C,71125.51,sell,0.2,0.2,,,,
810,322709125,2024-10-29 15:27:03,0,0.1665,0.16656464,56.27,BTC-27JUN25-80000-C,72055.58,sell,0.1,0.1,,,,
811,322713109,2024-10-29 15:43:19,0,0.167,0.16705262,56.3,BTC-27JUN25-80000-C,72118.95,sell,0.2,0.2,,,,
812,322713132,2024-10-29 15:43:22,1,0.167,0.16699539,56.31,BTC-27JUN25-80000-C,72112.05,sell,0.1,0.1,,,,
813,322734952,2024-10-29 16:47:14,0,0.1715,0.17126776,56.53,BTC-27JUN25-80000-C,72815.18,sell,0.1,0.1,,,,
814,322770940,2024-10-29 19:19:29,0,0.1745,0.17414552,56.63,BTC-27JUN25-80000-C,73341.62,sell,0.1,0.1,,,,
815,322778933,2024-10-29 19:39:46,2,0.172,0.1720631,56.57,BTC-27JUN25-80000-C,72938.12,sell,0.4,0.4,,,,
816,322778950,2024-10-29 19:39:47,3,0.172,0.17200654,56.61,BTC-27JUN25-80000-C,72938.12,sell,0.1,0.1,,,,
817,322824152,2024-10-30 03:55:37,2,0.1665,0.16746621,55.95,BTC-27JUN25-80000-C,72162.17,sell,2.4,2.4,,,,
818,322824196,2024-10-30 03:56:01,3,0.1665,0.16759209,55.9,BTC-27JUN25-80000-C,72188.66,sell,0.6,0.6,,,,
819,322882438,2024-10-30 14:20:51,2,0.1655,0.16547738,55.45,BTC-27JUN25-80000-C,72190.16,sell,0.6,0.6,,,,
820,322892299,2024-10-30 15:17:54,2,0.165,0.16514511,55.7,BTC-27JUN25-80000-C,71980.62,buy,0.6,0.6,,,,
821,322913715,2024-10-30 18:37:08,3,0.165,0.16511815,55.68,BTC-27JUN25-80000-C,72048.37,sell,0.6,0.6,,,,
822,322942995,2024-10-30 22:05:44,0,0.166,0.16670271,55.71,BTC-27JUN25-80000-C,72256.86,sell,0.9,0.9,,,,
823,322942996,2024-10-30 22:05:44,1,0.166,0.16670271,55.71,BTC-27JUN25-80000-C,72256.86,buy,4.1,4.1,,,,
824,322942997,2024-10-30 22:05:49,1,0.166,0.16673723,55.7,BTC-27JUN25-80000-C,72261.39,buy,5.0,5.0,,,,
825,322942998,2024-10-30 22:05:50,1,0.166,0.16674796,55.7,BTC-27JUN25-80000-C,72261.1,buy,5.0,5.0,,,,
826,322943012,2024-10-30 22:05:51,1,0.166,0.16675072,55.7,BTC-27JUN25-80000-C,72260.98,buy,1.7,1.7,,,,
827,322952853,2024-10-31 01:24:03,2,0.1645,0.16466836,55.27,BTC-27JUN25-80000-C,72274.14,sell,0.3,0.3,,,,
828,322961047,2024-10-31 03:24:36,0,0.166,0.16622112,55.6,BTC-27JUN25-80000-C,72402.0,sell,0.5,0.5,,,,
829,322982090,2024-10-31 09:43:44,1,0.166,0.16477796,55.79,BTC-27JUN25-80000-C,72344.05,buy,1.8,1.8,,,,
830,322991730,2024-10-31 12:02:19,2,0.1655,0.1662323,55.74,BTC-27JUN25-80000-C,72239.71,sell,0.5,0.5,,,,
831,322991731,2024-10-31 12:02:19,3,0.1655,0.1662323,55.74,BTC-27JUN25-80000-C,72239.71,sell,0.5,0.5,,,,
832,323010039,2024-10-31 14:04:33,2,0.158,0.15817709,55.73,BTC-27JUN25-80000-C,70879.82,sell,0.6,0.6,,,,
833,323019668,2024-10-31 14:45:45,3,0.158,0.15789129,56.02,BTC-27JUN25-80000-C,70765.23,sell,0.2,0.2,,,,
834,323019703,2024-10-31 14:45:46,3,0.158,0.15789129,56.02,BTC-27JUN25-80000-C,70765.23,sell,0.4,0.4,,,,
835,323028613,2024-10-31 15:14:41,3,0.158,0.15817957,55.92,BTC-27JUN25-80000-C,70763.21,sell,0.6,0.6,,,,
836,323145451,2024-11-01 03:09:39,2,0.149,0.14859853,55.56,BTC-27JUN25-80000-C,69542.44,buy,10.0,10.0,,,,
837,323145622,2024-11-01 03:10:34,2,0.148,0.14837042,55.26,BTC-27JUN25-80000-C,69535.53,buy,10.0,10.0,,,,
838,323183541,2024-11-01 07:34:24,2,0.1445,0.14324807,54.81,BTC-27JUN25-80000-C,69215.98,buy,1.8,1.8,,,,
839,323183542,2024-11-01 07:34:24,0,0.145,0.14324807,54.97,BTC-27JUN25-80000-C,69215.98,buy,1.2,1.2,,,,
840,323203506,2024-11-01 08:50:29,0,0.1455,0.14503163,54.79,BTC-27JUN25-80000-C,69404.11,sell,0.1,0.1,,,,
841,323257985,2024-11-01 14:43:40,0,0.1575,0.15707715,55.02,BTC-27JUN25-80000-C,71230.45,sell,0.1,0.1,,,,
842,323257986,2024-11-01 14:43:40,1,0.1575,0.15707715,55.02,BTC-27JUN25-80000-C,71230.45,sell,0.1,0.1,,,,
843,323258149,2024-11-01 14:44:00,1,0.1575,0.15658101,55.2,BTC-27JUN25-80000-C,71125.92,sell,0.1,0.1,,,,
844,323258645,2024-11-01 14:45:15,1,0.1575,0.15710189,55.06,BTC-27JUN25-80000-C,71210.48,sell,0.1,0.1,,,,
845,323271136,2024-11-01 15:37:23,2,0.1545,0.15435477,55.63,BTC-27JUN25-80000-C,70375.0,sell,0.1,0.1,,,,
846,323273774,2024-11-01 15:41:58,2,0.1515,0.15079455,55.78,BTC-27JUN25-80000-C,69783.47,buy,0.4,0.4,,,,
847,323310627,2024-11-01 18:18:13,2,0.1475,0.14844823,55.13,BTC-27JUN25-80000-C,69510.86,buy,0.1,0.1,,,,
848,323447409,2024-11-03 04:38:13,2,0.1395,0.13931444,55.3,BTC-27JUN25-80000-C,68631.02,sell,0.1,0.1,,,,
849,323482191,2024-11-03 14:29:52,2,0.138,0.13788341,56.31,BTC-27JUN25-80000-C,67725.12,sell,1.0,1.0,,,,
850,323547364,2024-11-04 01:30:27,0,0.145,0.14326861,56.59,BTC-27JUN25-80000-C,68824.73,buy,3.0,3.0,,,,
851,323589705,2024-11-04 09:35:47,2,0.144,0.14303959,56.99,BTC-27JUN25-80000-C,68443.39,sell,1.0,1.0,,,,
852,323590066,2024-11-04 09:39:29,0,0.145,0.14376754,57.12,BTC-27JUN25-80000-C,68523.09,buy,1.2,1.2,,,,
853,323590067,2024-11-04 09:39:29,1,0.145,0.14376754,57.12,BTC-27JUN25-80000-C,68523.09,buy,1.6,1.6,,,,
854,323590068,2024-11-04 09:39:29,1,0.145,0.14376754,57.12,BTC-27JUN25-80000-C,68523.09,sell,0.2,0.2,,,,
855,323611862,2024-11-04 14:00:51,2,0.144,0.14360392,56.67,BTC-27JUN25-80000-C,68547.23,sell,0.5,0.5,,,,
856,323622954,2024-11-04 15:10:10,2,0.143,0.14226544,56.69,BTC-27JUN25-80000-C,68349.48,sell,2.0,2.0,,,,M
857,323623122,2024-11-04 15:11:31,0,0.1435,0.14230701,56.85,BTC-27JUN25-80000-C,68350.21,buy,2.8,2.8,,,,
858,323623123,2024-11-04 15:11:31,1,0.1435,0.14230701,56.85,BTC-27JUN25-80000-C,68350.21,sell,0.2,0.2,,,,
859,323685280,2024-11-04 21:44:00,2,0.1345,0.1340963,56.92,BTC-27JUN25-80000-C,66954.71,buy,3.1,3.1,,,,
860,323685539,2024-11-04 21:44:40,3,0.1345,0.13403639,56.95,BTC-27JUN25-80000-C,66938.7,buy,0.6,0.6,,,,
861,323687007,2024-11-04 21:49:09,0,0.1355,0.13458177,57.1,BTC-27JUN25-80000-C,67046.85,buy,0.5,0.5,,,,
862,323706899,2024-11-05 00:28:32,0,0.142,0.14179928,57.34,BTC-27JUN25-80000-C,68014.36,sell,1.0,1.0,,,,
863,323706900,2024-11-05 00:28:32,1,0.142,0.14179928,57.34,BTC-27JUN25-80000-C,68014.36,sell,0.5,0.5,,,,
864,323707340,2024-11-05 00:32:14,2,0.1415,0.14197517,57.21,BTC-27JUN25-80000-C,67996.54,sell,1.0,1.0,,,,
865,323707341,2024-11-05 00:32:14,3,0.1415,0.14197517,57.21,BTC-27JUN25-80000-C,67996.54,sell,2.2,2.2,,,,
866,323710086,2024-11-05 01:16:07,2,0.141,0.1416958,57.13,BTC-27JUN25-80000-C,67952.61,sell,1.0,1.0,,,,
867,323710087,2024-11-05 01:16:07,3,0.141,0.1416958,57.13,BTC-27JUN25-80000-C,67952.61,sell,2.7,2.7,,,,
868,323749762,2024-11-05 09:24:31,0,0.145,0.14505126,56.84,BTC-27JUN25-80000-C,68805.78,sell,0.1,0.1,,,,
869,323749763,2024-11-05 09:24:31,1,0.145,0.14505126,56.84,BTC-27JUN25-80000-C,68805.78,sell,3.0,3.0,,,,
870,323839529,2024-11-05 19:57:53,2,0.1435,0.14350146,56.29,BTC-27JUN25-80000-C,68938.68,sell,0.1,0.1,,,,
871,323930116,2024-11-06 02:29:12,0,0.159,0.16006692,55.0,BTC-27JUN25-80000-C,72416.78,sell,1.1,1.1,,,,
872,323940394,2024-11-06 02:43:12,0,0.161,0.16119794,55.28,BTC-27JUN25-80000-C,72637.47,sell,2.0,2.0,,,,
873,323986042,2024-11-06 03:24:12,0,0.166,0.16678243,54.98,BTC-27JUN25-80000-C,73757.08,sell,0.8,0.8,,,,
874,323996948,2024-11-06 03:39:48,0,0.1695,0.17097759,54.79,BTC-27JUN25-80000-C,74369.01,sell,0.6,0.6,,,,
875,323997725,2024-11-06 03:40:25,2,0.169,0.17035888,54.82,BTC-27JUN25-80000-C,74259.72,sell,0.6,0.6,,,,
876,323998061,2024-11-06 03:40:46,2,0.1685,0.16974582,54.9,BTC-27JUN25-80000-C,74131.86,sell,0.5,0.5,,,,
877,324003854,2024-11-06 03:55:25,2,0.1675,0.16929215,54.49,BTC-27JUN25-80000-C,74251.9,sell,0.7,0.7,,,,
878,324004305,2024-11-06 03:56:39,3,0.1675,0.16928592,54.46,BTC-27JUN25-80000-C,74266.41,sell,4.0,4.0,,,,
879,324008290,2024-11-06 04:04:05,2,0.1665,0.16815353,54.23,BTC-27JUN25-80000-C,74204.82,sell,0.4,0.4,,,,
880,324010347,2024-11-06 04:08:35,2,0.166,0.16743007,54.25,BTC-27JUN25-80000-C,74102.63,sell,0.4,0.4,,,,
881,324056262,2024-11-06 06:05:11,0,0.1725,0.17273536,54.82,BTC-27JUN25-80000-C,75008.35,buy,0.1,0.1,,,,
882,324157794,2024-11-06 10:14:55,2,0.167,0.16684218,55.64,BTC-27JUN25-80000-C,73512.97,sell,0.1,0.1,,,,
883,324166340,2024-11-06 11:15:07,0,0.1675,0.16825981,55.23,BTC-27JUN25-80000-C,73856.12,sell,4.0,4.0,,,,
884,324170168,2024-11-06 11:28:05,0,0.17,0.1700471,55.39,BTC-27JUN25-80000-C,74249.03,buy,0.1,0.1,,,,
885,324312692,2024-11-06 21:28:13,0,0.179,0.17983872,55.37,BTC-27JUN25-80000-C,75900.79,buy,1.0,1.0,,,,
886,324384840,2024-11-07 07:04:13,2,0.1725,0.17210199,54.94,BTC-27JUN25-80000-C,74783.81,sell,0.4,0.4,,,,
887,324389840,2024-11-07 07:36:23,0,0.1735,0.17355185,55.08,BTC-27JUN25-80000-C,74862.2,sell,0.4,0.4,,,,
888,324390159,2024-11-07 07:39:11,1,0.1735,0.1737216,55.02,BTC-27JUN25-80000-C,74878.95,sell,0.5,0.5,,,,
889,324392104,2024-11-07 07:48:19,0,0.174,0.17404537,55.11,BTC-27JUN25-80000-C,74943.44,sell,0.4,0.4,,,,
890,324393145,2024-11-07 07:53:11,2,0.1735,0.17387176,55.01,BTC-27JUN25-80000-C,74898.02,sell,0.4,0.4,,,,
891,324425380,2024-11-07 13:17:54,2,0.173,0.1732292,54.68,BTC-27JUN25-80000-C,74950.91,sell,0.5,0.5,,,,
892,324441994,2024-11-07 15:05:37,2,0.1715,0.17223689,54.34,BTC-27JUN25-80000-C,74933.24,sell,0.1,0.1,,,,
893,324479881,2024-11-07 17:26:34,0,0.1815,0.18247019,54.62,BTC-27JUN25-80000-C,76347.16,sell,2.6,2.6,,,,
894,324486275,2024-11-07 17:54:50,2,0.181,0.18248416,54.25,BTC-27JUN25-80000-C,76453.26,sell,6.0,6.0,,,,
895,324487432,2024-11-07 17:58:33,3,0.181,0.18204179,54.31,BTC-27JUN25-80000-C,76443.91,sell,2.5,2.5,,,,
896,324487435,2024-11-07 17:58:33,3,0.181,0.18204179,54.31,BTC-27JUN25-80000-C,76443.91,sell,1.4,1.4,,,,
897,324650986,2024-11-08 09:18:16,2,0.178,0.17774771,54.0,BTC-27JUN25-80000-C,76071.24,sell,0.4,0.4,,,,
898,324651802,2024-11-08 09:22:37,3,0.178,0.17791813,53.93,BTC-27JUN25-80000-C,76122.41,sell,0.2,0.2,,,,
899,324651867,2024-11-08 09:22:56,3,0.178,0.17784605,53.96,BTC-27JUN25-80000-C,76112.48,sell,0.3,0.3,,,,
900,324668310,2024-11-08 11:43:47,2,0.1755,0.17538136,53.09,BTC-27JUN25-80000-C,76203.53,sell,0.3,0.3,,,,
901,324820905,2024-11-09 17:16:53,2,0.175,0.17477103,53.6,BTC-27JUN25-80000-C,75813.22,sell,0.2,0.2,,,,
902,324858424,2024-11-10 02:45:28,0,0.1845,0.18417786,53.65,BTC-27JUN25-80000-C,77435.76,sell,0.1,0.1,,,,
903,324859153,2024-11-10 02:49:29,1,0.1845,0.18406602,53.7,BTC-27JUN25-80000-C,77398.42,sell,0.1,0.1,,,,
904,324859312,2024-11-10 02:51:29,2,0.184,0.18393156,53.59,BTC-27JUN25-80000-C,77369.07,sell,0.1,0.1,,,,
905,324859339,2024-11-10 02:52:08,0,0.1845,0.18419056,53.68,BTC-27JUN25-80000-C,77408.14,sell,0.1,0.1,,,,
906,324929695,2024-11-10 06:04:43,0,0.195,0.19545502,53.9,BTC-27JUN25-80000-C,78986.14,sell,0.5,0.5,,,,
907,324930238,2024-11-10 06:06:54,1,0.195,0.19554919,53.77,BTC-27JUN25-80000-C,79051.05,buy,0.1,0.1,,,,
908,324935802,2024-11-10 06:27:34,0,0.1955,0.19566256,53.53,BTC-27JUN25-80000-C,79061.85,buy,0.1,0.1,,,,
909,324936582,2024-11-10 06:32:12,2,0.1945,0.19422182,53.59,BTC-27JUN25-80000-C,78866.05,sell,1.0,1.0,,,,
910,324938826,2024-11-10 06:44:35,2,0.194,0.19376303,53.72,BTC-27JUN25-80000-C,78744.05,sell,1.0,1.0,,,,
911,324958557,2024-11-10 08:46:06,2,0.192,0.19250139,52.77,BTC-27JUN25-80000-C,79025.9,buy,1.0,1.0,,,,
912,324965154,2024-11-10 09:34:11,0,0.194,0.19541229,52.73,BTC-27JUN25-80000-C,79393.41,buy,1.0,1.0,,,,
913,324976009,2024-11-10 10:45:04,1,0.194,0.19577993,52.48,BTC-27JUN25-80000-C,79492.87,buy,1.0,1.0,,,,
914,324996802,2024-11-10 12:09:14,0,0.196,0.19636937,52.88,BTC-27JUN25-80000-C,79646.05,sell,0.3,0.3,,,,
915,325121061,2024-11-10 23:00:13,0,0.202,0.20232508,52.86,BTC-27JUN25-80000-C,80644.7,sell,0.2,0.2,,,,
916,325217274,2024-11-11 07:16:13,2,0.2,0.20000386,51.63,BTC-27JUN25-80000-C,81026.53,sell,1.0,1.0,,,,
917,325265932,2024-11-11 10:41:40,0,0.2055,0.20517192,51.42,BTC-27JUN25-80000-C,82068.25,sell,0.2,0.2,,,,
918,325347521,2024-11-11 15:40:40,0,0.218,0.2187428,51.94,BTC-27JUN25-80000-C,83946.2,sell,9.0,9.0,,,,
919,325580358,2024-11-11 23:47:11,0,0.2525,0.25206067,55.04,BTC-27JUN25-80000-C,88760.46,buy,0.2,0.2,,,,
920,325582456,2024-11-11 23:51:02,1,0.2525,0.25270587,54.81,BTC-27JUN25-80000-C,88826.19,buy,0.1,0.1,,,,
921,325625938,2024-11-12 01:12:10,0,0.256,0.25624321,54.99,BTC-27JUN25-80000-C,89351.29,sell,0.4,0.4,,,,
922,325663070,2024-11-12 03:33:11,2,0.2455,0.24617025,54.21,BTC-27JUN25-80000-C,87822.16,buy,1.5,1.5,,,,
923,325669191,2024-11-12 03:57:01,0,0.249,0.24891036,54.46,BTC-27JUN25-80000-C,88284.95,sell,0.9,0.9,,,,
924,325669192,2024-11-12 03:57:01,1,0.249,0.24891036,54.46,BTC-27JUN25-80000-C,88284.95,sell,0.1,0.1,,,,
925,325670310,2024-11-12 04:00:01,2,0.2485,0.2483799,54.45,BTC-27JUN25-80000-C,88193.63,sell,0.5,0.5,,,,
926,325673668,2024-11-12 04:11:06,2,0.247,0.24656679,54.57,BTC-27JUN25-80000-C,87896.21,sell,0.3,0.3,,,,
927,325702585,2024-11-12 06:22:44,0,0.25,0.25033826,54.39,BTC-27JUN25-80000-C,88449.77,buy,0.1,0.1,,,,
928,325702589,2024-11-12 06:22:46,1,0.25,0.2503613,54.33,BTC-27JUN25-80000-C,88477.23,buy,0.5,0.5,,,,
929,325702595,2024-11-12 06:22:47,1,0.25,0.2503613,54.33,BTC-27JUN25-80000-C,88477.23,buy,0.4,0.4,,,,
930,325775748,2024-11-12 09:58:55,2,0.2475,0.24662319,54.79,BTC-27JUN25-80000-C,87888.48,buy,0.7,0.7,,,,
931,325775749,2024-11-12 09:58:55,3,0.2475,0.24662319,54.79,BTC-27JUN25-80000-C,87888.48,buy,0.7,0.7,,,,
932,325829543,2024-11-12 11:06:36,2,0.243,0.24430786,53.77,BTC-27JUN25-80000-C,87418.87,sell,3.2,3.2,,,,
933,325864760,2024-11-12 12:11:06,0,0.246,0.24743495,54.03,BTC-27JUN25-80000-C,87800.1,sell,1.0,1.0,,,,
934,325937079,2024-11-12 14:37:20,2,0.236,0.2353358,54.57,BTC-27JUN25-80000-C,85904.25,sell,1.0,1.0,,,,
935,326032842,2024-11-12 18:41:48,0,0.249,0.25007113,53.97,BTC-27JUN25-80000-C,88622.38,sell,1.0,1.0,,,,
936,326035939,2024-11-12 18:52:26,0,0.25,0.25057992,54.11,BTC-27JUN25-80000-C,88745.28,sell,1.0,1.0,,,,
937,326035943,2024-11-12 18:52:27,1,0.25,0.25062191,54.1,BTC-27JUN25-80000-C,88750.78,sell,1.0,1.0,,,,
938,326109751,2024-11-12 21:47:02,1,0.25,0.24940749,55.12,BTC-27JUN25-80000-C,88479.68,buy,2.5,2.5,,,,
939,326119268,2024-11-12 22:13:20,2,0.246,0.2454341,54.76,BTC-27JUN25-80000-C,88013.21,buy,1.0,1.0,,,,
940,326174671,2024-11-13 02:42:24,2,0.242,0.24195455,54.02,BTC-27JUN25-80000-C,87717.77,buy,0.2,0.2,,,,
941,326195470,2024-11-13 04:07:25,3,0.242,0.24226841,54.19,BTC-27JUN25-80000-C,87594.41,buy,0.5,0.5,,,,
942,326215077,2024-11-13 05:27:44,2,0.241,0.24196587,54.21,BTC-27JUN25-80000-C,87385.02,buy,1.0,1.0,,,,
943,326287095,2024-11-13 13:08:27,0,0.2425,0.24264315,54.0,BTC-27JUN25-80000-C,87815.2,sell,0.5,0.5,,,,
944,326460219,2024-11-13 17:21:22,0,0.2755,0.27512985,56.18,BTC-27JUN25-80000-C,92532.77,sell,0.5,0.5,,,,
945,326512067,2024-11-13 19:23:53,2,0.2695,0.2670394,56.84,BTC-27JUN25-80000-C,91281.81,buy,2.3,2.3,,,,
