trade_seq,trade_id,timestamp,tick_direction,price,mark_price,iv,instrument_name,index_price,direction,contracts,amount,liquidation,block_trade_id,combo_trade_id,combo_id
1,294419692,2024-03-28 10:01:34,1,0.2585,0.25963441,84.26,BTC-28MAR25-100000-C,70574.0,sell,0.1,0.1,,,,
2,294420339,2024-03-28 10:10:14,2,0.2555,0.25787617,83.42,BTC-28MAR25-100000-C,70626.55,sell,0.1,0.1,,,,
3,294421513,2024-03-28 10:23:02,2,0.2525,0.25788623,82.93,BTC-28MAR25-100000-C,70448.28,sell,0.1,0.1,,,,
4,294428763,2024-03-28 11:39:26,2,0.252,0.25663155,82.3,BTC-28MAR25-100000-C,70673.82,sell,0.1,0.1,,,,
5,294428764,2024-03-28 11:39:26,3,0.252,0.25663155,82.3,BTC-28MAR25-100000-C,70673.82,sell,0.2,0.2,,,,
6,294428971,2024-03-28 11:40:46,2,0.25,0.25582443,81.91,BTC-28MAR25-100000-C,70575.08,sell,2.0,2.0,,,,
7,294428977,2024-03-28 11:40:49,2,0.2495,0.25578739,81.8,BTC-28MAR25-100000-C,70571.77,sell,0.6,0.6,,,,
8,294434085,2024-03-28 12:28:13,2,0.2475,0.25420659,81.5,BTC-28MAR25-100000-C,70542.63,sell,0.1,0.1,,,,
9,294434086,2024-03-28 12:28:13,3,0.2475,0.25420659,81.5,BTC-28MAR25-100000-C,70542.63,sell,1.8,1.8,,,,
10,294434087,2024-03-28 12:28:13,3,0.2475,0.25420659,81.5,BTC-28MAR25-100000-C,70542.63,sell,3.0,3.0,,,,
11,294522030,2024-03-29 00:20:02,0,0.255,0.25169153,83.11,BTC-28MAR25-100000-C,70732.44,buy,0.1,0.1,,,,
12,294569949,2024-03-29 08:01:22,2,0.2475,0.27227496,82.26,BTC-28MAR25-100000-C,69864.1,sell,0.1,0.1,,,,
13,294577438,2024-03-29 08:24:55,2,0.2435,0.27017256,81.37,BTC-28MAR25-100000-C,69844.87,sell,0.1,0.1,,,,
14,294587963,2024-03-29 09:04:27,3,0.2435,0.25061049,81.32,BTC-28MAR25-100000-C,70029.85,sell,1.0,1.0,,,,
15,294590903,2024-03-29 09:11:08,0,0.244,0.24735172,81.44,BTC-28MAR25-100000-C,69954.61,buy,0.1,0.1,,,,
16,294664062,2024-03-29 20:36:46,0,0.2565,0.24925462,84.68,BTC-28MAR25-100000-C,69665.86,buy,5.0,5.0,,,,
17,294664063,2024-03-29 20:36:46,1,0.2565,0.24925462,84.68,BTC-28MAR25-100000-C,69665.86,buy,1.8,1.8,,,,
18,294664064,2024-03-29 20:36:46,1,0.2565,0.24925462,84.68,BTC-28MAR25-100000-C,69665.86,sell,3.2,3.2,,,,
19,294672263,2024-03-29 23:53:16,2,0.25,0.24988623,82.83,BTC-28MAR25-100000-C,69956.19,sell,0.1,0.1,,,,
20,294687696,2024-03-30 06:15:51,2,0.247,0.24629418,81.85,BTC-28MAR25-100000-C,70038.15,buy,0.6,0.6,,,,
21,294715500,2024-03-30 18:27:21,0,0.253,0.25185702,83.28,BTC-28MAR25-100000-C,70018.53,sell,4.4,4.4,,,,
22,294715600,2024-03-30 18:31:01,1,0.253,0.25187933,83.28,BTC-28MAR25-100000-C,70025.33,sell,5.8,5.8,,,,
23,294715625,2024-03-30 18:31:18,1,0.253,0.25206729,83.27,BTC-28MAR25-100000-C,70029.95,sell,0.1,0.1,,,,
24,294747726,2024-03-31 07:49:35,0,0.2645,0.26668617,85.76,BTC-28MAR25-100000-C,70329.64,buy,1.0,1.0,,,,
25,294768084,2024-03-31 14:01:15,2,0.2605,0.26341597,84.41,BTC-28MAR25-100000-C,70570.94,sell,0.3,0.3,,,,
26,294772200,2024-03-31 15:23:32,2,0.26,0.26276328,84.43,BTC-28MAR25-100000-C,70379.73,sell,0.1,0.1,,,,
27,294787006,2024-03-31 19:05:47,0,0.263,0.26308123,84.75,BTC-28MAR25-100000-C,70746.78,sell,0.2,0.2,,,,
28,294827082,2024-04-01 03:29:10,2,0.2595,0.26215101,83.96,BTC-28MAR25-100000-C,70617.16,sell,0.3,0.3,,,,
29,294830752,2024-04-01 04:52:11,2,0.253,0.2576735,82.59,BTC-28MAR25-100000-C,70493.62,sell,1.6,1.6,,,,
30,294853199,2024-04-01 07:27:15,2,0.243,0.25041527,81.18,BTC-28MAR25-100000-C,69715.06,sell,0.5,0.5,,,,
31,294867279,2024-04-01 09:51:20,0,0.253,0.25020315,84.07,BTC-28MAR25-100000-C,69559.48,sell,0.1,0.1,,,,
32,294874046,2024-04-01 11:22:20,2,0.252,0.25040813,83.63,BTC-28MAR25-100000-C,69664.97,buy,0.5,0.5,,,,
33,294874110,2024-04-01 11:24:59,3,0.252,0.25033843,83.65,BTC-28MAR25-100000-C,69650.88,buy,1.0,1.0,,,,
34,294874162,2024-04-01 11:26:47,3,0.252,0.25046583,83.67,BTC-28MAR25-100000-C,69630.33,buy,1.0,1.0,,,,
35,294875471,2024-04-01 11:53:05,2,0.25,0.24945319,83.31,BTC-28MAR25-100000-C,69524.25,buy,1.0,1.0,,,,
36,294930096,2024-04-01 17:37:19,2,0.2425,0.24578801,83.02,BTC-28MAR25-100000-C,68341.07,sell,0.1,0.1,,,,
37,294936201,2024-04-01 18:30:42,2,0.24,0.24429181,81.99,BTC-28MAR25-100000-C,68774.63,buy,0.1,0.1,,,,
38,294937268,2024-04-01 18:43:19,3,0.24,0.24391856,82.0,BTC-28MAR25-100000-C,68788.74,buy,0.9,0.9,,,,
39,295054503,2024-04-02 07:22:26,0,0.241,0.24079079,84.69,BTC-28MAR25-100000-C,66871.36,sell,0.1,0.1,,,,
40,295054510,2024-04-02 07:22:38,2,0.2405,0.24077618,84.56,BTC-28MAR25-100000-C,66867.73,sell,0.1,0.1,,,,
41,295056879,2024-04-02 07:38:53,2,0.2375,0.23993005,84.12,BTC-28MAR25-100000-C,66546.8,sell,0.1,0.1,,,,
42,295063137,2024-04-02 08:02:49,2,0.236,0.23817827,83.68,BTC-28MAR25-100000-C,66629.13,sell,0.1,0.1,,,,
43,295085140,2024-04-02 10:02:19,2,0.234,0.23643883,83.78,BTC-28MAR25-100000-C,66068.18,sell,0.1,0.1,,,,
44,295085198,2024-04-02 10:02:51,2,0.2335,0.23630115,83.69,BTC-28MAR25-100000-C,66045.17,sell,0.5,0.5,,,,
45,295085558,2024-04-02 10:04:24,2,0.2325,0.23600124,83.51,BTC-28MAR25-100000-C,65980.04,sell,0.1,0.1,,,,
46,295088996,2024-04-02 10:22:23,0,0.235,0.23620093,83.94,BTC-28MAR25-100000-C,66232.51,sell,0.4,0.4,,,,
47,295090845,2024-04-02 10:41:26,2,0.232,0.23468886,83.44,BTC-28MAR25-100000-C,65951.87,sell,0.1,0.1,,,,
48,295102955,2024-04-02 11:26:32,2,0.23,0.23201916,83.75,BTC-28MAR25-100000-C,65297.58,sell,0.1,0.1,,,,
49,295102956,2024-04-02 11:26:32,3,0.23,0.23201916,83.75,BTC-28MAR25-100000-C,65297.58,sell,0.1,0.1,,,,
50,295102957,2024-04-02 11:26:32,3,0.23,0.23201916,83.75,BTC-28MAR25-100000-C,65297.58,sell,1.3,1.3,,,,
51,295103011,2024-04-02 11:27:06,3,0.23,0.23061959,83.72,BTC-28MAR25-100000-C,65327.4,buy,8.5,8.5,,,,
52,295112005,2024-04-02 12:07:29,2,0.229,0.22946908,83.23,BTC-28MAR25-100000-C,65591.07,buy,5.0,5.0,,,,
53,295113355,2024-04-02 12:18:06,3,0.229,0.22954821,82.93,BTC-28MAR25-100000-C,65797.27,buy,2.0,2.0,,,,
54,295113381,2024-04-02 12:18:15,3,0.229,0.22959146,82.92,BTC-28MAR25-100000-C,65805.53,buy,3.0,3.0,,,,
55,295115788,2024-04-02 12:38:35,0,0.23,0.22897647,83.21,BTC-28MAR25-100000-C,65728.48,buy,5.0,5.0,,,,
56,295122507,2024-04-02 13:17:19,2,0.228,0.22869817,83.31,BTC-28MAR25-100000-C,65171.7,sell,0.1,0.1,,,,
57,295134201,2024-04-02 13:45:01,2,0.2275,0.22938347,83.38,BTC-28MAR25-100000-C,65038.99,sell,0.1,0.1,,,,
58,295134202,2024-04-02 13:45:01,3,0.2275,0.22938347,83.38,BTC-28MAR25-100000-C,65038.99,sell,2.0,2.0,,,,
59,295144495,2024-04-02 14:30:57,0,0.23,0.22933524,82.83,BTC-28MAR25-100000-C,66055.07,buy,5.0,5.0,,,,
60,295144851,2024-04-02 14:31:44,0,0.232,0.22944602,83.31,BTC-28MAR25-100000-C,66077.16,buy,2.0,2.0,,,,
61,295145567,2024-04-02 14:33:01,1,0.232,0.23002488,83.17,BTC-28MAR25-100000-C,66184.13,buy,8.0,8.0,,,,
62,295200108,2024-04-02 20:50:35,2,0.23,0.23335263,83.14,BTC-28MAR25-100000-C,65791.11,buy,3.9,3.9,,,,
63,295265051,2024-04-03 09:41:49,0,0.2335,0.23474541,83.14,BTC-28MAR25-100000-C,66475.01,sell,0.5,0.5,,,,
64,295294249,2024-04-03 14:07:36,0,0.2375,0.233765,84.14,BTC-28MAR25-100000-C,66747.03,buy,0.5,0.5,,,,
65,295363138,2024-04-04 02:36:19,2,0.233,0.22899935,84.31,BTC-28MAR25-100000-C,65682.91,buy,0.1,0.1,,,,
66,295387479,2024-04-04 08:29:59,2,0.2305,0.23077928,82.91,BTC-28MAR25-100000-C,66306.52,sell,0.3,0.3,,,,
67,295392237,2024-04-04 09:28:44,3,0.2305,0.23001868,82.98,BTC-28MAR25-100000-C,66255.96,sell,0.5,0.5,,,,
68,295393787,2024-04-04 10:01:16,2,0.228,0.23037742,82.37,BTC-28MAR25-100000-C,66264.63,sell,2.0,2.0,,,,
69,295393788,2024-04-04 10:01:16,3,0.228,0.23037742,82.37,BTC-28MAR25-100000-C,66264.63,sell,3.0,3.0,,,,
70,295435296,2024-04-04 15:02:27,0,0.2385,0.23850389,82.89,BTC-28MAR25-100000-C,67666.75,sell,0.3,0.3,,,,
71,295461059,2024-04-04 18:02:12,0,0.245,0.24276967,83.15,BTC-28MAR25-100000-C,69226.37,sell,1.0,1.0,,,,
72,295466353,2024-04-04 18:19:42,2,0.2435,0.24260253,83.05,BTC-28MAR25-100000-C,69037.69,sell,0.2,0.2,,,,
73,295494719,2024-04-04 20:52:09,2,0.234,0.23502489,82.09,BTC-28MAR25-100000-C,67934.92,buy,2.0,2.0,,,,
74,295563815,2024-04-05 08:28:38,0,0.236,0.23336244,83.47,BTC-28MAR25-100000-C,67491.64,sell,0.5,0.5,,,,
75,295565655,2024-04-05 08:40:04,2,0.235,0.23522877,83.26,BTC-28MAR25-100000-C,67319.18,sell,0.5,0.5,,,,
76,295585899,2024-04-05 12:04:45,2,0.226,0.22934691,82.14,BTC-28MAR25-100000-C,66318.71,sell,0.1,0.1,,,,
77,295585900,2024-04-05 12:04:45,3,0.226,0.22934691,82.14,BTC-28MAR25-100000-C,66318.71,sell,0.9,0.9,,,,
78,295671929,2024-04-06 07:29:17,0,0.238,0.23244969,83.67,BTC-28MAR25-100000-C,68006.54,buy,0.2,0.2,,,,
79,295685998,2024-04-06 13:35:53,2,0.2275,0.22865221,81.76,BTC-28MAR25-100000-C,67665.28,buy,0.1,0.1,,,,
80,295686662,2024-04-06 13:57:13,2,0.2265,0.2287767,81.51,BTC-28MAR25-100000-C,67681.01,sell,1.4,1.4,,,,
81,295687331,2024-04-06 14:07:27,3,0.2265,0.22911933,81.37,BTC-28MAR25-100000-C,67818.2,sell,1.0,1.0,,,,
82,295690744,2024-04-06 15:13:18,0,0.231,0.22915476,82.1,BTC-28MAR25-100000-C,68253.07,buy,1.0,1.0,,,,
83,295690745,2024-04-06 15:13:18,1,0.231,0.22915476,82.1,BTC-28MAR25-100000-C,68253.07,buy,4.0,4.0,,,,
84,295711310,2024-04-06 23:08:47,0,0.235,0.23448052,82.04,BTC-28MAR25-100000-C,69426.59,buy,1.5,1.5,,,,
85,295759642,2024-04-07 12:42:08,0,0.2375,0.23889032,82.58,BTC-28MAR25-100000-C,69363.11,sell,0.1,0.1,,,,
86,295777670,2024-04-07 16:21:16,0,0.2395,0.23787868,82.5,BTC-28MAR25-100000-C,70013.22,buy,0.5,0.5,,,,
87,295891805,2024-04-08 10:15:29,0,0.2535,0.25080544,82.99,BTC-28MAR25-100000-C,71941.59,sell,0.1,0.1,,,,
88,295961739,2024-04-08 16:03:32,2,0.2495,0.24906003,81.95,BTC-28MAR25-100000-C,71863.58,buy,0.5,0.5,,,,
89,295961754,2024-04-08 16:03:42,3,0.2495,0.24885431,81.95,BTC-28MAR25-100000-C,71868.41,buy,0.5,0.5,,,,
90,295994058,2024-04-08 22:57:56,0,0.2525,0.25088795,83.01,BTC-28MAR25-100000-C,71863.59,buy,0.3,0.3,,,,
91,296009792,2024-04-09 02:12:15,2,0.251,0.24586244,83.37,BTC-28MAR25-100000-C,71286.3,buy,4.0,4.0,,,,
92,296009793,2024-04-09 02:12:15,3,0.251,0.24586244,83.37,BTC-28MAR25-100000-C,71286.3,sell,4.0,4.0,,,,
93,296129800,2024-04-09 17:29:06,2,0.2345,0.2323321,83.01,BTC-28MAR25-100000-C,68758.18,sell,1.0,1.0,,,,
94,296131419,2024-04-09 17:42:59,2,0.234,0.23376557,82.72,BTC-28MAR25-100000-C,68807.45,sell,0.1,0.1,,,,
95,296174247,2024-04-10 03:59:58,0,0.236,0.23361193,82.85,BTC-28MAR25-100000-C,69144.64,sell,0.1,0.1,,,,
96,296174249,2024-04-10 04:00:05,1,0.236,0.23366446,82.84,BTC-28MAR25-100000-C,69142.01,sell,0.1,0.1,,,,
97,296174265,2024-04-10 04:00:12,1,0.236,0.23359958,82.86,BTC-28MAR25-100000-C,69127.9,sell,0.1,0.1,,,,
98,296174276,2024-04-10 04:00:19,1,0.236,0.2335936,82.88,BTC-28MAR25-100000-C,69112.14,sell,0.1,0.1,,,,
99,296174277,2024-04-10 04:00:26,1,0.236,0.23358939,82.88,BTC-28MAR25-100000-C,69113.07,sell,0.1,0.1,,,,
100,296174278,2024-04-10 04:00:32,1,0.236,0.23361411,82.88,BTC-28MAR25-100000-C,69113.04,sell,0.1,0.1,,,,
101,296174291,2024-04-10 04:00:45,1,0.236,0.2336278,82.89,BTC-28MAR25-100000-C,69104.68,sell,0.1,0.1,,,,
102,296174299,2024-04-10 04:00:50,1,0.236,0.23361648,82.9,BTC-28MAR25-100000-C,69099.3,sell,0.1,0.1,,,,
103,296174304,2024-04-10 04:00:59,1,0.236,0.23361558,82.91,BTC-28MAR25-100000-C,69096.86,sell,0.1,0.1,,,,
104,296174459,2024-04-10 04:02:19,0,0.237,0.23382349,83.21,BTC-28MAR25-100000-C,69064.48,buy,0.1,0.1,,,,
105,296386203,2024-04-11 10:25:04,0,0.2425,0.23975977,82.67,BTC-28MAR25-100000-C,70726.9,buy,0.1,0.1,,,,
106,296566418,2024-04-12 14:59:24,2,0.225,0.22584596,80.77,BTC-28MAR25-100000-C,69235.65,sell,1.0,1.0,,,,
107,296581382,2024-04-12 16:35:50,2,0.2245,0.22335386,81.03,BTC-28MAR25-100000-C,68912.39,sell,0.3,0.3,,,,
108,296585729,2024-04-12 17:04:28,2,0.221,0.22222155,80.52,BTC-28MAR25-100000-C,68754.85,buy,1.3,1.3,,,,
109,296594343,2024-04-12 17:28:28,2,0.22,0.21917706,81.36,BTC-28MAR25-100000-C,67638.19,sell,0.1,0.1,,,,
110,296619634,2024-04-12 18:33:03,2,0.21,0.21211836,80.21,BTC-28MAR25-100000-C,66623.55,sell,0.1,0.1,,,,
111,296696075,2024-04-12 23:50:58,3,0.21,0.21159726,79.62,BTC-28MAR25-100000-C,67172.85,buy,1.0,1.0,,,,
112,296696094,2024-04-12 23:51:18,3,0.21,0.21150914,79.63,BTC-28MAR25-100000-C,67161.79,buy,1.0,1.0,,,,
113,296712906,2024-04-13 02:44:16,2,0.207,0.21280547,79.52,BTC-28MAR25-100000-C,66525.5,sell,4.0,4.0,,,,
114,296761270,2024-04-13 15:20:21,0,0.2145,0.21509724,80.45,BTC-28MAR25-100000-C,67621.25,sell,0.1,0.1,,,,
115,296761278,2024-04-13 15:20:36,1,0.2145,0.21551788,80.44,BTC-28MAR25-100000-C,67637.54,sell,0.1,0.1,,,,
116,296761370,2024-04-13 15:20:57,0,0.215,0.21601878,80.53,BTC-28MAR25-100000-C,67674.88,sell,0.1,0.1,,,,
117,296761398,2024-04-13 15:21:03,1,0.215,0.21614994,80.51,BTC-28MAR25-100000-C,67696.4,sell,0.1,0.1,,,,
118,296761430,2024-04-13 15:21:09,1,0.215,0.21624417,80.51,BTC-28MAR25-100000-C,67686.52,sell,0.1,0.1,,,,
119,296761463,2024-04-13 15:21:18,1,0.215,0.21621887,80.54,BTC-28MAR25-100000-C,67658.02,sell,0.1,0.1,,,,
120,296761473,2024-04-13 15:21:26,1,0.215,0.21635684,80.53,BTC-28MAR25-100000-C,67673.88,sell,0.1,0.1,,,,
121,296761479,2024-04-13 15:21:30,1,0.215,0.2164481,80.51,BTC-28MAR25-100000-C,67679.06,sell,0.1,0.1,,,,
122,296761480,2024-04-13 15:21:37,1,0.215,0.21649987,80.51,BTC-28MAR25-100000-C,67683.14,sell,0.1,0.1,,,,
123,296761481,2024-04-13 15:21:43,1,0.215,0.21653863,80.51,BTC-28MAR25-100000-C,67682.83,sell,0.1,0.1,,,,
124,296773883,2024-04-13 17:20:31,2,0.2075,0.21065909,79.44,BTC-28MAR25-100000-C,66995.29,buy,1.0,1.0,,,,
125,296822142,2024-04-13 20:07:39,2,0.2,0.20219191,82.53,BTC-28MAR25-100000-C,63054.11,sell,0.1,0.1,,,,
126,296855438,2024-04-13 20:17:05,0,0.2045,0.20345652,84.93,BTC-28MAR25-100000-C,62648.03,sell,1.0,1.0,,,,
127,296871505,2024-04-13 20:26:45,2,0.2,0.20114498,85.76,BTC-28MAR25-100000-C,62017.01,sell,0.5,0.5,,,,
128,296874624,2024-04-13 20:29:40,2,0.1905,0.20063481,83.22,BTC-28MAR25-100000-C,62161.21,sell,1.0,1.0,,,,
129,296874679,2024-04-13 20:29:45,2,0.19,0.20067297,82.99,BTC-28MAR25-100000-C,62230.08,sell,0.1,0.1,,,,
130,296891743,2024-04-13 20:50:33,0,0.191,0.19530435,82.87,BTC-28MAR25-100000-C,61724.19,sell,0.1,0.1,,,,
131,296903190,2024-04-13 21:06:55,0,0.2,0.19790963,84.17,BTC-28MAR25-100000-C,62500.16,sell,0.1,0.1,,,,
132,296910884,2024-04-13 21:18:45,2,0.198,0.19816963,83.98,BTC-28MAR25-100000-C,62035.67,sell,0.4,0.4,,,,
133,296912470,2024-04-13 21:21:51,2,0.191,0.1960753,82.13,BTC-28MAR25-100000-C,62085.44,sell,1.0,1.0,,,,
134,296912471,2024-04-13 21:21:51,3,0.191,0.1960753,82.13,BTC-28MAR25-100000-C,62085.44,sell,0.9,0.9,,,,
135,296912482,2024-04-13 21:21:56,2,0.1905,0.19595658,82.03,BTC-28MAR25-100000-C,62077.89,sell,0.1,0.1,,,,
136,296937815,2024-04-13 22:12:49,3,0.1905,0.1958444,81.34,BTC-28MAR25-100000-C,62399.76,sell,1.0,1.0,,,,
137,296952199,2024-04-13 22:41:02,0,0.199,0.19919702,81.59,BTC-28MAR25-100000-C,63965.1,sell,0.5,0.5,,,,
138,296955150,2024-04-13 22:44:36,0,0.2025,0.20055315,81.91,BTC-28MAR25-100000-C,64606.13,buy,0.1,0.1,,,,
139,297012135,2024-04-14 01:26:42,0,0.2055,0.19978821,83.43,BTC-28MAR25-100000-C,63861.99,buy,0.4,0.4,,,,
140,297091148,2024-04-14 09:49:38,1,0.2055,0.20044397,82.68,BTC-28MAR25-100000-C,64145.41,buy,0.1,0.1,,,,
141,297097218,2024-04-14 10:40:47,1,0.2055,0.20092509,82.41,BTC-28MAR25-100000-C,64575.25,buy,0.1,0.1,,,,
142,297152197,2024-04-14 17:29:45,2,0.2,0.19844067,82.94,BTC-28MAR25-100000-C,63126.57,sell,0.1,0.1,,,,
143,297152217,2024-04-14 17:29:53,3,0.2,0.1985971,82.89,BTC-28MAR25-100000-C,63154.39,sell,0.1,0.1,,,,
144,297152238,2024-04-14 17:30:02,2,0.199,0.19854805,82.67,BTC-28MAR25-100000-C,63143.56,sell,0.1,0.1,,,,
145,297193187,2024-04-14 22:09:28,0,0.204,0.20623851,81.37,BTC-28MAR25-100000-C,65180.82,buy,1.0,1.0,,,,
146,297193294,2024-04-14 22:09:37,1,0.204,0.20629189,81.33,BTC-28MAR25-100000-C,65207.21,buy,1.0,1.0,,,,
147,297193394,2024-04-14 22:09:45,1,0.204,0.2063094,81.32,BTC-28MAR25-100000-C,65213.94,buy,1.0,1.0,,,,
148,297193421,2024-04-14 22:09:52,1,0.204,0.2062947,81.32,BTC-28MAR25-100000-C,65207.86,buy,1.0,1.0,,,,
149,297193520,2024-04-14 22:10:12,1,0.204,0.20599355,81.36,BTC-28MAR25-100000-C,65171.41,buy,0.4,0.4,,,,
150,297214251,2024-04-15 00:10:47,0,0.2055,0.20492462,81.03,BTC-28MAR25-100000-C,65776.98,buy,0.4,0.4,,,,
151,297262863,2024-04-15 05:46:35,2,0.205,0.20557203,81.06,BTC-28MAR25-100000-C,65327.1,buy,0.1,0.1,,,,
152,297264752,2024-04-15 06:01:09,0,0.2065,0.20604223,81.23,BTC-28MAR25-100000-C,65555.17,buy,1.0,1.0,,,,
153,297296597,2024-04-15 09:14:14,0,0.212,0.21025372,81.78,BTC-28MAR25-100000-C,66334.32,sell,0.1,0.1,,,,
154,297310860,2024-04-15 11:26:26,2,0.21,0.21082428,81.39,BTC-28MAR25-100000-C,66292.63,buy,0.1,0.1,,,,
155,297341561,2024-04-15 14:49:21,2,0.2015,0.20063215,81.66,BTC-28MAR25-100000-C,64386.6,sell,0.9,0.9,,,,
156,297365518,2024-04-15 16:17:33,2,0.2,0.2009874,81.35,BTC-28MAR25-100000-C,64390.77,sell,0.4,0.4,,,,
157,297388690,2024-04-15 18:12:06,2,0.197,0.19872867,81.32,BTC-28MAR25-100000-C,63823.83,sell,0.5,0.5,,,,
158,297400633,2024-04-15 19:00:24,2,0.195,0.19519426,81.77,BTC-28MAR25-100000-C,63020.4,sell,0.4,0.4,,,,
159,297404532,2024-04-15 19:06:20,2,0.1945,0.19357141,82.33,BTC-28MAR25-100000-C,62460.92,sell,0.5,0.5,,,,
160,297461451,2024-04-16 03:28:49,0,0.2,0.19641924,82.77,BTC-28MAR25-100000-C,63236.87,buy,0.1,0.1,,,,
161,297461456,2024-04-16 03:28:57,1,0.2,0.19643798,82.78,BTC-28MAR25-100000-C,63232.4,buy,0.1,0.1,,,,
162,297469208,2024-04-16 04:13:12,2,0.197,0.19569885,82.91,BTC-28MAR25-100000-C,62429.34,sell,0.1,0.1,,,,
163,297469209,2024-04-16 04:13:12,3,0.197,0.19569885,82.91,BTC-28MAR25-100000-C,62429.34,sell,0.1,0.1,,,,
164,297520694,2024-04-16 09:00:20,2,0.195,0.19714148,81.3,BTC-28MAR25-100000-C,63340.78,sell,0.2,0.2,,,,
165,297587243,2024-04-16 15:01:44,2,0.19,0.19059406,82.01,BTC-28MAR25-100000-C,61931.45,sell,0.4,0.4,,,,
166,297592446,2024-04-16 15:26:37,0,0.191,0.19171743,81.89,BTC-28MAR25-100000-C,62278.7,buy,1.0,1.0,,,,
167,297592679,2024-04-16 15:28:21,0,0.1945,0.19208551,82.69,BTC-28MAR25-100000-C,62358.93,buy,3.0,3.0,,,,
168,297618001,2024-04-16 17:29:57,0,0.195,0.1935273,82.08,BTC-28MAR25-100000-C,63047.38,buy,0.4,0.4,,,,
169,297657989,2024-04-17 00:05:56,2,0.192,0.19670718,80.5,BTC-28MAR25-100000-C,63753.5,sell,4.0,4.0,,,,
170,297657990,2024-04-17 00:05:56,3,0.192,0.19670718,80.5,BTC-28MAR25-100000-C,63753.5,buy,1.0,1.0,,,,
171,297657991,2024-04-17 00:05:56,3,0.192,0.19670718,80.5,BTC-28MAR25-100000-C,63753.5,buy,1.0,1.0,,,,
172,297706683,2024-04-17 08:46:33,2,0.19,0.19177603,80.26,BTC-28MAR25-100000-C,63200.21,sell,0.4,0.4,,,,
173,297713129,2024-04-17 10:11:24,2,0.1895,0.1905286,80.63,BTC-28MAR25-100000-C,62850.89,sell,0.5,0.5,,,,
174,297741530,2024-04-17 14:06:47,2,0.1835,0.1834173,80.44,BTC-28MAR25-100000-C,61921.16,sell,1.0,1.0,,,,
175,297755241,2024-04-17 14:35:01,2,0.1815,0.18121137,81.12,BTC-28MAR25-100000-C,60940.05,sell,1.3,1.3,,,,
176,297767038,2024-04-17 14:57:28,2,0.18,0.18072631,80.61,BTC-28MAR25-100000-C,61262.34,sell,0.4,0.4,,,,
177,297823352,2024-04-17 16:37:31,2,0.176,0.1761589,80.96,BTC-28MAR25-100000-C,60397.97,sell,0.1,0.1,,,,
178,297846521,2024-04-17 18:09:51,0,0.18,0.17933867,80.51,BTC-28MAR25-100000-C,61665.63,sell,0.1,0.1,,,,
179,297868931,2024-04-17 20:50:21,2,0.177,0.17701146,80.66,BTC-28MAR25-100000-C,60917.77,sell,0.1,0.1,,,,
180,297967579,2024-04-18 12:31:19,0,0.179,0.17937575,79.91,BTC-28MAR25-100000-C,61861.92,sell,0.2,0.2,,,,
181,297990410,2024-04-18 14:14:51,0,0.185,0.18471304,79.64,BTC-28MAR25-100000-C,63431.27,buy,0.4,0.4,,,,
182,297994590,2024-04-18 14:21:34,0,0.187,0.18598819,79.85,BTC-28MAR25-100000-C,63668.64,sell,5.0,5.0,,,,
183,297994701,2024-04-18 14:21:49,0,0.1875,0.18620425,79.93,BTC-28MAR25-100000-C,63716.08,sell,5.0,5.0,,,,
184,298005490,2024-04-18 15:08:19,0,0.188,0.18646896,79.75,BTC-28MAR25-100000-C,63982.51,buy,0.5,0.5,,,,
185,298047813,2024-04-18 20:51:50,2,0.1805,0.18051532,78.59,BTC-28MAR25-100000-C,63472.38,sell,0.7,0.7,,,,
186,298052733,2024-04-18 21:21:51,3,0.1805,0.17989561,78.55,BTC-28MAR25-100000-C,63511.25,sell,0.1,0.1,,,,
187,298068627,2024-04-19 00:24:47,2,0.176,0.17945206,77.95,BTC-28MAR25-100000-C,63028.23,sell,4.0,4.0,,,,
188,298084267,2024-04-19 01:37:23,2,0.175,0.17344785,79.67,BTC-28MAR25-100000-C,61413.53,sell,0.4,0.4,,,,
189,298098947,2024-04-19 02:13:03,2,0.1705,0.17058316,79.28,BTC-28MAR25-100000-C,60785.43,sell,0.1,0.1,,,,
190,298099027,2024-04-19 02:13:16,2,0.17,0.17095482,79.05,BTC-28MAR25-100000-C,60865.32,sell,0.1,0.1,,,,
191,298099048,2024-04-19 02:13:22,3,0.17,0.17101752,79.04,BTC-28MAR25-100000-C,60843.05,sell,0.1,0.1,,,,
192,298109084,2024-04-19 02:27:54,2,0.1675,0.16758006,79.52,BTC-28MAR25-100000-C,60182.37,sell,0.3,0.3,,,,
193,298155573,2024-04-19 05:20:19,0,0.17,0.17201991,77.88,BTC-28MAR25-100000-C,61985.72,buy,0.1,0.1,,,,
194,298168407,2024-04-19 06:40:19,0,0.175,0.17502634,78.14,BTC-28MAR25-100000-C,63068.36,buy,0.3,0.3,,,,
195,298189204,2024-04-19 07:05:18,0,0.185,0.18287013,77.98,BTC-28MAR25-100000-C,64959.57,buy,0.4,0.4,,,,
196,298371015,2024-04-19 23:03:01,2,0.175,0.17610021,77.79,BTC-28MAR25-100000-C,63432.61,sell,0.4,0.4,,,,
197,298528323,2024-04-21 11:53:40,0,0.185,0.18221527,77.9,BTC-28MAR25-100000-C,65258.82,buy,0.4,0.4,,,,
198,298608720,2024-04-22 05:25:10,0,0.1915,0.18761156,78.83,BTC-28MAR25-100000-C,66011.3,buy,0.2,0.2,,,,
199,298817590,2024-04-23 22:27:24,2,0.18,0.18287592,75.52,BTC-28MAR25-100000-C,66391.65,sell,4.0,4.0,,,,
200,298817591,2024-04-23 22:27:24,3,0.18,0.18287592,75.52,BTC-28MAR25-100000-C,66391.65,buy,1.0,1.0,,,,
201,298838804,2024-04-24 03:30:11,0,0.1825,0.17878143,75.91,BTC-28MAR25-100000-C,66621.77,buy,0.3,0.3,,,,
202,298842408,2024-04-24 04:30:50,2,0.1797,0.1799978,75.04,BTC-28MAR25-100000-C,66740.51,sell,100.0,100.0,,138197,,BTC-CDIAG-28MAR25_27DEC24-100000_90000
203,298881360,2024-04-24 13:02:54,2,0.177,0.17769017,75.16,BTC-28MAR25-100000-C,66093.82,sell,0.1,0.1,,,,
204,298893022,2024-04-24 14:22:24,2,0.175,0.1766704,75.0,BTC-28MAR25-100000-C,65752.79,sell,0.4,0.4,,,,
205,298917431,2024-04-24 15:38:29,2,0.169,0.17238546,74.44,BTC-28MAR25-100000-C,64916.24,sell,1.0,1.0,,,,
206,298941901,2024-04-24 18:50:58,2,0.1675,0.16845023,74.9,BTC-28MAR25-100000-C,64189.65,sell,0.3,0.3,,,,
207,298956962,2024-04-24 20:20:05,2,0.165,0.16613398,74.93,BTC-28MAR25-100000-C,63688.72,sell,0.1,0.1,,,,
208,298956963,2024-04-24 20:20:05,3,0.165,0.16613398,74.93,BTC-28MAR25-100000-C,63688.72,sell,0.1,0.1,,,,
209,298991240,2024-04-25 04:50:51,0,0.1685,0.16493063,75.25,BTC-28MAR25-100000-C,64310.21,buy,0.1,0.1,,,,
210,298998173,2024-04-25 07:28:39,2,0.161,0.16399254,73.37,BTC-28MAR25-100000-C,64268.3,sell,30.0,30.0,,138375,,
211,298998769,2024-04-25 07:33:04,2,0.1606,0.16290451,73.33,BTC-28MAR25-100000-C,64227.15,sell,30.0,30.0,,138376,,
212,298999527,2024-04-25 07:39:08,2,0.16,0.16224991,73.43,BTC-28MAR25-100000-C,64065.85,sell,0.1,0.1,,,,
213,299007076,2024-04-25 08:33:36,2,0.1595,0.16096543,73.6,BTC-28MAR25-100000-C,63893.23,sell,0.5,0.5,,,,
214,299038012,2024-04-25 12:50:33,2,0.155,0.15618804,73.16,BTC-28MAR25-100000-C,63463.17,sell,0.3,0.3,,,,
215,299078135,2024-04-25 17:07:55,0,0.1595,0.15920756,73.0,BTC-28MAR25-100000-C,64704.35,sell,0.1,0.1,,,,
216,299078889,2024-04-25 17:11:37,2,0.159,0.15927233,72.83,BTC-28MAR25-100000-C,64734.82,sell,0.1,0.1,,,,
217,299078908,2024-04-25 17:11:51,0,0.1595,0.15920921,73.0,BTC-28MAR25-100000-C,64711.36,sell,0.1,0.1,,,,
218,299078953,2024-04-25 17:12:01,2,0.159,0.15905839,72.9,BTC-28MAR25-100000-C,64681.22,sell,0.1,0.1,,,,
219,299079014,2024-04-25 17:12:16,3,0.159,0.15922491,72.86,BTC-28MAR25-100000-C,64710.72,sell,1.0,1.0,,,,
220,299079027,2024-04-25 17:12:25,3,0.159,0.15928915,72.86,BTC-28MAR25-100000-C,64710.91,sell,1.0,1.0,,,,
221,299079030,2024-04-25 17:12:32,2,0.1585,0.15927311,72.72,BTC-28MAR25-100000-C,64714.19,sell,1.0,1.0,,,,
222,299079115,2024-04-25 17:12:58,3,0.1585,0.15931413,72.72,BTC-28MAR25-100000-C,64711.19,sell,1.0,1.0,,,,
223,299079177,2024-04-25 17:13:04,3,0.1585,0.15945481,72.7,BTC-28MAR25-100000-C,64731.91,sell,1.0,1.0,,,,
224,299079204,2024-04-25 17:13:08,3,0.1585,0.15943935,72.68,BTC-28MAR25-100000-C,64749.34,sell,1.0,1.0,,,,
225,299079221,2024-04-25 17:13:14,3,0.1585,0.15946287,72.69,BTC-28MAR25-100000-C,64730.55,sell,1.0,1.0,,,,
226,299079231,2024-04-25 17:13:19,3,0.1585,0.1594058,72.71,BTC-28MAR25-100000-C,64722.11,sell,1.0,1.0,,,,
227,299079323,2024-04-25 17:13:29,3,0.1585,0.15923004,72.76,BTC-28MAR25-100000-C,64680.89,sell,1.0,1.0,,,,
228,299079326,2024-04-25 17:13:39,3,0.1585,0.15918937,72.77,BTC-28MAR25-100000-C,64670.8,sell,0.7,0.7,,,,
229,299079329,2024-04-25 17:13:40,2,0.158,0.1591804,72.64,BTC-28MAR25-100000-C,64662.41,sell,0.1,0.1,,,,
230,299084101,2024-04-25 18:11:02,3,0.158,0.15905474,72.65,BTC-28MAR25-100000-C,64658.98,sell,1.0,1.0,,,,
231,299084105,2024-04-25 18:11:10,3,0.158,0.15908116,72.65,BTC-28MAR25-100000-C,64662.06,sell,1.0,1.0,,,,
232,299084115,2024-04-25 18:11:33,0,0.1585,0.15921798,72.76,BTC-28MAR25-100000-C,64686.55,sell,0.9,0.9,,,,
233,299084416,2024-04-25 18:13:42,0,0.1595,0.15948716,73.0,BTC-28MAR25-100000-C,64717.52,sell,1.0,1.0,,,,
234,299084417,2024-04-25 18:13:52,2,0.159,0.15949772,72.86,BTC-28MAR25-100000-C,64717.52,sell,1.0,1.0,,,,
235,299093969,2024-04-25 20:01:15,3,0.159,0.16073512,72.85,BTC-28MAR25-100000-C,64764.93,sell,0.1,0.1,,,,
236,299093989,2024-04-25 20:01:28,3,0.159,0.16079246,72.83,BTC-28MAR25-100000-C,64788.92,sell,0.9,0.9,,,,
237,299094037,2024-04-25 20:01:52,3,0.159,0.16079861,72.82,BTC-28MAR25-100000-C,64797.92,sell,1.0,1.0,,,,
238,299094043,2024-04-25 20:01:59,3,0.159,0.16083804,72.81,BTC-28MAR25-100000-C,64806.32,sell,1.0,1.0,,,,
239,299094191,2024-04-25 20:02:50,0,0.1595,0.16103013,72.88,BTC-28MAR25-100000-C,64852.79,sell,1.0,1.0,,,,
240,299094224,2024-04-25 20:02:55,1,0.1595,0.16107745,72.85,BTC-28MAR25-100000-C,64879.4,sell,1.0,1.0,,,,
241,299094261,2024-04-25 20:03:02,1,0.1595,0.1610628,72.87,BTC-28MAR25-100000-C,64856.66,sell,1.0,1.0,,,,
242,299094273,2024-04-25 20:03:06,1,0.1595,0.16108828,72.86,BTC-28MAR25-100000-C,64869.85,sell,1.0,1.0,,,,
243,299094277,2024-04-25 20:03:10,1,0.1595,0.16108448,72.86,BTC-28MAR25-100000-C,64868.67,sell,1.0,1.0,,,,
244,299094282,2024-04-25 20:03:14,1,0.1595,0.16113952,72.85,BTC-28MAR25-100000-C,64876.72,sell,1.0,1.0,,,,
245,299094287,2024-04-25 20:03:18,1,0.1595,0.16115123,72.85,BTC-28MAR25-100000-C,64873.73,sell,1.0,1.0,,,,
246,299094291,2024-04-25 20:03:24,1,0.1595,0.16111592,72.85,BTC-28MAR25-100000-C,64870.4,sell,1.0,1.0,,,,
247,299094350,2024-04-25 20:03:28,1,0.1595,0.16109967,72.85,BTC-28MAR25-100000-C,64879.04,sell,1.0,1.0,,,,
248,299094554,2024-04-25 20:04:17,0,0.16,0.16134774,72.92,BTC-28MAR25-100000-C,64917.07,sell,1.0,1.0,,,,
249,299094558,2024-04-25 20:04:23,1,0.16,0.1613282,72.92,BTC-28MAR25-100000-C,64927.03,sell,1.0,1.0,,,,
250,299094567,2024-04-25 20:04:26,1,0.16,0.16133553,72.91,BTC-28MAR25-100000-C,64938.54,sell,1.0,1.0,,,,
251,299094965,2024-04-25 20:06:06,2,0.1595,0.16094095,72.86,BTC-28MAR25-100000-C,64859.69,sell,1.0,1.0,,,,
252,299094991,2024-04-25 20:06:12,3,0.1595,0.16080035,72.9,BTC-28MAR25-100000-C,64834.05,sell,1.0,1.0,,,,
253,299095008,2024-04-25 20:06:22,3,0.1595,0.16074893,72.89,BTC-28MAR25-100000-C,64859.48,sell,1.0,1.0,,,,
254,299095398,2024-04-25 20:08:33,0,0.1605,0.16041439,73.25,BTC-28MAR25-100000-C,64780.03,sell,1.0,1.0,,,,
255,299095413,2024-04-25 20:08:43,2,0.16,0.16041013,73.12,BTC-28MAR25-100000-C,64778.07,sell,1.0,1.0,,,,
256,299095416,2024-04-25 20:08:47,3,0.16,0.16041487,73.12,BTC-28MAR25-100000-C,64777.91,sell,1.0,1.0,,,,
257,299095427,2024-04-25 20:09:03,3,0.16,0.16046265,73.1,BTC-28MAR25-100000-C,64790.5,sell,1.0,1.0,,,,
258,299095432,2024-04-25 20:09:08,3,0.16,0.16039377,73.12,BTC-28MAR25-100000-C,64773.83,sell,1.0,1.0,,,,
259,299095438,2024-04-25 20:09:13,3,0.16,0.16034001,73.13,BTC-28MAR25-100000-C,64775.15,sell,1.0,1.0,,,,
260,299095641,2024-04-25 20:09:28,3,0.16,0.16026509,73.2,BTC-28MAR25-100000-C,64655.93,sell,1.0,1.0,,,,
261,299179377,2024-04-26 13:20:13,2,0.15,0.15046607,71.87,BTC-28MAR25-100000-C,63772.67,sell,0.1,0.1,,,,
262,299260455,2024-04-27 01:17:10,2,0.145,0.14459102,71.78,BTC-28MAR25-100000-C,62826.39,sell,0.3,0.3,,,,
263,299263312,2024-04-27 01:19:16,2,0.1435,0.14241361,71.89,BTC-28MAR25-100000-C,62501.59,buy,0.1,0.1,,,,
264,299280709,2024-04-27 04:47:46,0,0.144,0.14358604,71.28,BTC-28MAR25-100000-C,63031.71,buy,0.1,0.1,,,,
265,299376221,2024-04-28 13:52:24,0,0.1495,0.14531434,71.88,BTC-28MAR25-100000-C,63746.43,buy,0.9,0.9,,,,
266,299391382,2024-04-28 21:47:44,2,0.149,0.1477576,72.03,BTC-28MAR25-100000-C,63644.56,sell,0.3,0.3,,,,
267,299399122,2024-04-28 22:55:22,2,0.1465,0.14759559,71.98,BTC-28MAR25-100000-C,63131.81,sell,0.1,0.1,,,,
268,299422407,2024-04-29 04:11:48,2,0.1405,0.14262532,71.37,BTC-28MAR25-100000-C,62436.43,sell,0.5,0.5,,,,
269,299422431,2024-04-29 04:11:53,2,0.14,0.14266777,71.22,BTC-28MAR25-100000-C,62446.18,sell,0.1,0.1,,,,
270,299564406,2024-04-30 08:19:19,2,0.137,0.1354317,70.22,BTC-28MAR25-100000-C,62884.38,buy,0.1,0.1,,,,
271,299564746,2024-04-30 08:21:02,2,0.135,0.13559478,69.65,BTC-28MAR25-100000-C,62899.88,sell,0.3,0.3,,,,
272,299699431,2024-04-30 20:03:03,2,0.1225,0.12152165,70.7,BTC-28MAR25-100000-C,59511.75,sell,0.1,0.1,,,,
273,299699521,2024-04-30 20:03:22,3,0.1225,0.12164262,70.68,BTC-28MAR25-100000-C,59527.16,sell,0.4,0.4,,,,
274,299704096,2024-04-30 20:20:49,2,0.116,0.12041613,68.79,BTC-28MAR25-100000-C,59581.99,sell,2.0,2.0,,,,
275,299780551,2024-05-01 07:09:04,2,0.115,0.11349496,70.16,BTC-28MAR25-100000-C,58139.02,sell,0.1,0.1,,,,
276,299780628,2024-05-01 07:09:04,3,0.115,0.11349496,70.16,BTC-28MAR25-100000-C,58139.02,sell,0.1,0.1,,,,
277,299791832,2024-05-01 07:24:12,2,0.108,0.11214614,68.34,BTC-28MAR25-100000-C,58126.11,sell,0.2,0.2,,,,
278,299822352,2024-05-01 08:09:18,2,0.1025,0.10638823,68.12,BTC-28MAR25-100000-C,57087.5,sell,0.3,0.3,,,,
279,299844786,2024-05-01 08:38:28,0,0.1085,0.10589573,70.22,BTC-28MAR25-100000-C,56956.26,sell,0.3,0.3,,,,
280,299887926,2024-05-01 11:36:50,0,0.11,0.10925589,69.92,BTC-28MAR25-100000-C,57440.45,sell,0.3,0.3,,,,
281,299896167,2024-05-01 12:30:44,0,0.114,0.11290998,70.27,BTC-28MAR25-100000-C,58001.87,sell,0.1,0.1,,,,
282,299959012,2024-05-01 18:34:43,2,0.11,0.11069605,68.9,BTC-28MAR25-100000-C,58169.92,buy,0.3,0.3,,,,
283,300063954,2024-05-02 08:19:36,2,0.108,0.10850655,69.06,BTC-28MAR25-100000-C,57653.22,sell,0.5,0.5,,,,
284,300066389,2024-05-02 08:43:17,3,0.108,0.10705128,68.86,BTC-28MAR25-100000-C,57821.14,buy,0.5,0.5,,,,
285,300071865,2024-05-02 10:14:11,0,0.109,0.10703142,69.25,BTC-28MAR25-100000-C,57770.93,buy,4.0,4.0,,,,
286,300071866,2024-05-02 10:14:11,1,0.109,0.10703142,69.25,BTC-28MAR25-100000-C,57770.93,sell,1.0,1.0,,,,
287,300105117,2024-05-02 13:21:32,0,0.11,0.11089157,68.35,BTC-28MAR25-100000-C,58689.95,buy,1.0,1.0,,,,
288,300132338,2024-05-02 16:33:33,0,0.1155,0.11386639,69.37,BTC-28MAR25-100000-C,59070.01,buy,0.5,0.5,,,,
289,300140848,2024-05-02 18:20:52,2,0.115,0.11257988,69.22,BTC-28MAR25-100000-C,59045.04,buy,0.5,0.5,,,,
290,300229894,2024-05-03 09:56:29,2,0.114,0.11108271,68.45,BTC-28MAR25-100000-C,59497.0,buy,0.5,0.5,,,,
291,300352894,2024-05-03 20:35:24,0,0.125,0.12510583,67.43,BTC-28MAR25-100000-C,62831.87,buy,0.2,0.2,,,,
292,300357080,2024-05-03 20:53:10,0,0.1305,0.12964069,68.89,BTC-28MAR25-100000-C,62882.94,sell,5.0,5.0,,,,
293,300362384,2024-05-03 21:57:00,1,0.1305,0.1280458,69.23,BTC-28MAR25-100000-C,62571.08,sell,4.3,4.3,,,,
294,300443273,2024-05-04 13:46:42,0,0.136,0.13668455,69.26,BTC-28MAR25-100000-C,63660.12,sell,4.0,4.0,,,,
295,300444085,2024-05-04 14:01:00,0,0.137,0.13738111,69.47,BTC-28MAR25-100000-C,63700.09,sell,5.0,5.0,,,,
296,300444086,2024-05-04 14:01:00,1,0.137,0.13738111,69.47,BTC-28MAR25-100000-C,63700.09,sell,5.0,5.0,,,,
297,300447952,2024-05-04 15:09:27,2,0.1335,0.1347371,68.49,BTC-28MAR25-100000-C,63745.41,sell,0.1,0.1,,,,
298,300448540,2024-05-04 15:23:33,2,0.132,0.1329122,68.12,BTC-28MAR25-100000-C,63692.52,sell,0.9,0.9,,,,
299,300489742,2024-05-05 05:10:42,0,0.135,0.13590896,69.16,BTC-28MAR25-100000-C,63492.55,sell,5.7,5.7,,,,
300,300489745,2024-05-05 05:10:57,1,0.135,0.13588485,69.18,BTC-28MAR25-100000-C,63473.87,sell,0.2,0.2,,,,
301,300489987,2024-05-05 05:21:06,1,0.135,0.13642479,69.29,BTC-28MAR25-100000-C,63384.54,sell,3.2,3.2,,,,
302,300491247,2024-05-05 05:55:30,2,0.1315,0.13239489,68.62,BTC-28MAR25-100000-C,63192.5,sell,0.1,0.1,,,,
303,300518169,2024-05-05 15:27:25,0,0.1375,0.13562193,68.72,BTC-28MAR25-100000-C,64408.67,buy,0.1,0.1,,,,
304,300518170,2024-05-05 15:27:25,0,0.138,0.13562193,68.85,BTC-28MAR25-100000-C,64408.67,buy,0.1,0.1,,,,
305,300518523,2024-05-05 15:29:49,1,0.138,0.13648939,68.9,BTC-28MAR25-100000-C,64350.4,sell,3.1,3.1,,,,
306,300518526,2024-05-05 15:29:49,1,0.138,0.13648939,68.9,BTC-28MAR25-100000-C,64350.4,sell,0.1,0.1,,,,
307,300518632,2024-05-05 15:30:27,1,0.138,0.13663516,68.93,BTC-28MAR25-100000-C,64314.49,sell,0.1,0.1,,,,
308,300518633,2024-05-05 15:30:27,1,0.138,0.13663516,68.95,BTC-28MAR25-100000-C,64314.49,sell,0.1,0.1,,,,
309,300518640,2024-05-05 15:30:31,1,0.138,0.1365455,68.96,BTC-28MAR25-100000-C,64305.21,sell,0.1,0.1,,,,
310,300518877,2024-05-05 15:32:17,1,0.138,0.13714429,68.95,BTC-28MAR25-100000-C,64314.95,sell,1.3,1.3,,,,
311,300523807,2024-05-05 16:08:47,2,0.136,0.13725012,68.44,BTC-28MAR25-100000-C,64317.58,sell,1.0,1.0,,,,
312,300536153,2024-05-05 21:21:22,3,0.136,0.13775257,69.15,BTC-28MAR25-100000-C,63703.5,sell,24.0,24.0,,,,
313,300923050,2024-05-09 12:23:27,2,0.114,0.1156409,66.7,BTC-28MAR25-100000-C,61172.88,sell,0.1,0.1,,,,
314,301031168,2024-05-10 12:13:35,0,0.1225,0.12046831,66.54,BTC-28MAR25-100000-C,63257.33,buy,0.1,0.1,,,,
315,301078024,2024-05-10 16:10:17,2,0.1135,0.11265732,66.92,BTC-28MAR25-100000-C,60941.51,buy,0.1,0.1,,,,
316,301078172,2024-05-10 16:11:28,2,0.1115,0.11222919,66.44,BTC-28MAR25-100000-C,60865.69,buy,0.1,0.1,,,,
317,301080241,2024-05-10 16:22:26,0,0.1165,0.11300483,67.49,BTC-28MAR25-100000-C,61156.17,buy,0.1,0.1,,,,
318,301110031,2024-05-10 21:42:04,2,0.11,0.11162826,66.32,BTC-28MAR25-100000-C,60589.88,sell,0.3,0.3,,,,
319,301173062,2024-05-12 09:10:10,2,0.109,0.10942778,65.81,BTC-28MAR25-100000-C,60962.24,buy,0.3,0.3,,,,
320,301174435,2024-05-12 10:17:32,0,0.11,0.10990739,65.95,BTC-28MAR25-100000-C,61097.07,buy,0.1,0.1,,,,
321,301248815,2024-05-13 09:05:22,0,0.12,0.1189178,66.68,BTC-28MAR25-100000-C,62900.95,buy,0.3,0.3,,,,
322,301313539,2024-05-13 19:35:22,0,0.1205,0.12043976,66.69,BTC-28MAR25-100000-C,63019.55,buy,0.1,0.1,,,,
323,301313540,2024-05-13 19:35:28,1,0.1205,0.12043322,66.69,BTC-28MAR25-100000-C,63020.17,buy,0.1,0.1,,,,
324,301313541,2024-05-13 19:35:32,1,0.1205,0.1204291,66.69,BTC-28MAR25-100000-C,63020.02,buy,0.1,0.1,,,,
325,301313955,2024-05-13 19:41:40,1,0.1205,0.12025522,66.6,BTC-28MAR25-100000-C,63096.6,buy,0.1,0.1,,,,
326,301313956,2024-05-13 19:41:45,1,0.1205,0.12024854,66.6,BTC-28MAR25-100000-C,63092.96,buy,0.1,0.1,,,,
327,301313961,2024-05-13 19:41:49,1,0.1205,0.12019041,66.61,BTC-28MAR25-100000-C,63085.63,buy,0.1,0.1,,,,
328,301315381,2024-05-13 20:01:08,1,0.1205,0.11985142,66.57,BTC-28MAR25-100000-C,63118.9,buy,0.1,0.1,,,,
329,301315384,2024-05-13 20:01:16,1,0.1205,0.11986473,66.57,BTC-28MAR25-100000-C,63120.97,buy,0.1,0.1,,,,
330,301315433,2024-05-13 20:02:22,1,0.1205,0.11986641,66.56,BTC-28MAR25-100000-C,63122.42,buy,0.1,0.1,,,,
331,301315434,2024-05-13 20:02:29,1,0.1205,0.11985497,66.56,BTC-28MAR25-100000-C,63122.07,buy,0.1,0.1,,,,
332,301315444,2024-05-13 20:02:35,1,0.1205,0.11981104,66.58,BTC-28MAR25-100000-C,63116.05,buy,0.1,0.1,,,,
333,301315451,2024-05-13 20:02:57,1,0.1205,0.11982706,66.57,BTC-28MAR25-100000-C,63120.97,buy,0.1,0.1,,,,
334,301315452,2024-05-13 20:03:00,1,0.1205,0.11983332,66.57,BTC-28MAR25-100000-C,63120.85,buy,0.1,0.1,,,,
335,301315453,2024-05-13 20:03:04,1,0.1205,0.11982884,66.57,BTC-28MAR25-100000-C,63121.37,buy,0.1,0.1,,,,
336,301315455,2024-05-13 20:03:08,1,0.1205,0.11983567,66.57,BTC-28MAR25-100000-C,63120.67,buy,0.1,0.1,,,,
337,301352980,2024-05-14 05:21:15,0,0.121,0.11993928,67.1,BTC-28MAR25-100000-C,62598.44,buy,0.1,0.1,,,,
338,301353971,2024-05-14 05:44:21,0,0.1215,0.12020207,67.15,BTC-28MAR25-100000-C,62682.43,buy,0.1,0.1,,,,
339,301378484,2024-05-14 08:41:32,2,0.1205,0.11860672,68.15,BTC-28MAR25-100000-C,61690.9,buy,0.1,0.1,,,,
340,301722043,2024-05-16 09:59:48,0,0.15,0.14887162,70.3,BTC-28MAR25-100000-C,66351.66,buy,0.3,0.3,,,,
341,301726702,2024-05-16 11:07:40,0,0.1515,0.15096708,71.03,BTC-28MAR25-100000-C,66141.04,buy,2.0,2.0,,,,
342,301772760,2024-05-16 15:01:41,2,0.151,0.15069589,71.64,BTC-28MAR25-100000-C,65504.81,sell,4.7,4.7,,,,
343,301806150,2024-05-16 18:08:07,2,0.1505,0.14783366,72.19,BTC-28MAR25-100000-C,64877.28,buy,5.0,5.0,,,,
344,301806151,2024-05-16 18:08:07,3,0.1505,0.14783366,72.19,BTC-28MAR25-100000-C,64877.28,sell,1.0,1.0,,,,
345,301806152,2024-05-16 18:08:07,3,0.1505,0.14783366,72.19,BTC-28MAR25-100000-C,64877.28,sell,4.0,4.0,,,,
346,301880700,2024-05-17 11:06:14,0,0.155,0.15529463,71.73,BTC-28MAR25-100000-C,66304.65,sell,0.1,0.1,,,,
347,301882278,2024-05-17 11:32:39,2,0.154,0.15385371,71.48,BTC-28MAR25-100000-C,66278.87,buy,10.0,10.0,,,,
348,301887133,2024-05-17 12:52:28,0,0.1545,0.15353284,71.3,BTC-28MAR25-100000-C,66501.03,buy,10.0,10.0,,,,
349,301923052,2024-05-17 15:17:56,0,0.1575,0.15645755,71.54,BTC-28MAR25-100000-C,66956.21,buy,0.5,0.5,,,,
350,301927897,2024-05-17 15:30:30,0,0.16,0.15932955,71.61,BTC-28MAR25-100000-C,67464.41,buy,0.3,0.3,,,,
351,301954735,2024-05-17 20:06:09,2,0.158,0.15655275,71.75,BTC-28MAR25-100000-C,66930.64,sell,0.5,0.5,,,,
352,302061997,2024-05-19 16:29:25,0,0.1585,0.15975994,72.26,BTC-28MAR25-100000-C,66747.27,sell,0.5,0.5,,,,
353,302210389,2024-05-20 19:31:08,0,0.168,0.16696087,71.37,BTC-28MAR25-100000-C,69528.68,buy,0.1,0.1,,,,
354,302213840,2024-05-20 19:33:17,0,0.17,0.16854814,71.43,BTC-28MAR25-100000-C,69937.25,buy,0.3,0.3,,,,
355,302256133,2024-05-20 21:17:08,2,0.169,0.16989313,71.92,BTC-28MAR25-100000-C,69037.71,sell,1.0,1.0,,,,
356,302257323,2024-05-20 21:21:51,2,0.168,0.16949947,71.73,BTC-28MAR25-100000-C,68973.98,sell,1.0,1.0,,,,
357,302269406,2024-05-20 22:16:17,0,0.1705,0.17231316,71.41,BTC-28MAR25-100000-C,69726.2,sell,1.0,1.0,,,,
358,302269413,2024-05-20 22:16:17,1,0.1705,0.17231316,71.41,BTC-28MAR25-100000-C,69726.2,buy,0.6,0.6,,,,
359,302269705,2024-05-20 22:17:11,0,0.171,0.17285176,71.4,BTC-28MAR25-100000-C,69835.02,buy,2.0,2.0,,,,
360,302280134,2024-05-20 23:19:16,0,0.175,0.17528218,71.69,BTC-28MAR25-100000-C,70448.35,buy,0.1,0.1,,,,
361,302280229,2024-05-20 23:19:34,0,0.179,0.17532176,72.78,BTC-28MAR25-100000-C,70453.88,buy,1.9,1.9,,,,
362,302287330,2024-05-20 23:28:35,1,0.179,0.17929152,71.81,BTC-28MAR25-100000-C,71214.87,buy,1.3,1.3,,,,
363,302287747,2024-05-20 23:28:57,0,0.18,0.18020459,71.83,BTC-28MAR25-100000-C,71422.35,buy,0.3,0.3,,,,
364,302311114,2024-05-21 00:26:50,0,0.186,0.18411166,73.26,BTC-28MAR25-100000-C,71594.9,buy,3.0,3.0,,,,
365,302324360,2024-05-21 01:26:49,2,0.181,0.18085945,72.6,BTC-28MAR25-100000-C,70983.12,sell,0.4,0.4,,,,
366,302324543,2024-05-21 01:27:15,2,0.1805,0.18090419,72.45,BTC-28MAR25-100000-C,70985.24,sell,0.1,0.1,,,,
367,302324591,2024-05-21 01:27:20,3,0.1805,0.18079868,72.48,BTC-28MAR25-100000-C,70960.3,sell,0.1,0.1,,,,
368,302326023,2024-05-21 01:31:48,2,0.1795,0.18021848,72.34,BTC-28MAR25-100000-C,70857.51,sell,0.5,0.5,,,,
369,302326112,2024-05-21 01:32:08,3,0.1795,0.18036758,72.31,BTC-28MAR25-100000-C,70890.98,sell,0.1,0.1,,,,
370,302326439,2024-05-21 01:34:08,0,0.18,0.18074726,72.32,BTC-28MAR25-100000-C,70965.99,sell,0.5,0.5,,,,
371,302326517,2024-05-21 01:34:19,1,0.18,0.18075816,72.32,BTC-28MAR25-100000-C,70973.17,sell,0.1,0.1,,,,
372,302326878,2024-05-21 01:35:46,1,0.18,0.18077029,72.3,BTC-28MAR25-100000-C,70998.08,sell,0.5,0.5,,,,
373,302326888,2024-05-21 01:35:57,1,0.18,0.1808221,72.29,BTC-28MAR25-100000-C,70999.77,sell,0.1,0.1,,,,
374,302327508,2024-05-21 01:38:37,1,0.18,0.18066501,72.33,BTC-28MAR25-100000-C,70960.11,sell,0.7,0.7,,,,
375,302327604,2024-05-21 01:39:11,1,0.18,0.18076832,72.3,BTC-28MAR25-100000-C,70990.59,sell,0.1,0.1,,,,
376,302327639,2024-05-21 01:39:24,1,0.18,0.1806416,72.33,BTC-28MAR25-100000-C,70952.24,sell,0.1,0.1,,,,
377,302327675,2024-05-21 01:39:29,1,0.18,0.18053362,72.36,BTC-28MAR25-100000-C,70951.99,sell,0.1,0.1,,,,
378,302327684,2024-05-21 01:39:35,1,0.18,0.18062651,72.34,BTC-28MAR25-100000-C,70960.34,sell,0.1,0.1,,,,
379,302327689,2024-05-21 01:39:41,1,0.18,0.18062486,72.34,BTC-28MAR25-100000-C,70962.44,sell,0.1,0.1,,,,
380,302327741,2024-05-21 01:39:55,1,0.18,0.18069687,72.32,BTC-28MAR25-100000-C,70977.17,sell,0.1,0.1,,,,
381,302370995,2024-05-21 07:48:52,2,0.1735,0.175806,70.73,BTC-28MAR25-100000-C,70954.53,buy,0.5,0.5,,,,
382,302373484,2024-05-21 08:01:20,2,0.173,0.17539398,70.68,BTC-28MAR25-100000-C,70887.57,buy,2.0,2.0,,,,
383,302441349,2024-05-21 14:33:13,0,0.1735,0.17325334,71.36,BTC-28MAR25-100000-C,70456.27,buy,0.1,0.1,,,,
384,302444278,2024-05-21 14:45:53,1,0.1735,0.17285413,71.47,BTC-28MAR25-100000-C,70418.86,buy,0.1,0.1,,,,
385,302509373,2024-05-21 21:54:43,2,0.1685,0.17015621,71.06,BTC-28MAR25-100000-C,69675.89,buy,3.6,3.6,,,,
386,302509374,2024-05-21 21:54:43,3,0.1685,0.17015621,71.06,BTC-28MAR25-100000-C,69675.89,buy,1.4,1.4,,,,
387,302533436,2024-05-22 03:11:23,0,0.1705,0.17197615,71.2,BTC-28MAR25-100000-C,69936.23,sell,1.0,1.0,,,,
388,302661982,2024-05-23 00:59:23,2,0.165,0.16669603,70.21,BTC-28MAR25-100000-C,69480.22,buy,0.1,0.1,,,,
389,302677763,2024-05-23 06:50:40,2,0.163,0.16268887,69.58,BTC-28MAR25-100000-C,69582.42,buy,0.4,0.4,,,,
390,302728889,2024-05-23 13:46:46,2,0.16,0.15988186,70.16,BTC-28MAR25-100000-C,68370.69,sell,0.4,0.4,,,,
391,302766166,2024-05-23 16:40:45,2,0.1585,0.1574873,70.28,BTC-28MAR25-100000-C,68086.11,buy,0.8,0.8,,,,
392,302766167,2024-05-23 16:40:45,3,0.1585,0.1574873,70.28,BTC-28MAR25-100000-C,68086.11,buy,0.2,0.2,,,,
393,302766316,2024-05-23 16:42:15,0,0.159,0.15768338,70.42,BTC-28MAR25-100000-C,68096.64,buy,0.8,0.8,,,,
394,302766317,2024-05-23 16:42:15,1,0.159,0.15768338,70.42,BTC-28MAR25-100000-C,68096.64,buy,0.2,0.2,,,,
395,302766491,2024-05-23 16:45:14,2,0.1585,0.15746201,70.3,BTC-28MAR25-100000-C,68078.05,buy,0.7,0.7,,,,
396,302766492,2024-05-23 16:45:14,3,0.1585,0.15746201,70.3,BTC-28MAR25-100000-C,68078.05,buy,2.0,2.0,,,,
397,302767657,2024-05-23 16:56:03,2,0.1573,0.15636412,70.3,BTC-28MAR25-100000-C,67818.82,buy,14.0,14.0,,142209,,BTC-CDIAG-28MAR25_27SEP24-100000_70000
398,302769892,2024-05-23 17:13:48,0,0.159,0.15781024,70.65,BTC-28MAR25-100000-C,67917.88,buy,3.0,3.0,,,,
399,302771433,2024-05-23 17:32:14,0,0.161,0.15997133,71.1,BTC-28MAR25-100000-C,68008.69,buy,0.6,0.6,,,,
400,302863404,2024-05-23 23:34:47,2,0.16,0.15986571,71.07,BTC-28MAR25-100000-C,67702.08,sell,0.1,0.1,,,,
401,302944522,2024-05-24 14:05:38,2,0.154,0.15374843,70.43,BTC-28MAR25-100000-C,67056.46,sell,0.2,0.2,,,,
402,302945603,2024-05-24 14:13:02,2,0.1535,0.15463674,70.15,BTC-28MAR25-100000-C,67166.3,sell,0.2,0.2,,,,
403,303068817,2024-05-26 08:49:09,0,0.162,0.16024289,70.6,BTC-28MAR25-100000-C,69077.77,buy,0.1,0.1,,,,
404,303110847,2024-05-27 01:39:46,2,0.1605,0.15942224,70.34,BTC-28MAR25-100000-C,68950.42,buy,0.1,0.1,,,,
405,303216249,2024-05-27 19:20:53,0,0.1625,0.16316799,69.45,BTC-28MAR25-100000-C,69870.99,buy,0.2,0.2,,,,
406,303233960,2024-05-27 23:12:25,2,0.16,0.16197105,69.41,BTC-28MAR25-100000-C,69458.41,sell,0.2,0.2,,,,
407,303263308,2024-05-28 03:26:33,2,0.157,0.15573829,70.32,BTC-28MAR25-100000-C,68142.64,sell,2.0,2.0,,,,
408,303336343,2024-05-28 14:01:49,3,0.157,0.15690573,70.99,BTC-28MAR25-100000-C,67540.73,sell,0.1,0.1,,,,
409,303383536,2024-05-28 20:40:21,0,0.1575,0.15907629,70.17,BTC-28MAR25-100000-C,68270.52,buy,2.3,2.3,,,,
410,303383537,2024-05-28 20:40:21,1,0.1575,0.15907629,70.17,BTC-28MAR25-100000-C,68270.52,buy,2.5,2.5,,,,
411,303387716,2024-05-28 22:03:36,0,0.159,0.15853079,70.41,BTC-28MAR25-100000-C,68405.71,buy,0.1,0.1,,,,
412,303424934,2024-05-29 08:47:01,2,0.1545,0.15609334,69.94,BTC-28MAR25-100000-C,67772.07,buy,5.0,5.0,,,,
413,303458476,2024-05-29 14:56:25,2,0.154,0.15515261,69.97,BTC-28MAR25-100000-C,67635.44,sell,0.1,0.1,,,,
414,303458581,2024-05-29 14:57:27,3,0.154,0.15488202,70.02,BTC-28MAR25-100000-C,67589.65,sell,0.1,0.1,,,,
415,303460290,2024-05-29 15:11:28,2,0.1525,0.15406708,69.7,BTC-28MAR25-100000-C,67506.54,buy,0.1,0.1,,,,
416,303473972,2024-05-29 16:07:07,2,0.1505,0.15174784,69.71,BTC-28MAR25-100000-C,67140.01,buy,0.1,0.1,,,,
417,303474204,2024-05-29 16:07:59,0,0.151,0.15188159,69.81,BTC-28MAR25-100000-C,67176.04,buy,0.1,0.1,,,,
418,303682230,2024-05-31 10:24:58,0,0.152,0.15097551,69.4,BTC-28MAR25-100000-C,68112.79,buy,0.1,0.1,,,,
419,303711318,2024-05-31 13:42:58,0,0.153,0.15207731,69.14,BTC-28MAR25-100000-C,68378.17,sell,0.1,0.1,,,,
420,303715591,2024-05-31 14:02:01,2,0.15,0.15006544,68.98,BTC-28MAR25-100000-C,67810.03,sell,0.4,0.4,,,,
421,303715592,2024-05-31 14:02:01,3,0.15,0.15006544,68.98,BTC-28MAR25-100000-C,67810.03,sell,0.2,0.2,,,,
422,303750646,2024-05-31 16:55:04,2,0.144,0.14538743,68.35,BTC-28MAR25-100000-C,67076.33,sell,0.7,0.7,,,,
423,303766778,2024-05-31 20:28:01,0,0.1465,0.14781969,68.26,BTC-28MAR25-100000-C,67594.27,sell,0.1,0.1,,,,
424,303766810,2024-05-31 20:28:53,1,0.1465,0.14770212,68.28,BTC-28MAR25-100000-C,67580.32,buy,0.1,0.1,,,,
425,303771752,2024-05-31 22:16:09,2,0.146,0.1469286,68.26,BTC-28MAR25-100000-C,67551.23,buy,2.0,2.0,,,,
426,303795523,2024-06-01 11:52:09,0,0.147,0.14542602,68.43,BTC-28MAR25-100000-C,67626.57,sell,1.0,1.0,,,,
427,303795527,2024-06-01 11:52:56,1,0.147,0.14541829,68.44,BTC-28MAR25-100000-C,67626.05,sell,1.0,1.0,,,,
428,303806254,2024-06-01 21:22:40,2,0.145,0.1443167,67.85,BTC-28MAR25-100000-C,67699.55,buy,0.1,0.1,,,,
429,303806285,2024-06-01 21:23:03,0,0.1455,0.14433985,67.99,BTC-28MAR25-100000-C,67704.47,buy,0.1,0.1,,,,
430,303813513,2024-06-02 02:53:44,0,0.146,0.14518703,68.24,BTC-28MAR25-100000-C,67627.14,buy,0.1,0.1,,,,
431,303832543,2024-06-02 13:10:16,2,0.1435,0.1430904,67.33,BTC-28MAR25-100000-C,67848.16,buy,0.1,0.1,,,,
432,303832935,2024-06-02 13:26:22,0,0.1445,0.14352197,67.38,BTC-28MAR25-100000-C,68014.63,buy,4.0,4.0,,,,
433,303834651,2024-06-02 14:13:42,0,0.145,0.14365223,67.48,BTC-28MAR25-100000-C,68053.3,buy,1.0,1.0,,,,
434,303835154,2024-06-02 14:19:16,1,0.145,0.14410214,67.32,BTC-28MAR25-100000-C,68153.85,buy,0.1,0.1,,,,
435,303836321,2024-06-02 14:27:49,1,0.145,0.14440346,67.17,BTC-28MAR25-100000-C,68243.03,buy,4.9,4.9,,,,
436,303836322,2024-06-02 14:27:49,1,0.145,0.14440346,67.17,BTC-28MAR25-100000-C,68243.03,buy,1.9,1.9,,,,
437,303842651,2024-06-02 17:01:33,0,0.1465,0.14590242,67.84,BTC-28MAR25-100000-C,68053.64,buy,0.1,0.1,,,,
438,303852688,2024-06-02 19:17:50,2,0.145,0.1446042,68.14,BTC-28MAR25-100000-C,67428.34,sell,0.1,0.1,,,,
439,303874396,2024-06-03 01:11:55,0,0.146,0.14637533,67.65,BTC-28MAR25-100000-C,68078.48,buy,0.3,0.3,,,,
440,303875980,2024-06-03 01:21:01,0,0.147,0.14732175,67.65,BTC-28MAR25-100000-C,68270.01,buy,0.1,0.1,,,,
441,303878785,2024-06-03 01:52:08,0,0.1475,0.14785888,67.59,BTC-28MAR25-100000-C,68415.2,buy,0.1,0.1,,,,
442,303879201,2024-06-03 01:52:48,0,0.148,0.14827734,67.62,BTC-28MAR25-100000-C,68479.91,buy,0.1,0.1,,,,
443,303879657,2024-06-03 01:55:43,0,0.1485,0.14816994,67.8,BTC-28MAR25-100000-C,68439.14,buy,0.1,0.1,,,,
444,303882152,2024-06-03 02:02:49,0,0.149,0.14921322,67.66,BTC-28MAR25-100000-C,68646.02,buy,0.1,0.1,,,,
445,303921472,2024-06-03 08:47:02,0,0.158,0.1545195,69.2,BTC-28MAR25-100000-C,69250.38,buy,0.6,0.6,,,,
446,303921528,2024-06-03 08:47:17,1,0.158,0.15443561,69.23,BTC-28MAR25-100000-C,69230.2,sell,0.1,0.1,,,,
447,303961043,2024-06-03 14:01:02,1,0.158,0.15725377,68.53,BTC-28MAR25-100000-C,69894.04,sell,0.2,0.2,,,,
448,303961521,2024-06-03 14:03:00,2,0.1575,0.15647078,68.63,BTC-28MAR25-100000-C,69693.45,sell,0.1,0.1,,,,
449,303961854,2024-06-03 14:04:40,3,0.1575,0.15662206,68.6,BTC-28MAR25-100000-C,69707.57,sell,0.1,0.1,,,,
450,304046339,2024-06-04 06:34:35,2,0.155,0.15291621,69.11,BTC-28MAR25-100000-C,68968.53,buy,0.1,0.1,,,,
451,304065940,2024-06-04 13:15:06,2,0.151,0.15131784,67.89,BTC-28MAR25-100000-C,69202.95,buy,0.1,0.1,,,,
452,304066028,2024-06-04 13:15:27,3,0.151,0.15144035,67.85,BTC-28MAR25-100000-C,69238.11,buy,2.9,2.9,,,,
453,304174388,2024-06-05 01:35:45,0,0.16,0.16008549,67.79,BTC-28MAR25-100000-C,71249.66,buy,0.4,0.4,,,,
454,304215782,2024-06-05 08:43:53,2,0.159,0.1599098,67.83,BTC-28MAR25-100000-C,71014.31,buy,4.0,4.0,,,,
455,304228330,2024-06-05 12:01:09,0,0.16,0.15804749,68.38,BTC-28MAR25-100000-C,70953.67,buy,2.0,2.0,,,,
456,304298126,2024-06-05 21:37:06,0,0.161,0.15913761,68.48,BTC-28MAR25-100000-C,71117.51,buy,0.1,0.1,,,,
457,304374032,2024-06-06 17:22:22,2,0.1605,0.15836081,68.42,BTC-28MAR25-100000-C,71160.12,buy,1.5,1.5,,,,
458,304374177,2024-06-06 17:24:53,3,0.1605,0.15857182,68.42,BTC-28MAR25-100000-C,71149.13,sell,10.0,10.0,,,,
459,304407444,2024-06-07 03:27:56,2,0.1545,0.15465881,67.17,BTC-28MAR25-100000-C,70924.85,buy,0.8,0.8,,,,
460,304528529,2024-06-07 18:00:44,2,0.15,0.14940614,67.47,BTC-28MAR25-100000-C,69580.38,sell,0.2,0.2,,,,
461,304528530,2024-06-07 18:00:44,3,0.15,0.14940614,67.47,BTC-28MAR25-100000-C,69580.38,sell,0.5,0.5,,,,
462,304581226,2024-06-08 02:38:52,2,0.146,0.14626386,66.75,BTC-28MAR25-100000-C,69387.68,buy,0.1,0.1,,,,
463,304586841,2024-06-08 06:16:31,2,0.145,0.14521167,66.58,BTC-28MAR25-100000-C,69289.33,buy,0.1,0.1,,,,
464,304586882,2024-06-08 06:17:40,2,0.1445,0.14504594,66.46,BTC-28MAR25-100000-C,69276.63,buy,0.1,0.1,,,,
465,304587064,2024-06-08 06:23:25,0,0.145,0.14527284,66.54,BTC-28MAR25-100000-C,69319.71,buy,0.1,0.1,,,,
466,304587114,2024-06-08 06:25:25,2,0.1445,0.14530561,66.39,BTC-28MAR25-100000-C,69342.33,buy,0.1,0.1,,,,
467,304591092,2024-06-08 07:56:56,0,0.145,0.14598502,66.37,BTC-28MAR25-100000-C,69493.52,buy,0.5,0.5,,,,
468,304630561,2024-06-09 15:05:34,2,0.144,0.14453596,66.29,BTC-28MAR25-100000-C,69496.8,buy,0.2,0.2,,,,
469,304630563,2024-06-09 15:06:57,0,0.1445,0.14431556,66.42,BTC-28MAR25-100000-C,69496.15,buy,0.2,0.2,,,,
470,304636930,2024-06-09 18:30:33,0,0.1485,0.145135,67.15,BTC-28MAR25-100000-C,69784.29,buy,0.1,0.1,,,,
471,304785759,2024-06-11 02:08:37,2,0.14,0.14086933,66.82,BTC-28MAR25-100000-C,68626.44,sell,0.1,0.1,,,,
472,304788359,2024-06-11 02:18:15,3,0.14,0.14015817,67.18,BTC-28MAR25-100000-C,68215.51,sell,0.4,0.4,,,,
473,304790925,2024-06-11 02:19:01,2,0.137,0.13829542,66.89,BTC-28MAR25-100000-C,67942.72,buy,0.1,0.1,,,,
474,304797874,2024-06-11 02:33:13,2,0.1355,0.13693682,66.48,BTC-28MAR25-100000-C,67984.74,buy,0.1,0.1,,,,
475,304798382,2024-06-11 02:35:36,0,0.1365,0.13714738,66.71,BTC-28MAR25-100000-C,68038.5,buy,0.1,0.1,,,,
476,304799020,2024-06-11 02:37:45,2,0.136,0.13711513,66.59,BTC-28MAR25-100000-C,68042.99,buy,0.1,0.1,,,,
477,304799452,2024-06-11 02:39:43,3,0.136,0.13652025,66.69,BTC-28MAR25-100000-C,67976.56,buy,0.1,0.1,,,,
478,304801686,2024-06-11 02:49:21,0,0.1365,0.13777879,66.5,BTC-28MAR25-100000-C,68239.5,buy,0.1,0.1,,,,
479,304823211,2024-06-11 05:23:40,2,0.136,0.13575193,67.07,BTC-28MAR25-100000-C,67856.36,buy,0.7,0.7,,,,
480,304832649,2024-06-11 06:30:30,2,0.135,0.13431286,67.72,BTC-28MAR25-100000-C,67626.25,sell,0.1,0.1,,,,
481,304832844,2024-06-11 06:31:51,2,0.134,0.13420221,67.42,BTC-28MAR25-100000-C,67617.02,buy,0.1,0.1,,,,
482,304849018,2024-06-11 08:13:33,2,0.1315,0.13231255,66.92,BTC-28MAR25-100000-C,67374.03,buy,0.1,0.1,,,,
483,304864965,2024-06-11 09:51:43,2,0.13,0.13019981,67.39,BTC-28MAR25-100000-C,66924.39,sell,0.5,0.5,,,,
484,304865013,2024-06-11 09:51:52,2,0.1295,0.13022873,67.26,BTC-28MAR25-100000-C,66919.89,sell,6.2,6.2,,,,
485,304866226,2024-06-11 09:57:51,0,0.13,0.13031413,67.18,BTC-28MAR25-100000-C,67090.91,buy,0.1,0.1,,,,
486,304867533,2024-06-11 10:03:18,2,0.129,0.12897734,67.2,BTC-28MAR25-100000-C,66862.7,buy,0.1,0.1,,,,
487,304872988,2024-06-11 10:16:23,0,0.1295,0.12871737,67.37,BTC-28MAR25-100000-C,67131.19,buy,0.1,0.1,,,,
488,304919186,2024-06-11 15:05:06,2,0.129,0.13098592,66.63,BTC-28MAR25-100000-C,66777.43,sell,0.5,0.5,,,,
489,304941411,2024-06-11 16:23:51,0,0.13,0.13045272,67.28,BTC-28MAR25-100000-C,66457.47,buy,0.1,0.1,,,,
490,304941850,2024-06-11 16:25:51,0,0.1305,0.13064463,67.41,BTC-28MAR25-100000-C,66473.29,buy,0.1,0.1,,,,
491,304943240,2024-06-11 16:42:17,1,0.1305,0.13135409,67.31,BTC-28MAR25-100000-C,66561.27,buy,0.1,0.1,,,,
492,304944156,2024-06-11 16:54:06,2,0.13,0.13100269,67.32,BTC-28MAR25-100000-C,66431.44,buy,0.1,0.1,,,,
493,304944693,2024-06-11 16:56:35,3,0.13,0.13072611,67.36,BTC-28MAR25-100000-C,66401.6,buy,0.1,0.1,,,,
494,304953325,2024-06-11 18:33:36,0,0.135,0.13389455,67.91,BTC-28MAR25-100000-C,67086.5,buy,0.3,0.3,,,,
495,305005596,2024-06-12 09:55:19,0,0.139,0.13799243,68.08,BTC-28MAR25-100000-C,67724.36,buy,1.3,1.3,,,,
496,305005739,2024-06-12 09:55:27,1,0.139,0.13804628,68.06,BTC-28MAR25-100000-C,67741.84,buy,0.3,0.3,,,,
497,305005794,2024-06-12 09:55:29,1,0.139,0.13812142,68.04,BTC-28MAR25-100000-C,67747.93,buy,0.4,0.4,,,,
498,305008351,2024-06-12 10:07:29,0,0.14,0.13911272,68.05,BTC-28MAR25-100000-C,67991.47,buy,0.2,0.2,,,,
499,305026271,2024-06-12 12:31:02,0,0.145,0.14388186,68.49,BTC-28MAR25-100000-C,69150.0,buy,0.3,0.3,,,,
500,305060953,2024-06-12 14:22:38,0,0.15,0.14881131,68.68,BTC-28MAR25-100000-C,69808.27,buy,0.2,0.2,,,,
501,305070450,2024-06-12 15:16:37,0,0.1505,0.14974221,68.65,BTC-28MAR25-100000-C,69791.38,sell,1.9,1.9,,,,
502,305070451,2024-06-12 15:16:37,1,0.1505,0.14974221,68.65,BTC-28MAR25-100000-C,69791.38,sell,0.1,0.1,,,,
503,305070495,2024-06-12 15:17:23,1,0.1505,0.14969901,68.69,BTC-28MAR25-100000-C,69748.19,sell,1.5,1.5,,,,
504,305070867,2024-06-12 15:21:35,0,0.1515,0.15077222,68.78,BTC-28MAR25-100000-C,69898.68,sell,0.1,0.1,,,,
505,305103544,2024-06-12 18:49:05,2,0.145,0.14462742,68.46,BTC-28MAR25-100000-C,68691.59,sell,0.2,0.2,,,,
506,305121575,2024-06-12 19:47:36,2,0.14,0.13901067,68.48,BTC-28MAR25-100000-C,67637.57,sell,0.3,0.3,,,,
507,305161280,2024-06-13 03:02:28,2,0.1365,0.13681871,67.83,BTC-28MAR25-100000-C,67673.73,buy,0.1,0.1,,,,
508,305161863,2024-06-13 03:07:27,3,0.1365,0.13673262,67.85,BTC-28MAR25-100000-C,67691.06,buy,0.1,0.1,,,,
509,305162062,2024-06-13 03:09:26,3,0.1365,0.13693524,67.8,BTC-28MAR25-100000-C,67719.46,buy,0.1,0.1,,,,
510,305162277,2024-06-13 03:12:06,2,0.136,0.13701237,67.64,BTC-28MAR25-100000-C,67722.06,buy,0.1,0.1,,,,
511,305162387,2024-06-13 03:14:57,0,0.1365,0.13742183,67.67,BTC-28MAR25-100000-C,67814.93,buy,0.1,0.1,,,,
512,305162516,2024-06-13 03:16:51,1,0.1365,0.13743452,67.67,BTC-28MAR25-100000-C,67808.09,buy,0.1,0.1,,,,
513,305162539,2024-06-13 03:17:37,1,0.1365,0.13741285,67.68,BTC-28MAR25-100000-C,67804.59,buy,0.1,0.1,,,,
514,305162816,2024-06-13 03:20:57,2,0.136,0.13678396,67.73,BTC-28MAR25-100000-C,67648.49,buy,0.1,0.1,,,,
515,305167514,2024-06-13 03:39:29,2,0.135,0.13474675,68.3,BTC-28MAR25-100000-C,67016.38,sell,0.2,0.2,,,,
516,305252789,2024-06-13 15:48:56,2,0.13,0.1306477,67.44,BTC-28MAR25-100000-C,66476.51,sell,0.3,0.3,,,,
517,305322632,2024-06-14 12:15:17,3,0.13,0.1297902,66.77,BTC-28MAR25-100000-C,67127.47,buy,0.1,0.1,,,,
518,305377479,2024-06-14 17:54:52,2,0.12,0.12086997,66.36,BTC-28MAR25-100000-C,65380.58,sell,0.2,0.2,,,,
519,305378650,2024-06-14 18:08:12,3,0.12,0.12015339,66.59,BTC-28MAR25-100000-C,65209.1,sell,0.1,0.1,,,,
520,305378802,2024-06-14 18:08:56,3,0.12,0.12013279,66.61,BTC-28MAR25-100000-C,65210.4,sell,0.2,0.2,,,,
521,305378803,2024-06-14 18:08:56,3,0.12,0.12013279,66.61,BTC-28MAR25-100000-C,65210.4,sell,0.1,0.1,,,,
522,305380566,2024-06-14 18:23:33,2,0.1175,0.11933556,66.01,BTC-28MAR25-100000-C,65078.65,sell,0.1,0.1,,,,
523,305404644,2024-06-15 00:31:06,0,0.123,0.12345594,66.41,BTC-28MAR25-100000-C,66069.32,buy,1.3,1.3,,,,
524,305404645,2024-06-15 00:31:06,1,0.123,0.12345594,66.41,BTC-28MAR25-100000-C,66069.32,buy,0.3,0.3,,,,
525,305404844,2024-06-15 00:38:04,1,0.123,0.12310522,66.34,BTC-28MAR25-100000-C,66114.45,buy,1.3,1.3,,,,
526,305404984,2024-06-15 00:42:20,1,0.123,0.1231018,66.3,BTC-28MAR25-100000-C,66147.44,buy,1.1,1.1,,,,
527,305423025,2024-06-15 10:08:02,0,0.1235,0.12370399,66.43,BTC-28MAR25-100000-C,66173.06,sell,1.7,1.7,,,,
528,305427415,2024-06-15 14:27:44,2,0.123,0.12267849,66.31,BTC-28MAR25-100000-C,66184.86,sell,0.1,0.1,,,,
529,305430462,2024-06-15 16:43:37,2,0.122,0.12429722,65.98,BTC-28MAR25-100000-C,66223.42,sell,0.7,0.7,,,,
530,305430590,2024-06-15 16:48:32,2,0.1215,0.12403333,65.89,BTC-28MAR25-100000-C,66184.0,sell,0.7,0.7,,,,
531,305438863,2024-06-15 22:15:55,2,0.1199,0.12221692,65.65,BTC-28MAR25-100000-C,66038.39,buy,1.0,1.0,,,305438861,BTC-CS-28MAR25-70000_100000
532,305439384,2024-06-15 22:33:45,2,0.1197,0.12211478,65.62,BTC-28MAR25-100000-C,66033.09,buy,1.0,1.0,,,305439383,BTC-CS-28MAR25-70000_100000
533,305565341,2024-06-17 17:59:27,0,0.125,0.12447024,66.77,BTC-28MAR25-100000-C,66489.34,buy,0.1,0.1,,,,
534,305565558,2024-06-17 17:59:46,1,0.125,0.1245351,66.75,BTC-28MAR25-100000-C,66499.38,buy,0.2,0.2,,,,
535,305601423,2024-06-18 00:49:11,2,0.12,0.1210794,66.28,BTC-28MAR25-100000-C,65772.31,sell,0.3,0.3,,,,
536,305695504,2024-06-18 13:54:38,2,0.113,0.11490817,66.33,BTC-28MAR25-100000-C,64819.55,sell,0.1,0.1,,,,
537,305698734,2024-06-18 14:07:05,2,0.112,0.1136938,66.34,BTC-28MAR25-100000-C,64628.07,sell,0.7,0.7,,,,
538,305810358,2024-06-19 02:50:53,0,0.12,0.1177334,67.62,BTC-28MAR25-100000-C,65248.41,buy,0.1,0.1,,,,
539,305818851,2024-06-19 04:27:14,0,0.1205,0.11896292,67.25,BTC-28MAR25-100000-C,65564.84,sell,0.1,0.1,,,,
540,305826978,2024-06-19 06:56:04,2,0.1199,0.11921021,67.19,BTC-28MAR25-100000-C,65528.74,buy,25.0,25.0,,145000,,BTC-CDIAG-28MAR25_27DEC24-100000_95000
541,305850905,2024-06-19 12:21:05,0,0.12,0.11784295,67.78,BTC-28MAR25-100000-C,65043.42,buy,0.9,0.9,,,,
542,305916104,2024-06-20 07:07:39,2,0.1155,0.11824315,65.87,BTC-28MAR25-100000-C,65537.4,sell,0.1,0.1,,,,
543,305922904,2024-06-20 07:51:58,0,0.12,0.11921852,66.83,BTC-28MAR25-100000-C,65830.49,buy,530.0,530.0,,145132,,
544,305938214,2024-06-20 11:05:08,0,0.1225,0.12099169,67.18,BTC-28MAR25-100000-C,66203.68,buy,0.8,0.8,,,,
545,305991166,2024-06-20 20:11:17,2,0.118,0.11782383,67.41,BTC-28MAR25-100000-C,65100.29,buy,1.0,1.0,,,,
546,306037102,2024-06-21 08:43:26,2,0.111,0.11228113,66.68,BTC-28MAR25-100000-C,64191.1,sell,0.1,0.1,,,,
547,306037103,2024-06-21 08:43:26,2,0.1105,0.11228113,66.52,BTC-28MAR25-100000-C,64191.1,sell,0.1,0.1,,,,
548,306043813,2024-06-21 09:03:58,0,0.112,0.11082123,67.77,BTC-28MAR25-100000-C,63561.07,sell,0.5,0.5,,,,
549,306074810,2024-06-21 13:50:43,2,0.11,0.11035516,67.17,BTC-28MAR25-100000-C,63552.22,sell,0.5,0.5,,,,
550,306160782,2024-06-23 20:31:20,2,0.106,0.10828282,65.79,BTC-28MAR25-100000-C,63960.67,sell,0.1,0.1,,,,
551,306235625,2024-06-24 09:33:25,2,0.1,0.09880144,67.63,BTC-28MAR25-100000-C,61105.03,sell,0.5,0.5,,,,
552,306235626,2024-06-24 09:33:25,3,0.1,0.09880144,67.63,BTC-28MAR25-100000-C,61105.03,sell,0.6,0.6,,,,
553,306243414,2024-06-24 09:37:26,2,0.099,0.09948504,67.69,BTC-28MAR25-100000-C,60873.83,sell,0.1,0.1,,,,
554,306275097,2024-06-24 11:54:59,0,0.1,0.09895714,67.48,BTC-28MAR25-100000-C,61271.96,buy,0.1,0.1,,,,
555,306317117,2024-06-24 16:41:35,2,0.095,0.09739319,66.39,BTC-28MAR25-100000-C,60625.92,sell,1.0,1.0,,,,
556,306341031,2024-06-24 18:10:28,0,0.096,0.09649255,67.42,BTC-28MAR25-100000-C,60053.45,sell,0.2,0.2,,,,
557,306352001,2024-06-24 19:34:26,2,0.0945,0.0952911,66.99,BTC-28MAR25-100000-C,60035.57,buy,0.1,0.1,,,,
558,306472007,2024-06-25 14:29:37,0,0.105,0.10453478,67.86,BTC-28MAR25-100000-C,62036.59,buy,0.3,0.3,,,,
559,306474612,2024-06-25 14:41:43,1,0.105,0.10413742,68.07,BTC-28MAR25-100000-C,61877.75,sell,1.0,1.0,,,,
560,306512549,2024-06-25 20:37:06,1,0.105,0.10588844,67.86,BTC-28MAR25-100000-C,62022.99,sell,0.1,0.1,,,,
561,306513243,2024-06-25 20:55:14,1,0.105,0.10546649,68.03,BTC-28MAR25-100000-C,61900.99,sell,0.1,0.1,,,,
562,306515002,2024-06-25 21:47:43,1,0.105,0.10573305,67.98,BTC-28MAR25-100000-C,61924.49,sell,2.8,2.8,,,,
563,306556599,2024-06-26 08:54:22,2,0.1015,0.10262529,67.54,BTC-28MAR25-100000-C,61525.27,sell,0.1,0.1,,,,
564,306561866,2024-06-26 10:24:52,0,0.102,0.1016025,68.13,BTC-28MAR25-100000-C,61226.6,sell,0.4,0.4,,,,
565,306563049,2024-06-26 10:33:47,2,0.101,0.10203085,67.69,BTC-28MAR25-100000-C,61300.65,sell,0.3,0.3,,,,
566,306563050,2024-06-26 10:33:47,3,0.101,0.10203085,67.69,BTC-28MAR25-100000-C,61300.65,sell,0.1,0.1,,,,
567,306563767,2024-06-26 10:43:18,2,0.1005,0.10152449,67.6,BTC-28MAR25-100000-C,61223.09,sell,0.1,0.1,,,,
568,306563891,2024-06-26 10:47:28,0,0.1016,0.10136488,67.99,BTC-28MAR25-100000-C,61198.43,buy,100.0,100.0,,145952,,
569,306586556,2024-06-26 14:56:31,2,0.1015,0.1021151,67.31,BTC-28MAR25-100000-C,61785.46,sell,0.1,0.1,,,,
570,306586557,2024-06-26 14:56:31,3,0.1015,0.1021151,67.31,BTC-28MAR25-100000-C,61785.46,buy,1.4,1.4,,,,
571,306603420,2024-06-26 17:18:29,2,0.1,0.0999717,67.89,BTC-28MAR25-100000-C,60943.1,sell,0.3,0.3,,,,
572,306708529,2024-06-27 15:36:26,2,0.0975,0.09622234,66.53,BTC-28MAR25-100000-C,61501.03,buy,3.0,3.0,,,,
573,306746071,2024-06-28 01:39:14,0,0.1,0.10017839,66.78,BTC-28MAR25-100000-C,62080.5,sell,0.1,0.1,,,,
574,306746517,2024-06-28 01:41:24,0,0.101,0.10016559,67.09,BTC-28MAR25-100000-C,62065.61,buy,4.9,4.9,,,,
575,306752912,2024-06-28 02:48:21,2,0.0985,0.09892317,66.95,BTC-28MAR25-100000-C,61556.89,sell,0.1,0.1,,,,
576,306752919,2024-06-28 02:48:23,3,0.0985,0.09886154,66.98,BTC-28MAR25-100000-C,61538.19,sell,0.9,0.9,,,,
577,306752944,2024-06-28 02:48:33,3,0.0985,0.09884341,66.98,BTC-28MAR25-100000-C,61539.08,sell,0.3,0.3,,,,
578,306753132,2024-06-28 02:51:48,3,0.0985,0.09928571,66.89,BTC-28MAR25-100000-C,61623.33,sell,3.7,3.7,,,,
579,306765337,2024-06-28 06:15:44,2,0.0955,0.09653801,66.02,BTC-28MAR25-100000-C,61568.65,buy,1.0,1.0,,,,
580,306765346,2024-06-28 06:15:58,0,0.096,0.09651209,66.18,BTC-28MAR25-100000-C,61563.56,buy,1.0,1.0,,,,
581,306765853,2024-06-28 06:22:47,2,0.0955,0.09591107,66.05,BTC-28MAR25-100000-C,61535.74,buy,1.0,1.0,,,,
582,306801658,2024-06-28 10:00:47,0,0.0968,0.09513869,66.7,BTC-28MAR25-100000-C,61491.87,buy,100.0,100.0,,146255,,
583,306807170,2024-06-28 11:57:41,0,0.0972,0.09630541,66.68,BTC-28MAR25-100000-C,61581.37,buy,100.0,100.0,,146266,,
584,306807622,2024-06-28 12:04:24,1,0.0972,0.09621558,66.6,BTC-28MAR25-100000-C,61647.75,buy,30.0,30.0,,146267,,
585,306825983,2024-06-28 14:03:39,2,0.0945,0.09457262,66.05,BTC-28MAR25-100000-C,61316.3,sell,0.1,0.1,,,,
586,306826662,2024-06-28 14:08:09,2,0.094,0.094731,65.79,BTC-28MAR25-100000-C,61393.45,sell,0.9,0.9,,,,
587,306828819,2024-06-28 14:18:37,3,0.094,0.09370264,66.18,BTC-28MAR25-100000-C,61065.2,sell,0.1,0.1,,,,
588,306884432,2024-06-29 01:00:09,0,0.095,0.09517161,67.12,BTC-28MAR25-100000-C,60650.27,buy,0.1,0.1,,,,
589,306885367,2024-06-29 01:15:00,0,0.0965,0.09595182,67.41,BTC-28MAR25-100000-C,60800.47,buy,0.9,0.9,,,,
590,306888970,2024-06-29 02:57:07,2,0.094,0.09438488,66.92,BTC-28MAR25-100000-C,60634.26,sell,1.0,1.0,,,,
591,306908814,2024-06-29 14:09:59,0,0.095,0.09338489,66.61,BTC-28MAR25-100000-C,61035.75,sell,0.1,0.1,,,,
592,306908817,2024-06-29 14:10:51,1,0.095,0.09339362,66.6,BTC-28MAR25-100000-C,61041.42,sell,0.2,0.2,,,,
593,306944882,2024-06-30 12:22:17,2,0.093,0.09400987,65.6,BTC-28MAR25-100000-C,61509.09,sell,0.1,0.1,,,,
594,306950994,2024-06-30 14:48:05,2,0.0915,0.09174388,65.13,BTC-28MAR25-100000-C,61445.81,buy,1.0,1.0,,,,
595,307008324,2024-07-01 04:14:50,0,0.1,0.10110401,65.31,BTC-28MAR25-100000-C,63334.52,buy,0.5,0.5,,,,
596,307008326,2024-07-01 04:14:57,1,0.1,0.10108163,65.31,BTC-28MAR25-100000-C,63334.99,buy,0.5,0.5,,,,
597,307008505,2024-07-01 04:22:48,2,0.0995,0.1001627,65.17,BTC-28MAR25-100000-C,63333.57,buy,0.5,0.5,,,,
598,307008506,2024-07-01 04:22:58,3,0.0995,0.10014132,65.18,BTC-28MAR25-100000-C,63326.23,buy,0.5,0.5,,,,
599,307047110,2024-07-01 15:34:13,2,0.0965,0.09574772,65.03,BTC-28MAR25-100000-C,62904.79,buy,0.1,0.1,,,,
600,307047114,2024-07-01 15:34:15,3,0.0965,0.09574998,65.03,BTC-28MAR25-100000-C,62904.6,buy,0.2,0.2,,,,
601,307051219,2024-07-01 16:32:46,0,0.0985,0.09785881,65.31,BTC-28MAR25-100000-C,63182.05,buy,100.0,100.0,,146532,,
602,307059713,2024-07-01 18:03:32,0,0.099,0.09955891,64.94,BTC-28MAR25-100000-C,63615.15,buy,0.1,0.1,,,,
603,307059723,2024-07-01 18:03:32,1,0.099,0.09955891,64.94,BTC-28MAR25-100000-C,63615.15,buy,0.9,0.9,,,,
604,307095425,2024-07-02 07:11:26,2,0.0942,0.09352789,64.78,BTC-28MAR25-100000-C,62613.61,buy,20.0,20.0,,146563,,BTC-CDIAG-28MAR25_27DEC24-100000_95000
605,307107025,2024-07-02 10:02:08,0,0.0944,0.09309514,64.96,BTC-28MAR25-100000-C,62542.41,buy,100.0,100.0,,146569,,
606,307110091,2024-07-02 11:26:32,2,0.093,0.09263088,64.45,BTC-28MAR25-100000-C,62600.71,buy,0.1,0.1,,,,
607,307110098,2024-07-02 11:26:35,3,0.093,0.09265684,64.43,BTC-28MAR25-100000-C,62614.96,buy,0.2,0.2,,,,
608,307110103,2024-07-02 11:26:37,3,0.093,0.09268736,64.43,BTC-28MAR25-100000-C,62616.89,buy,0.2,0.2,,,,
609,307110104,2024-07-02 11:26:39,3,0.093,0.0927049,64.42,BTC-28MAR25-100000-C,62620.4,buy,0.3,0.3,,,,
610,307110273,2024-07-02 11:32:02,3,0.093,0.09259591,64.36,BTC-28MAR25-100000-C,62672.64,buy,0.1,0.1,,,,
611,307110318,2024-07-02 11:34:07,3,0.093,0.09254028,64.34,BTC-28MAR25-100000-C,62683.93,buy,0.1,0.1,,,,
612,307110319,2024-07-02 11:34:07,3,0.093,0.09254028,64.34,BTC-28MAR25-100000-C,62683.93,buy,0.5,0.5,,,,
613,307111674,2024-07-02 12:10:36,2,0.0915,0.09169549,63.93,BTC-28MAR25-100000-C,62640.82,sell,0.1,0.1,,,,
614,307111675,2024-07-02 12:10:36,3,0.0915,0.09169549,63.93,BTC-28MAR25-100000-C,62640.82,buy,1.9,1.9,,,,
615,307111688,2024-07-02 12:10:47,3,0.0915,0.09166209,63.95,BTC-28MAR25-100000-C,62636.47,buy,0.5,0.5,,,,
616,307111718,2024-07-02 12:11:59,3,0.0915,0.09190853,63.91,BTC-28MAR25-100000-C,62657.87,buy,0.1,0.1,,,,
617,307111719,2024-07-02 12:11:59,3,0.0915,0.09190853,63.91,BTC-28MAR25-100000-C,62657.87,buy,1.9,1.9,,,,
618,307111833,2024-07-02 12:16:25,3,0.0915,0.09183502,63.89,BTC-28MAR25-100000-C,62669.92,buy,2.0,2.0,,,,
619,307139155,2024-07-02 15:46:18,2,0.09,0.09036769,64.51,BTC-28MAR25-100000-C,61907.38,sell,0.1,0.1,,,,
620,307139156,2024-07-02 15:46:18,3,0.09,0.09036769,64.51,BTC-28MAR25-100000-C,61907.38,sell,0.6,0.6,,,,
621,307139157,2024-07-02 15:46:18,3,0.09,0.09036769,64.51,BTC-28MAR25-100000-C,61907.38,sell,0.1,0.1,,,,
622,307152823,2024-07-02 19:52:33,2,0.087,0.08715824,63.62,BTC-28MAR25-100000-C,61849.39,buy,1.0,1.0,,,,
623,307168701,2024-07-03 01:55:15,2,0.085,0.08624215,63.58,BTC-28MAR25-100000-C,61416.47,sell,0.1,0.1,,,,
624,307168702,2024-07-03 01:55:15,3,0.085,0.08624215,63.58,BTC-28MAR25-100000-C,61416.47,sell,1.0,1.0,,,,
625,307200057,2024-07-03 06:50:23,2,0.08,0.08105815,62.89,BTC-28MAR25-100000-C,60923.96,sell,0.6,0.6,,,,
626,307203656,2024-07-03 07:55:03,3,0.08,0.08036866,63.06,BTC-28MAR25-100000-C,60770.71,sell,1.0,1.0,,,,
627,307204850,2024-07-03 08:05:39,3,0.08,0.08060664,63.1,BTC-28MAR25-100000-C,60761.41,sell,1.0,1.0,,,,
628,307208606,2024-07-03 08:45:10,3,0.08,0.07963782,63.05,BTC-28MAR25-100000-C,60744.5,buy,3.0,3.0,,,,
629,307229979,2024-07-03 11:10:31,2,0.0785,0.07860434,63.26,BTC-28MAR25-100000-C,60229.52,buy,0.1,0.1,,,,
630,307244901,2024-07-03 13:02:54,2,0.0765,0.07724126,63.06,BTC-28MAR25-100000-C,59838.84,sell,0.3,0.3,,,,
631,307244902,2024-07-03 13:02:54,3,0.0765,0.07724126,63.06,BTC-28MAR25-100000-C,59838.84,sell,3.7,3.7,,,,
632,307256818,2024-07-03 14:08:12,3,0.0765,0.07705272,62.3,BTC-28MAR25-100000-C,60428.11,buy,0.6,0.6,,,,
633,307256820,2024-07-03 14:08:15,3,0.0765,0.07699991,62.3,BTC-28MAR25-100000-C,60426.67,buy,0.1,0.1,,,,
634,307256829,2024-07-03 14:08:19,3,0.0765,0.07697461,62.31,BTC-28MAR25-100000-C,60417.08,buy,0.1,0.1,,,,
635,307260594,2024-07-03 14:54:12,2,0.0751,0.07430968,62.05,BTC-28MAR25-100000-C,60228.36,buy,110.0,110.0,,146721,,
636,307260614,2024-07-03 14:54:23,2,0.075,0.07432266,62.02,BTC-28MAR25-100000-C,60227.13,buy,3.0,3.0,,,,
637,307260615,2024-07-03 14:54:23,3,0.075,0.07432266,62.02,BTC-28MAR25-100000-C,60227.13,sell,31.2,31.2,,,,
638,307322812,2024-07-04 01:54:25,2,0.074,0.07359335,63.59,BTC-28MAR25-100000-C,58922.04,sell,4.0,4.0,,,,
639,307322813,2024-07-04 01:54:25,3,0.074,0.07359335,63.59,BTC-28MAR25-100000-C,58922.04,sell,4.0,4.0,,,,
640,307322814,2024-07-04 01:54:25,3,0.074,0.07359335,63.6,BTC-28MAR25-100000-C,58922.04,sell,4.0,4.0,,,,
641,307322817,2024-07-04 01:54:25,3,0.074,0.07359335,63.6,BTC-28MAR25-100000-C,58922.04,sell,4.0,4.0,,,,
642,307322819,2024-07-04 01:54:25,3,0.074,0.07359335,63.6,BTC-28MAR25-100000-C,58922.04,sell,4.0,4.0,,,,
643,307346293,2024-07-04 03:15:11,2,0.0725,0.07406159,63.11,BTC-28MAR25-100000-C,58904.28,sell,5.0,5.0,,,,
644,307346294,2024-07-04 03:15:11,3,0.0725,0.07406159,63.11,BTC-28MAR25-100000-C,58904.28,buy,8.0,8.0,,,,
645,307369159,2024-07-04 07:43:37,0,0.073,0.07257062,63.83,BTC-28MAR25-100000-C,58479.07,buy,1.0,1.0,,,,
646,307369160,2024-07-04 07:43:37,1,0.073,0.07257062,63.83,BTC-28MAR25-100000-C,58479.07,buy,4.0,4.0,,,,
647,307382097,2024-07-04 08:40:18,2,0.07,0.07065,63.91,BTC-28MAR25-100000-C,57555.77,sell,0.7,0.7,,,,
648,307406014,2024-07-04 09:40:37,0,0.072,0.07212176,64.47,BTC-28MAR25-100000-C,57745.12,sell,0.5,0.5,,,,
649,307431660,2024-07-04 13:06:36,2,0.069,0.06867378,64.23,BTC-28MAR25-100000-C,57128.07,buy,0.2,0.2,,,,
650,307431661,2024-07-04 13:06:36,3,0.069,0.06867378,64.23,BTC-28MAR25-100000-C,57128.07,sell,9.8,9.8,,,,
651,307454270,2024-07-04 14:59:19,0,0.071,0.07018412,64.62,BTC-28MAR25-100000-C,57402.7,buy,0.2,0.2,,,,
652,307454365,2024-07-04 15:00:44,1,0.071,0.0702668,64.62,BTC-28MAR25-100000-C,57396.9,sell,0.1,0.1,,,,
653,307460798,2024-07-04 15:53:56,0,0.0735,0.07332239,64.49,BTC-28MAR25-100000-C,58152.82,buy,0.2,0.2,,,,
654,307480871,2024-07-04 21:32:36,1,0.0735,0.07334938,64.22,BTC-28MAR25-100000-C,58353.54,sell,0.1,0.1,,,,
655,307480875,2024-07-04 21:32:39,1,0.0735,0.07329035,64.25,BTC-28MAR25-100000-C,58329.13,sell,0.3,0.3,,,,
656,307482250,2024-07-04 22:05:59,0,0.075,0.0748096,64.36,BTC-28MAR25-100000-C,58700.42,buy,0.4,0.4,,,,
657,307483572,2024-07-04 22:30:19,2,0.0735,0.07399826,64.23,BTC-28MAR25-100000-C,58351.18,sell,0.1,0.1,,,,
658,307483573,2024-07-04 22:30:51,3,0.0735,0.07396415,64.24,BTC-28MAR25-100000-C,58344.38,sell,0.1,0.1,,,,
659,307483607,2024-07-04 22:31:42,3,0.0735,0.07397724,64.23,BTC-28MAR25-100000-C,58347.34,sell,0.1,0.1,,,,
660,307483609,2024-07-04 22:31:45,3,0.0735,0.0739615,64.24,BTC-28MAR25-100000-C,58341.0,sell,0.1,0.1,,,,
661,307483622,2024-07-04 22:31:49,3,0.0735,0.07394825,64.24,BTC-28MAR25-100000-C,58341.09,sell,0.1,0.1,,,,
662,307483751,2024-07-04 22:34:13,3,0.0735,0.07381526,64.27,BTC-28MAR25-100000-C,58303.45,sell,0.1,0.1,,,,
663,307490930,2024-07-04 23:41:48,2,0.069,0.06982585,63.96,BTC-28MAR25-100000-C,57312.3,sell,1.0,1.0,,,,
664,307508708,2024-07-05 00:59:46,0,0.072,0.0716487,65.08,BTC-28MAR25-100000-C,57301.55,sell,1.0,1.0,,,,
665,307516625,2024-07-05 02:28:38,2,0.0695,0.06962892,65.07,BTC-28MAR25-100000-C,56659.51,sell,0.1,0.1,,,,
666,307521623,2024-07-05 02:53:56,3,0.0695,0.06955127,65.22,BTC-28MAR25-100000-C,56541.03,sell,0.5,0.5,,,,
667,307637926,2024-07-05 08:10:15,2,0.067,0.06676426,67.17,BTC-28MAR25-100000-C,54312.09,sell,0.4,0.4,,,,
668,307703790,2024-07-05 14:36:32,0,0.0678,0.06713251,66.01,BTC-28MAR25-100000-C,55435.53,buy,125.0,125.0,,147194,,
669,307710040,2024-07-05 15:08:37,0,0.072,0.07085753,66.4,BTC-28MAR25-100000-C,56296.07,buy,0.1,0.1,,,,
670,307712003,2024-07-05 15:20:40,1,0.072,0.07112644,66.43,BTC-28MAR25-100000-C,56272.51,buy,0.3,0.3,,,,
671,307748299,2024-07-05 19:44:16,0,0.075,0.07358829,66.9,BTC-28MAR25-100000-C,56629.32,buy,0.2,0.2,,,,
672,307748974,2024-07-05 19:53:36,2,0.0735,0.0732219,66.49,BTC-28MAR25-100000-C,56529.9,sell,1.0,1.0,,,,
673,307756725,2024-07-05 22:13:32,2,0.0715,0.07322013,65.8,BTC-28MAR25-100000-C,56509.81,sell,1.2,1.2,,,,
674,307756726,2024-07-05 22:13:32,3,0.0715,0.07322013,65.8,BTC-28MAR25-100000-C,56509.81,buy,0.8,0.8,,,,
675,307819333,2024-07-06 16:38:43,0,0.075,0.0742499,65.32,BTC-28MAR25-100000-C,57946.27,buy,2.0,2.0,,,,
676,307819334,2024-07-06 16:38:43,1,0.075,0.0742499,65.32,BTC-28MAR25-100000-C,57946.27,buy,2.0,2.0,,,,
677,307828120,2024-07-06 18:56:25,2,0.073,0.07277884,64.77,BTC-28MAR25-100000-C,57804.23,buy,0.1,0.1,,,,
678,307915320,2024-07-07 23:49:25,2,0.072,0.07199748,67.29,BTC-28MAR25-100000-C,55793.03,sell,0.5,0.5,,,,
679,307922335,2024-07-08 00:38:18,2,0.0705,0.07111339,67.12,BTC-28MAR25-100000-C,55519.72,sell,0.1,0.1,,,,
680,307962592,2024-07-08 05:23:56,2,0.0694,0.0705743,66.84,BTC-28MAR25-100000-C,55446.3,sell,400.0,400.0,,147324,,BTC-CSR12-28MAR25-65000_100000
681,307962921,2024-07-08 05:30:24,0,0.07,0.07044157,67.12,BTC-28MAR25-100000-C,55395.72,sell,200.0,200.0,,147328,,BTC-CS-28MAR25-70000_100000
682,307970195,2024-07-08 06:54:01,0,0.072,0.07179255,67.46,BTC-28MAR25-100000-C,55683.61,sell,2.0,2.0,,,,
683,307975002,2024-07-08 07:55:00,0,0.0725,0.07188589,67.41,BTC-28MAR25-100000-C,55835.19,sell,1.0,1.0,,,,
684,307997123,2024-07-08 09:02:27,0,0.08,0.07962586,67.2,BTC-28MAR25-100000-C,58049.09,buy,0.3,0.3,,,,
685,308041663,2024-07-08 14:27:53,2,0.074,0.07387324,67.29,BTC-28MAR25-100000-C,56340.7,sell,0.3,0.3,,,,
686,308047818,2024-07-08 14:30:17,0,0.075,0.07275157,68.36,BTC-28MAR25-100000-C,55822.97,buy,0.6,0.6,,,,
687,308162797,2024-07-09 12:05:42,0,0.076,0.07551074,66.69,BTC-28MAR25-100000-C,57395.15,buy,0.1,0.1,,,,
688,308180846,2024-07-09 14:40:28,0,0.0763,0.07509895,66.48,BTC-28MAR25-100000-C,57604.3,buy,150.0,150.0,,147500,,
689,308250326,2024-07-10 04:27:13,0,0.079,0.0786761,65.38,BTC-28MAR25-100000-C,59226.85,buy,0.1,0.1,,,,
690,308359722,2024-07-11 03:28:51,2,0.071,0.07202388,65.0,BTC-28MAR25-100000-C,57405.3,sell,0.1,0.1,,,,
691,308375241,2024-07-11 09:12:00,0,0.0763,0.07498549,65.84,BTC-28MAR25-100000-C,58212.56,buy,75.0,75.0,,147655,,
692,308398020,2024-07-11 12:30:06,0,0.08,0.07851158,65.87,BTC-28MAR25-100000-C,59295.55,buy,0.3,0.3,,,,
693,308536226,2024-07-12 12:38:55,2,0.069,0.06917654,64.77,BTC-28MAR25-100000-C,57264.29,buy,0.5,0.5,,,,
694,308544711,2024-07-12 13:57:23,0,0.0719,0.07112883,64.88,BTC-28MAR25-100000-C,57992.44,buy,120.0,120.0,,147837,,
695,308558277,2024-07-12 16:52:32,2,0.071,0.07090975,64.53,BTC-28MAR25-100000-C,58005.99,buy,100.0,100.0,,147851,,BTC-CS-28MAR25-70000_100000
696,308572175,2024-07-12 19:17:45,0,0.0725,0.07290896,64.72,BTC-28MAR25-100000-C,58110.35,sell,0.3,0.3,,,,
697,308706332,2024-07-14 04:22:18,0,0.08,0.0804028,64.46,BTC-28MAR25-100000-C,60077.07,buy,1.0,1.0,,,,
698,308762161,2024-07-14 12:46:38,0,0.0805,0.07880163,65.2,BTC-28MAR25-100000-C,59766.4,buy,0.1,0.1,,,,
699,308800400,2024-07-14 21:48:34,0,0.083,0.08264678,64.46,BTC-28MAR25-100000-C,61011.79,buy,1.0,1.0,,,,
700,308832542,2024-07-15 01:16:22,0,0.085,0.08470788,64.43,BTC-28MAR25-100000-C,61573.92,buy,0.3,0.3,,,,
701,308880200,2024-07-15 06:19:53,0,0.089,0.08923865,63.87,BTC-28MAR25-100000-C,62952.09,buy,2.0,2.0,,,,
702,308882197,2024-07-15 06:32:16,1,0.089,0.08882663,63.93,BTC-28MAR25-100000-C,62932.06,buy,2.0,2.0,,,,
703,308898102,2024-07-15 07:58:09,0,0.09,0.08905656,64.41,BTC-28MAR25-100000-C,62890.36,buy,0.3,0.3,,,,
704,308898103,2024-07-15 07:58:09,1,0.09,0.08905656,64.41,BTC-28MAR25-100000-C,62890.36,buy,0.4,0.4,,,,
705,308911378,2024-07-15 09:26:40,0,0.0915,0.09036272,65.15,BTC-28MAR25-100000-C,62739.36,sell,2.0,2.0,,,,
706,308960223,2024-07-15 16:42:58,0,0.0925,0.09353931,64.66,BTC-28MAR25-100000-C,63540.32,sell,0.5,0.5,,,,
707,308987341,2024-07-15 19:28:34,0,0.0956,0.0922941,65.87,BTC-28MAR25-100000-C,63462.73,buy,175.0,175.0,,148257,,
708,308991678,2024-07-15 19:47:13,0,0.0968,0.09260801,66.14,BTC-28MAR25-100000-C,63659.13,buy,315.0,315.0,,148261,,
709,309006904,2024-07-15 22:11:43,2,0.095,0.09447722,65.03,BTC-28MAR25-100000-C,63811.23,buy,0.3,0.3,,,,
710,309021292,2024-07-15 23:10:25,0,0.0975,0.09741289,65.06,BTC-28MAR25-100000-C,64475.49,buy,0.1,0.1,,,,
711,309024145,2024-07-15 23:31:38,0,0.098,0.09780344,65.07,BTC-28MAR25-100000-C,64595.54,buy,0.1,0.1,,,,
712,309027671,2024-07-15 23:58:39,0,0.1,0.09955345,65.33,BTC-28MAR25-100000-C,64894.85,buy,0.3,0.3,,,,
713,309034871,2024-07-16 00:43:11,0,0.101,0.10057427,65.89,BTC-28MAR25-100000-C,64674.06,sell,0.1,0.1,,,,
714,309034874,2024-07-16 00:43:13,2,0.1,0.10059982,65.56,BTC-28MAR25-100000-C,64685.43,buy,0.1,0.1,M,,,
715,309035023,2024-07-16 00:44:26,0,0.1015,0.10060268,66.05,BTC-28MAR25-100000-C,64673.45,sell,0.1,0.1,,,,
716,309073350,2024-07-16 06:14:53,2,0.0955,0.09520769,65.47,BTC-28MAR25-100000-C,63635.63,sell,0.3,0.3,,,,
717,309093642,2024-07-16 07:54:37,2,0.0905,0.09134499,64.88,BTC-28MAR25-100000-C,62871.49,sell,0.1,0.1,,,,
718,309099243,2024-07-16 08:31:52,2,0.0895,0.09015768,64.8,BTC-28MAR25-100000-C,62692.84,sell,0.1,0.1,,,,
719,309099533,2024-07-16 08:33:32,2,0.089,0.08975972,64.79,BTC-28MAR25-100000-C,62598.03,sell,0.3,0.3,,,,
720,309119651,2024-07-16 11:26:52,0,0.094,0.09332101,65.03,BTC-28MAR25-100000-C,63673.28,buy,0.3,0.3,,,,
721,309147074,2024-07-16 14:18:22,0,0.0975,0.09551955,66.06,BTC-28MAR25-100000-C,63722.04,buy,0.1,0.1,,,,
722,309161914,2024-07-16 15:53:44,0,0.1,0.09977775,65.4,BTC-28MAR25-100000-C,64884.19,buy,0.3,0.3,,,,
723,309175526,2024-07-16 17:02:32,2,0.0975,0.09816223,65.23,BTC-28MAR25-100000-C,64415.85,sell,2.0,2.0,,,,
724,309228592,2024-07-17 00:32:24,0,0.103,0.10278046,65.68,BTC-28MAR25-100000-C,65407.12,buy,0.1,0.1,,,,
725,309237000,2024-07-17 01:07:30,0,0.105,0.10432971,65.89,BTC-28MAR25-100000-C,65650.62,buy,0.3,0.3,,,,
726,309273477,2024-07-17 03:50:40,0,0.11,0.10994049,67.21,BTC-28MAR25-100000-C,65745.92,buy,0.3,0.3,,,,
727,309273478,2024-07-17 03:50:40,1,0.11,0.10994049,67.21,BTC-28MAR25-100000-C,65745.92,buy,2.0,2.0,,,,
728,309370592,2024-07-17 15:57:01,2,0.105,0.10493593,67.24,BTC-28MAR25-100000-C,64770.06,sell,0.3,0.3,,,,
729,309441723,2024-07-18 05:13:28,2,0.1015,0.10083622,66.69,BTC-28MAR25-100000-C,64517.85,buy,1.0,1.0,,,,
730,309490123,2024-07-18 15:05:29,2,0.099,0.09950619,66.78,BTC-28MAR25-100000-C,63789.56,sell,0.3,0.3,,,,
731,309492151,2024-07-18 15:18:04,0,0.1,0.09897133,67.17,BTC-28MAR25-100000-C,63763.92,buy,1.9,1.9,,,,
732,309492152,2024-07-18 15:18:04,1,0.1,0.09897133,67.17,BTC-28MAR25-100000-C,63763.92,buy,10.0,10.0,,,,
733,309492153,2024-07-18 15:18:04,1,0.1,0.09897133,67.17,BTC-28MAR25-100000-C,63763.92,sell,13.1,13.1,,,,
734,309492163,2024-07-18 15:18:09,1,0.1,0.09894614,67.16,BTC-28MAR25-100000-C,63761.89,buy,1.4,1.4,,,,
735,309492164,2024-07-18 15:18:09,1,0.1,0.09894614,67.16,BTC-28MAR25-100000-C,63761.89,sell,0.7,0.7,,,,
736,309492169,2024-07-18 15:18:09,1,0.1,0.09894614,67.16,BTC-28MAR25-100000-C,63761.89,sell,0.3,0.3,,,,
737,309492173,2024-07-18 15:18:09,1,0.1,0.09894614,67.16,BTC-28MAR25-100000-C,63761.89,sell,0.2,0.2,,,,
738,309492176,2024-07-18 15:18:09,1,0.1,0.09894614,67.16,BTC-28MAR25-100000-C,63761.89,sell,0.1,0.1,,,,
739,309510064,2024-07-18 17:13:45,0,0.1015,0.10048531,67.53,BTC-28MAR25-100000-C,63796.86,sell,0.1,0.1,,,,
740,309529406,2024-07-18 21:28:05,0,0.106,0.1055491,68.85,BTC-28MAR25-100000-C,63893.43,sell,0.1,0.1,,,,
741,309613975,2024-07-19 12:09:43,2,0.1055,0.10566435,68.52,BTC-28MAR25-100000-C,64157.96,buy,0.3,0.3,,,,
742,309629675,2024-07-19 13:58:10,0,0.11,0.10977409,68.49,BTC-28MAR25-100000-C,65288.88,buy,0.3,0.3,,,,
743,309664359,2024-07-19 16:01:03,0,0.115,0.11453768,69.25,BTC-28MAR25-100000-C,65897.38,buy,0.3,0.3,,,,
744,309693629,2024-07-19 18:03:45,0,0.118,0.11866522,69.21,BTC-28MAR25-100000-C,66593.44,sell,2.0,2.0,,,,
745,309695294,2024-07-19 18:16:18,0,0.12,0.11882837,69.71,BTC-28MAR25-100000-C,66707.67,buy,0.2,0.2,,,,
746,309695295,2024-07-19 18:16:18,1,0.12,0.11882837,69.71,BTC-28MAR25-100000-C,66707.67,buy,1.7,1.7,,,,
747,309725520,2024-07-19 20:31:26,0,0.1235,0.122888,70.5,BTC-28MAR25-100000-C,66989.45,buy,1.9,1.9,,,,
748,309731950,2024-07-19 21:25:52,0,0.125,0.12397963,70.42,BTC-28MAR25-100000-C,67370.77,buy,0.3,0.3,,,,
749,309731951,2024-07-19 21:25:52,1,0.125,0.12397963,70.42,BTC-28MAR25-100000-C,67370.77,buy,2.2,2.2,,,,
750,309732562,2024-07-19 21:28:44,2,0.124,0.12319175,70.37,BTC-28MAR25-100000-C,67170.76,buy,0.7,0.7,,,,
751,309845074,2024-07-21 04:43:01,0,0.1275,0.12565136,71.61,BTC-28MAR25-100000-C,67152.33,buy,0.7,0.7,,,,
752,309845075,2024-07-21 04:43:01,1,0.1275,0.12565136,71.61,BTC-28MAR25-100000-C,67152.33,sell,0.3,0.3,,,,
753,309845079,2024-07-21 04:43:14,1,0.1275,0.12563652,71.61,BTC-28MAR25-100000-C,67149.31,sell,1.0,1.0,,,,
754,309845084,2024-07-21 04:43:20,1,0.1275,0.12563675,71.61,BTC-28MAR25-100000-C,67149.18,sell,1.0,1.0,,,,
755,309845085,2024-07-21 04:43:24,1,0.1275,0.12565325,71.61,BTC-28MAR25-100000-C,67152.1,sell,1.0,1.0,,,,
756,309871148,2024-07-21 13:33:15,2,0.126,0.12652155,71.61,BTC-28MAR25-100000-C,66853.02,sell,0.1,0.1,,,,
757,309905247,2024-07-21 18:04:44,2,0.1245,0.12512042,71.41,BTC-28MAR25-100000-C,66562.91,sell,0.1,0.1,,,,
758,309917262,2024-07-21 18:31:59,0,0.129,0.1279774,71.78,BTC-28MAR25-100000-C,67323.77,buy,0.1,0.1,,,,
759,309917304,2024-07-21 18:32:02,1,0.129,0.12802175,71.78,BTC-28MAR25-100000-C,67323.77,buy,0.1,0.1,,,,
760,309917562,2024-07-21 18:32:25,1,0.129,0.12798233,71.76,BTC-28MAR25-100000-C,67316.72,buy,0.1,0.1,,,,
761,309917611,2024-07-21 18:32:29,1,0.129,0.12809604,71.75,BTC-28MAR25-100000-C,67333.5,buy,0.1,0.1,,,,
762,309925328,2024-07-21 19:29:34,1,0.129,0.12944754,71.71,BTC-28MAR25-100000-C,67417.9,buy,0.1,0.1,,,,
763,309926267,2024-07-21 19:30:44,0,0.13,0.12998248,71.81,BTC-28MAR25-100000-C,67555.08,buy,0.2,0.2,,,,
764,309926268,2024-07-21 19:30:44,1,0.13,0.12998248,71.81,BTC-28MAR25-100000-C,67555.08,buy,2.0,2.0,,,,
765,309927266,2024-07-21 19:32:27,0,0.1305,0.13045085,71.84,BTC-28MAR25-100000-C,67657.72,buy,0.1,0.1,,,,
766,309931026,2024-07-21 20:16:28,0,0.131,0.13054558,72.01,BTC-28MAR25-100000-C,67639.33,buy,0.1,0.1,,,,
767,309936283,2024-07-21 20:31:35,0,0.133,0.1331668,71.87,BTC-28MAR25-100000-C,68114.24,buy,0.5,0.5,,,,
768,309962901,2024-07-22 00:34:21,0,0.135,0.13465308,72.22,BTC-28MAR25-100000-C,68306.32,buy,0.1,0.1,,,,
769,309977619,2024-07-22 02:58:27,2,0.132,0.13303035,71.46,BTC-28MAR25-100000-C,68125.52,sell,0.1,0.1,,,,
770,309998524,2024-07-22 06:34:10,2,0.1275,0.12654676,71.04,BTC-28MAR25-100000-C,67503.91,sell,0.1,0.1,,,,
771,310008708,2024-07-22 07:33:45,2,0.1265,0.12635937,70.97,BTC-28MAR25-100000-C,67341.44,sell,0.2,0.2,,,,
772,310027038,2024-07-22 10:46:28,2,0.1255,0.12717867,70.7,BTC-28MAR25-100000-C,67312.32,sell,0.1,0.1,,,,
773,310083675,2024-07-22 19:17:44,0,0.13,0.12981676,71.66,BTC-28MAR25-100000-C,67752.32,buy,0.2,0.2,,,,
774,310104236,2024-07-22 21:49:05,0,0.133,0.13319764,72.4,BTC-28MAR25-100000-C,67928.17,buy,0.4,0.4,,,,
775,310120486,2024-07-23 02:31:16,2,0.1305,0.12980672,72.3,BTC-28MAR25-100000-C,67450.66,buy,0.6,0.6,,,,
776,310162960,2024-07-23 07:37:05,2,0.124,0.12400643,71.49,BTC-28MAR25-100000-C,66511.86,buy,4.0,4.0,,,,
777,310162961,2024-07-23 07:37:05,3,0.124,0.12400643,71.49,BTC-28MAR25-100000-C,66511.86,buy,4.0,4.0,,,,
778,310162962,2024-07-23 07:37:05,3,0.124,0.12400643,71.49,BTC-28MAR25-100000-C,66511.86,buy,4.0,4.0,,,,
779,310208363,2024-07-23 13:04:53,3,0.124,0.12451258,71.63,BTC-28MAR25-100000-C,66543.23,buy,0.5,0.5,,,,
780,310208787,2024-07-23 13:11:04,3,0.124,0.1235364,71.82,BTC-28MAR25-100000-C,66404.56,buy,7.5,7.5,,,,
781,310276623,2024-07-23 19:43:38,2,0.119,0.11921511,71.5,BTC-28MAR25-100000-C,65639.27,sell,0.3,0.3,,,,
782,310377960,2024-07-24 18:44:05,2,0.114,0.11421804,69.79,BTC-28MAR25-100000-C,65905.33,sell,0.2,0.2,,,,
783,310419619,2024-07-25 01:07:33,2,0.109,0.10932461,69.7,BTC-28MAR25-100000-C,64895.54,sell,0.3,0.3,,,,
784,310442384,2024-07-25 02:49:31,2,0.104,0.1042382,69.38,BTC-28MAR25-100000-C,63994.14,sell,0.3,0.3,,,,
785,310467539,2024-07-25 07:54:45,2,0.1025,0.102711,68.79,BTC-28MAR25-100000-C,64116.0,sell,0.1,0.1,,,,
786,310508162,2024-07-25 12:53:20,2,0.1005,0.10031409,68.72,BTC-28MAR25-100000-C,63981.79,sell,0.3,0.3,,,,
787,310554597,2024-07-25 15:12:24,0,0.106,0.10508965,69.29,BTC-28MAR25-100000-C,64847.65,buy,0.2,0.2,,,,
788,310554598,2024-07-25 15:12:24,1,0.106,0.10508965,69.29,BTC-28MAR25-100000-C,64847.65,sell,2.9,2.9,,,,
789,310571365,2024-07-25 17:42:54,2,0.1045,0.10538988,68.74,BTC-28MAR25-100000-C,64936.31,sell,2.3,2.3,,,,
790,310571366,2024-07-25 17:42:54,3,0.1045,0.10538988,68.74,BTC-28MAR25-100000-C,64936.31,sell,0.7,0.7,,,,
791,310577351,2024-07-25 18:49:21,2,0.104,0.10393199,69.03,BTC-28MAR25-100000-C,64574.87,buy,0.1,0.1,,,,
792,310592070,2024-07-25 20:59:44,0,0.1065,0.10605932,69.06,BTC-28MAR25-100000-C,65126.32,buy,0.1,0.1,,,,
793,310639885,2024-07-26 02:24:39,0,0.1125,0.11202405,68.87,BTC-28MAR25-100000-C,66654.69,buy,0.3,0.3,,,,
794,310810588,2024-07-27 06:53:52,0,0.1145,0.11437149,67.85,BTC-28MAR25-100000-C,68067.88,sell,0.1,0.1,,,,
795,310887662,2024-07-27 19:41:13,2,0.113,0.11355085,67.49,BTC-28MAR25-100000-C,68021.95,sell,2.2,2.2,,,,
796,310887663,2024-07-27 19:41:13,3,0.113,0.11355085,67.49,BTC-28MAR25-100000-C,68021.95,sell,0.4,0.4,,,,
797,310895430,2024-07-27 20:13:30,3,0.113,0.11304816,67.82,BTC-28MAR25-100000-C,67799.23,sell,2.4,2.4,,,,
798,310895431,2024-07-27 20:13:30,3,0.113,0.11304816,67.82,BTC-28MAR25-100000-C,67799.23,sell,0.5,0.5,,,,
799,310927182,2024-07-27 20:49:25,2,0.105,0.10625042,66.26,BTC-28MAR25-100000-C,67038.95,sell,0.3,0.3,,,,
800,311036107,2024-07-28 14:28:07,0,0.107,0.10683821,66.09,BTC-28MAR25-100000-C,67784.96,sell,0.2,0.2,,,,
801,311061402,2024-07-29 00:09:57,0,0.11,0.10934467,66.26,BTC-28MAR25-100000-C,68252.69,buy,0.3,0.3,,,,
802,311160101,2024-07-29 06:33:05,0,0.111,0.11012432,64.16,BTC-28MAR25-100000-C,69749.11,buy,30.0,30.0,,,,
803,311170707,2024-07-29 08:17:21,2,0.1105,0.10955183,64.17,BTC-28MAR25-100000-C,69686.12,buy,3.0,3.0,,,,
804,311170708,2024-07-29 08:17:21,3,0.1105,0.10955183,64.17,BTC-28MAR25-100000-C,69686.12,sell,6.2,6.2,,,,
805,311170709,2024-07-29 08:17:21,3,0.1105,0.10955183,64.17,BTC-28MAR25-100000-C,69686.12,sell,5.8,5.8,,,,
806,311170714,2024-07-29 08:17:26,3,0.1105,0.10952497,64.17,BTC-28MAR25-100000-C,69685.62,sell,4.0,4.0,,,,
807,311171179,2024-07-29 08:23:20,2,0.109,0.1088385,63.77,BTC-28MAR25-100000-C,69621.96,buy,30.0,30.0,,,,
808,311183484,2024-07-29 11:11:30,0,0.1102,0.10943899,64.1,BTC-28MAR25-100000-C,69726.47,buy,50.0,50.0,,150135,,
809,311214627,2024-07-29 14:14:40,2,0.106,0.10638918,64.17,BTC-28MAR25-100000-C,68768.17,sell,10.0,10.0,,,,
810,311214643,2024-07-29 14:14:43,3,0.106,0.10633421,64.2,BTC-28MAR25-100000-C,68744.37,sell,5.0,5.0,,,,
811,311216933,2024-07-29 14:26:51,3,0.106,0.10605156,64.3,BTC-28MAR25-100000-C,68652.25,sell,0.1,0.1,,,,
812,311216957,2024-07-29 14:26:54,3,0.106,0.10601894,64.32,BTC-28MAR25-100000-C,68641.88,sell,0.6,0.6,,,,
813,311216969,2024-07-29 14:26:57,3,0.106,0.10600565,64.32,BTC-28MAR25-100000-C,68643.04,sell,0.1,0.1,,,,
814,311216979,2024-07-29 14:26:59,3,0.106,0.1060089,64.32,BTC-28MAR25-100000-C,68642.79,sell,0.5,0.5,,,,
815,311217007,2024-07-29 14:27:06,3,0.106,0.10603959,64.31,BTC-28MAR25-100000-C,68648.15,sell,0.2,0.2,,,,
816,311217020,2024-07-29 14:27:08,3,0.106,0.10600423,64.32,BTC-28MAR25-100000-C,68639.4,sell,0.3,0.3,,,,
817,311218490,2024-07-29 14:41:50,0,0.107,0.10687511,64.37,BTC-28MAR25-100000-C,68830.28,buy,1.3,1.3,,,,
818,311218956,2024-07-29 14:47:52,2,0.1065,0.10663109,64.3,BTC-28MAR25-100000-C,68764.24,sell,5.0,5.0,,,,
819,311219162,2024-07-29 14:48:20,3,0.1065,0.10641098,64.38,BTC-28MAR25-100000-C,68699.44,sell,4.0,4.0,,,,
820,311219163,2024-07-29 14:48:20,3,0.1065,0.10641098,64.38,BTC-28MAR25-100000-C,68699.44,sell,4.0,4.0,,,,
821,311219327,2024-07-29 14:48:40,3,0.1065,0.10602854,64.52,BTC-28MAR25-100000-C,68589.08,sell,0.7,0.7,,,,
822,311219409,2024-07-29 14:48:50,3,0.1065,0.10583156,64.59,BTC-28MAR25-100000-C,68533.95,sell,2.0,2.0,,,,
823,311219450,2024-07-29 14:48:52,3,0.1065,0.10581949,64.61,BTC-28MAR25-100000-C,68525.27,sell,4.0,4.0,,,,
824,311219591,2024-07-29 14:48:55,3,0.1065,0.10572542,64.67,BTC-28MAR25-100000-C,68474.57,sell,0.7,0.7,,,,
825,311219844,2024-07-29 14:49:11,3,0.1065,0.10553168,64.7,BTC-28MAR25-100000-C,68454.07,sell,5.0,5.0,,,,
826,311219846,2024-07-29 14:49:11,3,0.1065,0.10553168,64.7,BTC-28MAR25-100000-C,68454.07,sell,1.4,1.4,,,,
827,311219943,2024-07-29 14:49:14,3,0.1065,0.10537811,64.75,BTC-28MAR25-100000-C,68414.27,sell,2.0,2.0,,,,
828,311220264,2024-07-29 14:49:42,3,0.1065,0.10560102,64.71,BTC-28MAR25-100000-C,68462.82,sell,1.0,1.0,,,,
829,311220307,2024-07-29 14:50:00,3,0.1065,0.10567408,64.7,BTC-28MAR25-100000-C,68479.31,sell,1.0,1.0,,,,
830,311220352,2024-07-29 14:50:10,3,0.1065,0.1056352,64.71,BTC-28MAR25-100000-C,68475.55,sell,12.4,12.4,,,,
831,311221006,2024-07-29 14:50:38,2,0.105,0.10501345,64.44,BTC-28MAR25-100000-C,68295.23,sell,0.3,0.3,,,,
832,311239472,2024-07-29 15:55:29,2,0.1025,0.10128428,64.01,BTC-28MAR25-100000-C,68063.97,buy,1.0,1.0,,,,
833,311239473,2024-07-29 15:55:29,3,0.1025,0.10128428,64.01,BTC-28MAR25-100000-C,68063.97,buy,10.0,10.0,,,,
834,311239474,2024-07-29 15:55:29,3,0.1025,0.10128428,64.01,BTC-28MAR25-100000-C,68063.97,buy,0.9,0.9,,,,
835,311239475,2024-07-29 15:55:29,3,0.1025,0.10128428,64.01,BTC-28MAR25-100000-C,68063.97,sell,2.2,2.2,,,,
836,311239476,2024-07-29 15:55:29,3,0.1025,0.10128428,64.01,BTC-28MAR25-100000-C,68063.97,sell,10.9,10.9,,,,
837,311245842,2024-07-29 16:25:17,2,0.1,0.1002454,63.87,BTC-28MAR25-100000-C,67692.52,sell,0.2,0.2,,,,
838,311283872,2024-07-29 18:57:53,0,0.1015,0.09999677,64.58,BTC-28MAR25-100000-C,67402.68,buy,0.2,0.2,,,,
839,311288448,2024-07-29 20:03:16,2,0.0995,0.09937211,64.08,BTC-28MAR25-100000-C,67337.91,buy,0.5,0.5,,,,
840,311324826,2024-07-30 00:51:27,2,0.095,0.09421637,63.84,BTC-28MAR25-100000-C,66434.23,buy,0.3,0.3,,,,
841,311327117,2024-07-30 01:21:13,0,0.096,0.0957909,63.78,BTC-28MAR25-100000-C,66724.06,buy,0.2,0.2,,,,
842,311327712,2024-07-30 01:28:13,0,0.097,0.09594577,64.06,BTC-28MAR25-100000-C,66764.03,sell,0.1,0.1,,,,
843,311344373,2024-07-30 04:59:35,2,0.089,0.09048474,61.45,BTC-28MAR25-100000-C,66738.4,sell,0.4,0.4,,,,
844,311344374,2024-07-30 04:59:35,3,0.089,0.09048474,61.45,BTC-28MAR25-100000-C,66738.4,buy,1.3,1.3,,,,
845,311344375,2024-07-30 04:59:35,3,0.089,0.09048474,61.45,BTC-28MAR25-100000-C,66738.4,buy,1.8,1.8,,,,
846,311344385,2024-07-30 04:59:41,3,0.089,0.09052534,61.43,BTC-28MAR25-100000-C,66752.85,buy,0.1,0.1,,,,
847,311344423,2024-07-30 04:59:44,3,0.089,0.09051852,61.42,BTC-28MAR25-100000-C,66754.89,buy,1.1,1.1,,,,
848,311344425,2024-07-30 04:59:46,3,0.089,0.09054912,61.4,BTC-28MAR25-100000-C,66779.62,buy,0.1,0.1,,,,
849,311344426,2024-07-30 04:59:49,3,0.089,0.09059629,61.38,BTC-28MAR25-100000-C,66788.1,buy,0.2,0.2,,,,
850,311372909,2024-07-30 10:43:31,2,0.0885,0.08746431,61.6,BTC-28MAR25-100000-C,66619.63,buy,5.0,5.0,,,,
851,311373000,2024-07-30 10:45:30,3,0.0885,0.08746558,61.61,BTC-28MAR25-100000-C,66622.57,sell,1.8,1.8,,,,
852,311373001,2024-07-30 10:45:30,3,0.0885,0.08746558,61.61,BTC-28MAR25-100000-C,66622.57,sell,0.3,0.3,,,,
853,311373002,2024-07-30 10:45:30,3,0.0885,0.08746558,61.61,BTC-28MAR25-100000-C,66622.57,sell,2.9,2.9,,,,
854,311373057,2024-07-30 10:46:29,3,0.0885,0.08759229,61.61,BTC-28MAR25-100000-C,66615.73,sell,1.0,1.0,,,,
855,311374819,2024-07-30 11:25:23,3,0.0885,0.0876135,61.6,BTC-28MAR25-100000-C,66628.11,buy,0.2,0.2,,,,
856,311382031,2024-07-30 13:17:13,3,0.0885,0.08844365,61.44,BTC-28MAR25-100000-C,66737.59,buy,0.6,0.6,,,,
857,311382088,2024-07-30 13:18:22,3,0.0885,0.0885201,61.42,BTC-28MAR25-100000-C,66750.22,buy,0.4,0.4,,,,
858,311382174,2024-07-30 13:19:44,2,0.088,0.08877308,61.18,BTC-28MAR25-100000-C,66813.39,buy,0.3,0.3,,,,
859,311386590,2024-07-30 14:06:25,2,0.087,0.0868935,61.52,BTC-28MAR25-100000-C,66329.85,buy,0.3,0.3,,,,
860,311386727,2024-07-30 14:07:21,0,0.0875,0.08716922,61.59,BTC-28MAR25-100000-C,66408.3,buy,0.3,0.3,,,,
861,311387704,2024-07-30 14:21:30,1,0.0875,0.08691197,61.62,BTC-28MAR25-100000-C,66373.12,buy,0.3,0.3,,,,
862,311392328,2024-07-30 14:53:22,2,0.087,0.0859804,61.87,BTC-28MAR25-100000-C,66054.63,buy,100.0,100.0,,150478,,
863,311392380,2024-07-30 14:54:28,2,0.0865,0.08575627,61.79,BTC-28MAR25-100000-C,65979.87,buy,0.3,0.3,,,,
864,311392381,2024-07-30 14:54:28,3,0.0865,0.08575627,61.79,BTC-28MAR25-100000-C,65979.87,sell,3.0,3.0,,,,
865,311392628,2024-07-30 14:57:32,0,0.087,0.0857154,61.95,BTC-28MAR25-100000-C,65998.58,buy,60.0,60.0,,150479,,
866,311402236,2024-07-30 15:50:36,2,0.0865,0.08625815,61.49,BTC-28MAR25-100000-C,66200.06,buy,0.3,0.3,,,,
867,311402474,2024-07-30 15:53:10,0,0.087,0.08659579,61.52,BTC-28MAR25-100000-C,66300.24,buy,0.4,0.4,,,,
868,311403617,2024-07-30 16:11:17,0,0.088,0.08686032,61.96,BTC-28MAR25-100000-C,66219.91,buy,0.1,0.1,,,,
869,311405824,2024-07-30 16:43:18,0,0.0895,0.08788149,62.08,BTC-28MAR25-100000-C,66516.55,buy,0.1,0.1,,,,
870,311406212,2024-07-30 16:47:48,2,0.089,0.08764465,61.96,BTC-28MAR25-100000-C,66475.77,buy,0.1,0.1,,,,
871,311407194,2024-07-30 17:01:33,2,0.087,0.08667387,61.75,BTC-28MAR25-100000-C,66116.99,sell,0.1,0.1,,,,
872,311414015,2024-07-30 18:33:49,0,0.0875,0.08628593,62.14,BTC-28MAR25-100000-C,65932.68,buy,0.1,0.1,,,,
873,311450065,2024-07-31 04:04:18,2,0.084,0.08463286,60.92,BTC-28MAR25-100000-C,66033.69,sell,0.3,0.3,,,,
874,311450180,2024-07-31 04:05:27,2,0.0835,0.08457778,60.75,BTC-28MAR25-100000-C,66034.24,buy,0.3,0.3,,,,
875,311450781,2024-07-31 04:13:25,3,0.0835,0.08407913,60.91,BTC-28MAR25-100000-C,65908.17,sell,0.3,0.3,,,,
876,311460547,2024-07-31 06:02:35,0,0.084,0.08433251,60.7,BTC-28MAR25-100000-C,66187.97,buy,0.2,0.2,,,,
877,311478362,2024-07-31 09:38:13,0,0.0865,0.08582686,61.53,BTC-28MAR25-100000-C,66297.18,sell,0.2,0.2,,,,
878,311478372,2024-07-31 09:38:25,1,0.0865,0.08583173,61.54,BTC-28MAR25-100000-C,66294.39,sell,0.2,0.2,,,,
879,311478375,2024-07-31 09:38:47,2,0.086,0.08584731,61.37,BTC-28MAR25-100000-C,66293.49,sell,0.2,0.2,,,,
880,311478431,2024-07-31 09:41:18,0,0.0865,0.08595857,61.52,BTC-28MAR25-100000-C,66298.77,sell,0.1,0.1,,,,
881,311478432,2024-07-31 09:41:21,1,0.0865,0.08596064,61.52,BTC-28MAR25-100000-C,66298.18,sell,0.1,0.1,,,,
882,311485702,2024-07-31 12:48:44,1,0.0865,0.08554303,61.61,BTC-28MAR25-100000-C,66237.88,sell,1.0,1.0,,,,
883,311489983,2024-07-31 13:36:03,0,0.088,0.0868727,61.69,BTC-28MAR25-100000-C,66558.97,buy,0.1,0.1,,,,
884,311490220,2024-07-31 13:37:56,0,0.0885,0.08707,61.81,BTC-28MAR25-100000-C,66594.13,buy,0.9,0.9,,,,
885,311492209,2024-07-31 13:45:44,0,0.0904,0.0875621,62.32,BTC-28MAR25-100000-C,66705.01,buy,250.0,250.0,,150570,,
886,311495010,2024-07-31 14:11:59,2,0.088,0.08712322,61.68,BTC-28MAR25-100000-C,66561.8,buy,0.3,0.3,,,,
887,311495011,2024-07-31 14:11:59,3,0.088,0.08712322,61.68,BTC-28MAR25-100000-C,66561.8,sell,0.7,0.7,,,,
888,311502505,2024-07-31 15:25:40,2,0.0875,0.08640722,61.64,BTC-28MAR25-100000-C,66486.36,buy,0.1,0.1,,,,
889,311502512,2024-07-31 15:25:47,3,0.0875,0.08647602,61.62,BTC-28MAR25-100000-C,66502.33,sell,0.1,0.1,,,,
890,311502528,2024-07-31 15:25:57,3,0.0875,0.08644186,61.64,BTC-28MAR25-100000-C,66490.02,sell,0.1,0.1,,,,
891,311503750,2024-07-31 15:53:16,3,0.0875,0.08640962,61.71,BTC-28MAR25-100000-C,66433.06,buy,0.1,0.1,,,,
892,311516017,2024-07-31 18:23:28,2,0.086,0.08589478,61.48,BTC-28MAR25-100000-C,66228.92,sell,0.1,0.1,,,,
893,311601396,2024-08-01 02:09:52,2,0.077,0.07623373,61.97,BTC-28MAR25-100000-C,64047.53,buy,0.3,0.3,,,,
894,311611677,2024-08-01 03:04:26,2,0.075,0.07522727,61.17,BTC-28MAR25-100000-C,63965.84,sell,3.0,3.0,,,,
895,311619852,2024-08-01 03:46:08,2,0.072,0.0732947,60.28,BTC-28MAR25-100000-C,63987.79,buy,5.0,5.0,,,,
896,311671256,2024-08-01 14:05:26,0,0.0755,0.07596624,60.39,BTC-28MAR25-100000-C,64631.9,buy,1.0,1.0,,,,
897,311679638,2024-08-01 15:00:44,2,0.073,0.07302915,60.62,BTC-28MAR25-100000-C,63874.04,sell,0.1,0.1,,,,
898,311681163,2024-08-01 15:02:24,2,0.0715,0.0727035,60.2,BTC-28MAR25-100000-C,63787.38,sell,0.8,0.8,,,,
899,311709819,2024-08-01 16:31:44,2,0.07,0.06977439,60.84,BTC-28MAR25-100000-C,62923.5,sell,1.0,1.0,,,,
900,311715871,2024-08-01 17:15:38,0,0.0705,0.06929402,61.44,BTC-28MAR25-100000-C,62637.68,sell,1.0,1.0,,,,
901,311752560,2024-08-01 20:35:27,0,0.072,0.07218168,60.64,BTC-28MAR25-100000-C,63768.84,buy,1.0,1.0,,,,
902,311785139,2024-08-01 22:30:24,0,0.08,0.07947101,61.25,BTC-28MAR25-100000-C,65533.71,buy,0.4,0.4,,,,
903,311786410,2024-08-01 22:41:25,1,0.08,0.07982622,61.44,BTC-28MAR25-100000-C,65382.74,sell,0.1,0.1,,,,
904,311809683,2024-08-02 02:15:56,2,0.076,0.07524682,60.98,BTC-28MAR25-100000-C,64608.83,sell,0.1,0.1,,,,
905,311836319,2024-08-02 06:51:07,2,0.073,0.07345306,60.41,BTC-28MAR25-100000-C,64330.56,buy,5.0,5.0,,,,
906,311863471,2024-08-02 10:25:12,3,0.073,0.07277329,60.27,BTC-28MAR25-100000-C,64470.28,sell,0.1,0.1,,,,
907,311888142,2024-08-02 13:44:24,0,0.0782,0.07636107,60.98,BTC-28MAR25-100000-C,65388.16,buy,200.0,200.0,,150838,,
908,311888438,2024-08-02 13:45:42,2,0.078,0.07650895,60.86,BTC-28MAR25-100000-C,65426.57,buy,1.0,1.0,,,,
909,311897325,2024-08-02 14:27:19,2,0.074,0.07438586,60.32,BTC-28MAR25-100000-C,64778.27,buy,0.1,0.1,,,,
910,311897443,2024-08-02 14:28:06,0,0.0745,0.07466824,60.41,BTC-28MAR25-100000-C,64855.26,buy,0.1,0.1,,,,
911,311902619,2024-08-02 14:43:44,2,0.072,0.07144293,60.8,BTC-28MAR25-100000-C,63854.08,sell,1.0,1.0,,,,
912,311905629,2024-08-02 14:53:37,2,0.07,0.07042428,60.49,BTC-28MAR25-100000-C,63550.28,sell,0.4,0.4,,,,
913,311905630,2024-08-02 14:53:37,3,0.07,0.07042428,60.49,BTC-28MAR25-100000-C,63550.28,sell,0.1,0.1,,,,
914,311905871,2024-08-02 14:54:00,3,0.07,0.07017934,60.59,BTC-28MAR25-100000-C,63476.33,buy,0.1,0.1,,,,
915,311913104,2024-08-02 15:06:43,2,0.0675,0.06774266,60.63,BTC-28MAR25-100000-C,62784.76,sell,0.4,0.4,,,,
916,311921848,2024-08-02 15:26:03,0,0.068,0.06764251,60.9,BTC-28MAR25-100000-C,62708.36,sell,1.0,1.0,,,,
917,311936551,2024-08-02 16:41:31,0,0.071,0.07008077,60.98,BTC-28MAR25-100000-C,63397.75,sell,2.0,2.0,,,,
918,311936667,2024-08-02 16:42:27,0,0.0715,0.06999777,61.19,BTC-28MAR25-100000-C,63368.16,buy,0.3,0.3,,,,
919,311940921,2024-08-02 17:04:34,2,0.07,0.069136,61.04,BTC-28MAR25-100000-C,63077.71,buy,0.5,0.5,,,,
920,311966373,2024-08-02 20:30:07,2,0.0665,0.06654839,60.58,BTC-28MAR25-100000-C,62482.77,buy,0.4,0.4,,,,
921,311972650,2024-08-02 21:14:17,0,0.067,0.06653893,61.21,BTC-28MAR25-100000-C,62130.47,sell,0.5,0.5,,,,
922,311972651,2024-08-02 21:14:17,1,0.067,0.06653893,61.21,BTC-28MAR25-100000-C,62130.47,sell,0.5,0.5,,,,
923,311976604,2024-08-02 21:26:44,2,0.066,0.06552992,61.45,BTC-28MAR25-100000-C,61683.41,sell,0.5,0.5,,,,
924,311977822,2024-08-02 21:30:03,2,0.0655,0.06533662,61.36,BTC-28MAR25-100000-C,61612.15,sell,0.5,0.5,,,,
925,311978480,2024-08-02 21:30:36,2,0.065,0.06475778,61.48,BTC-28MAR25-100000-C,61370.56,sell,1.0,1.0,,,,
926,311979218,2024-08-02 21:31:19,2,0.063,0.064087,60.9,BTC-28MAR25-100000-C,61234.55,buy,1.0,1.0,,,,
927,311980687,2024-08-02 21:35:52,0,0.067,0.06573294,61.61,BTC-28MAR25-100000-C,61816.4,buy,6.0,6.0,,,,
928,311980688,2024-08-02 21:35:52,1,0.067,0.06573294,61.61,BTC-28MAR25-100000-C,61816.4,buy,1.1,1.1,,,,
929,311980689,2024-08-02 21:35:52,1,0.067,0.06573294,61.61,BTC-28MAR25-100000-C,61816.4,sell,3.3,3.3,,,,
930,311980690,2024-08-02 21:35:52,1,0.067,0.06573294,61.61,BTC-28MAR25-100000-C,61816.4,sell,1.0,1.0,,,,
931,311980691,2024-08-02 21:35:52,1,0.067,0.06573294,61.61,BTC-28MAR25-100000-C,61816.4,sell,3.3,3.3,,,,
932,311980700,2024-08-02 21:35:53,1,0.067,0.06573834,61.63,BTC-28MAR25-100000-C,61816.4,sell,3.5,3.5,,,,
933,311980705,2024-08-02 21:35:53,1,0.067,0.06573834,61.63,BTC-28MAR25-100000-C,61816.4,sell,3.5,3.5,,,,
