trade_seq,trade_id,timestamp,tick_direction,price,mark_price,iv,instrument_name,index_price,direction,contracts,amount,liquidation,combo_id,block_trade_id,combo_trade_id
1,265491951,2023-09-28 08:36:40,1,0.071,0.06913937,61.19,BTC-27SEP24-50000-C,26404.94,sell,,8.0,,,,
2,265603511,2023-09-29 08:03:23,2,0.0705,0.07479862,59.35,BTC-27SEP24-50000-C,27162.08,sell,,0.1,,,,
3,265624554,2023-09-29 12:43:16,0,0.0725,0.07256738,60.71,BTC-27SEP24-50000-C,26998.91,sell,,50.0,,,98549,
4,265625265,2023-09-29 13:07:17,1,0.0725,0.07312389,60.72,BTC-27SEP24-50000-C,26971.28,sell,,0.1,,,,
5,265647580,2023-09-29 17:56:03,2,0.0679,0.07113029,59.55,BTC-27SEP24-50000-C,26840.05,sell,,200.0,,BTC-CSR12-27SEP24-35000_50000,98603,
6,265647855,2023-09-29 18:00:01,2,0.0669,0.07132676,59.11,BTC-27SEP24-50000-C,26841.69,sell,,150.0,,BTC-CSR23-27SEP24-35000_50000,98606,
7,265648881,2023-09-29 18:09:13,0,0.07,0.07086248,60.2,BTC-27SEP24-50000-C,26769.6,sell,,0.1,,,,
8,265654040,2023-09-29 19:34:11,0,0.0705,0.07176338,60.0,BTC-27SEP24-50000-C,26929.77,sell,,0.1,,,,
9,265654046,2023-09-29 19:34:14,2,0.07,0.07176216,59.85,BTC-27SEP24-50000-C,26929.81,sell,,0.1,,,,
10,265656595,2023-09-29 20:15:45,2,0.0695,0.07109984,59.71,BTC-27SEP24-50000-C,26922.62,sell,,0.1,,,,
11,265658467,2023-09-29 20:55:43,2,0.069,0.0707183,59.58,BTC-27SEP24-50000-C,26897.33,sell,,0.1,,,,
12,265673682,2023-09-30 11:24:47,0,0.0725,0.06928002,60.59,BTC-27SEP24-50000-C,26982.55,buy,,1.0,,,,
13,265791646,2023-10-02 07:59:51,0,0.078,0.07847607,59.41,BTC-27SEP24-50000-C,28302.25,sell,,0.1,,,,
14,265940197,2023-10-03 15:11:26,2,0.0741,0.07487341,60.32,BTC-27SEP24-50000-C,27336.12,buy,,25.0,,BTC-CS-27SEP24-35000_50000,99206,
15,265962912,2023-10-03 20:05:06,0,0.0745,0.07484278,60.69,BTC-27SEP24-50000-C,27259.63,sell,,0.1,,,,
16,265963314,2023-10-03 20:05:55,2,0.074,0.07478845,60.55,BTC-27SEP24-50000-C,27251.09,sell,,0.5,,,,
17,265963315,2023-10-03 20:05:55,3,0.074,0.07478845,60.55,BTC-27SEP24-50000-C,27251.09,sell,,0.5,,,,
18,265963328,2023-10-03 20:05:57,2,0.073,0.07475954,60.25,BTC-27SEP24-50000-C,27247.58,sell,,10.0,,,,
19,266014031,2023-10-04 14:12:29,0,0.074,0.07516328,60.18,BTC-27SEP24-50000-C,27451.2,sell,,0.1,,,,
20,266015357,2023-10-04 14:32:34,2,0.073,0.07471166,60.02,BTC-27SEP24-50000-C,27386.49,sell,,0.1,,,,
21,266025538,2023-10-04 18:03:19,0,0.0735,0.07529801,59.78,BTC-27SEP24-50000-C,27544.73,buy,,0.1,,,,
22,266025548,2023-10-04 18:03:55,2,0.073,0.07523212,59.63,BTC-27SEP24-50000-C,27543.09,sell,,0.2,,,,
23,266025552,2023-10-04 18:05:08,3,0.073,0.07525369,59.62,BTC-27SEP24-50000-C,27545.81,sell,,0.1,,,,
24,266035757,2023-10-04 19:50:21,0,0.0735,0.07494352,59.66,BTC-27SEP24-50000-C,27612.53,sell,,0.3,,,,
25,266038022,2023-10-04 20:26:41,0,0.075,0.07490138,59.95,BTC-27SEP24-50000-C,27691.65,buy,,0.4,,,,
26,266054877,2023-10-05 06:37:42,0,0.076,0.07541097,60.38,BTC-27SEP24-50000-C,27639.8,buy,,1.0,,,,
27,266058108,2023-10-05 07:59:32,0,0.0765,0.07535674,60.64,BTC-27SEP24-50000-C,27607.17,buy,,0.1,,,,
28,266081398,2023-10-05 14:21:08,1,0.0765,0.07600408,59.63,BTC-27SEP24-50000-C,28111.75,buy,,0.9,,,,
29,266167950,2023-10-06 13:24:52,2,0.073,0.07391566,60.2,BTC-27SEP24-50000-C,27411.08,sell,,5.0,,,,
30,266287291,2023-10-09 05:12:37,0,0.078,0.07725826,60.84,BTC-27SEP24-50000-C,27941.26,sell,,0.3,,,,
31,266299574,2023-10-09 09:23:22,2,0.075,0.0760269,60.28,BTC-27SEP24-50000-C,27785.86,sell,,0.2,,,,
32,266306844,2023-10-09 10:15:08,2,0.0739,0.07442883,60.46,BTC-27SEP24-50000-C,27549.22,sell,,25.0,,BTC-CS-27SEP24-35000_50000,99954,
33,266310007,2023-10-09 10:32:52,0,0.0755,0.07451515,61.03,BTC-27SEP24-50000-C,27529.16,buy,,0.2,,,,
34,266331212,2023-10-09 13:12:08,2,0.073,0.07406847,60.53,BTC-27SEP24-50000-C,27442.69,sell,,1.0,,,,
35,266331562,2023-10-09 13:17:54,3,0.073,0.07390341,60.58,BTC-27SEP24-50000-C,27422.05,sell,,1.0,,,,
36,266338078,2023-10-09 15:15:52,0,0.0755,0.07445811,61.11,BTC-27SEP24-50000-C,27518.43,buy,,0.1,,,,
37,266338079,2023-10-09 15:15:52,0,0.076,0.07445811,61.27,BTC-27SEP24-50000-C,27518.43,buy,,1.8,,,,
38,266366307,2023-10-09 22:01:24,2,0.073,0.07457415,60.14,BTC-27SEP24-50000-C,27615.45,sell,,2.6,,,,
39,266440481,2023-10-11 03:09:39,2,0.072,0.07219828,61.12,BTC-27SEP24-50000-C,27103.88,sell,,10.0,,,,
40,266440482,2023-10-11 03:09:39,3,0.072,0.07219828,61.12,BTC-27SEP24-50000-C,27103.88,sell,,5.0,,,,
41,266444183,2023-10-11 03:40:21,2,0.0715,0.0716771,61.08,BTC-27SEP24-50000-C,27070.6,sell,,0.1,,,,
42,266475372,2023-10-11 10:08:51,2,0.071,0.07120458,60.59,BTC-27SEP24-50000-C,27245.59,sell,,0.1,,,,
43,266497859,2023-10-11 15:27:44,2,0.07,0.07041052,61.2,BTC-27SEP24-50000-C,26825.22,sell,,0.1,,,,
44,266497860,2023-10-11 15:27:44,3,0.07,0.07041052,61.2,BTC-27SEP24-50000-C,26825.22,sell,,4.9,,,,
45,266500655,2023-10-11 15:34:55,3,0.07,0.07063229,61.23,BTC-27SEP24-50000-C,26815.75,sell,,10.0,,,,
46,266501683,2023-10-11 15:38:26,3,0.07,0.07056297,61.28,BTC-27SEP24-50000-C,26811.61,sell,,0.1,,,,
47,266502004,2023-10-11 15:40:31,2,0.0685,0.07061503,60.74,BTC-27SEP24-50000-C,26851.1,sell,,0.1,,,,
48,266502005,2023-10-11 15:40:31,3,0.0685,0.07061503,60.74,BTC-27SEP24-50000-C,26851.1,sell,,0.1,,,,
49,266512778,2023-10-11 16:22:00,2,0.068,0.06721407,61.03,BTC-27SEP24-50000-C,26672.47,buy,,4.0,,,,
50,266512814,2023-10-11 16:22:15,3,0.068,0.06722839,61.03,BTC-27SEP24-50000-C,26667.57,buy,,3.0,,,,
51,266539955,2023-10-11 22:48:04,2,0.0675,0.06894635,60.7,BTC-27SEP24-50000-C,26765.89,sell,,0.1,,,,
52,266576115,2023-10-12 15:22:44,0,0.0685,0.06897841,61.23,BTC-27SEP24-50000-C,26707.09,sell,,0.1,,,,
53,266596074,2023-10-12 22:12:58,2,0.068,0.06855034,60.95,BTC-27SEP24-50000-C,26755.3,sell,,0.1,,,,
54,266611972,2023-10-13 07:04:29,0,0.0685,0.06891993,61.0,BTC-27SEP24-50000-C,26827.44,sell,,0.1,,,,
55,266611974,2023-10-13 07:04:41,0,0.069,0.06892758,61.16,BTC-27SEP24-50000-C,26827.78,sell,,0.1,,,,
56,266611978,2023-10-13 07:04:59,0,0.07,0.0689356,61.48,BTC-27SEP24-50000-C,26824.71,sell,,0.1,,,,
57,266612910,2023-10-13 07:17:56,1,0.07,0.06896448,61.41,BTC-27SEP24-50000-C,26854.54,sell,,1.0,,,,
58,266613783,2023-10-13 07:30:19,1,0.07,0.06894388,61.35,BTC-27SEP24-50000-C,26879.99,sell,,2.0,,,,
59,266618961,2023-10-13 07:57:59,2,0.069,0.06939803,61.12,BTC-27SEP24-50000-C,26853.65,sell,,0.1,,,,
60,266643292,2023-10-13 15:37:08,2,0.067,0.06792129,60.86,BTC-27SEP24-50000-C,26700.76,sell,,0.1,,,,
61,266656665,2023-10-13 20:44:12,2,0.0668,0.067964,60.65,BTC-27SEP24-50000-C,26765.89,buy,,25.0,,BTC-CS-27SEP24-35000_50000,100834,
62,266670977,2023-10-13 21:35:53,0,0.0675,0.06972067,60.3,BTC-27SEP24-50000-C,27016.09,sell,,0.1,,,,
63,266689437,2023-10-14 08:34:03,2,0.0665,0.0687778,60.39,BTC-27SEP24-50000-C,26867.93,sell,,0.2,,,,
64,266696138,2023-10-14 17:23:47,0,0.069,0.06848416,61.13,BTC-27SEP24-50000-C,26910.15,sell,,0.1,,,,
65,266696141,2023-10-14 17:24:47,2,0.068,0.06850128,60.8,BTC-27SEP24-50000-C,26913.95,sell,,0.1,,,,
66,266700724,2023-10-15 00:59:55,2,0.0665,0.06903814,60.47,BTC-27SEP24-50000-C,26851.18,sell,,5.0,,,,
67,266704625,2023-10-15 08:27:06,3,0.0665,0.0682953,60.39,BTC-27SEP24-50000-C,26890.72,sell,,5.0,,,,
68,266704626,2023-10-15 08:27:08,3,0.0665,0.06829502,60.39,BTC-27SEP24-50000-C,26890.78,sell,,5.0,,,,
69,266704627,2023-10-15 08:27:09,3,0.0665,0.06829475,60.39,BTC-27SEP24-50000-C,26890.73,sell,,4.8,,,,
70,266762427,2023-10-16 06:02:15,0,0.073,0.07185967,60.19,BTC-27SEP24-50000-C,27941.23,buy,,0.4,,,,
71,266780909,2023-10-16 09:13:08,2,0.0728,0.07211823,60.71,BTC-27SEP24-50000-C,27697.09,buy,,12.5,,BTC-CS-27SEP24-32000_50000,101018,
72,266780989,2023-10-16 09:13:26,3,0.0728,0.07208793,60.73,BTC-27SEP24-50000-C,27689.28,buy,,12.5,,BTC-CS-27SEP24-32000_50000,101019,
73,266783719,2023-10-16 09:45:00,0,0.073,0.0726763,60.67,BTC-27SEP24-50000-C,27727.91,sell,,0.1,,,,
74,266788402,2023-10-16 10:48:57,2,0.0715,0.07257324,60.1,BTC-27SEP24-50000-C,27772.2,sell,,5.0,,,,
75,266808091,2023-10-16 13:27:13,0,0.074,0.07488427,59.57,BTC-27SEP24-50000-C,28366.73,buy,,0.1,,,,
76,266808092,2023-10-16 13:27:13,1,0.074,0.07488427,59.57,BTC-27SEP24-50000-C,28366.73,buy,,0.1,,,,
77,266914961,2023-10-16 14:50:22,2,0.073,0.07493926,59.55,BTC-27SEP24-50000-C,28203.97,buy,,0.1,,,,
78,266945855,2023-10-16 18:32:19,2,0.0705,0.07299115,58.41,BTC-27SEP24-50000-C,28338.41,sell,,0.1,,,,
79,267000490,2023-10-17 05:50:12,0,0.075,0.0752739,60.25,BTC-27SEP24-50000-C,28191.66,sell,,0.1,,,,
80,267145041,2023-10-18 08:11:30,1,0.075,0.07568937,59.65,BTC-27SEP24-50000-C,28534.89,buy,,12.0,,,,
81,267190735,2023-10-18 22:27:02,2,0.0736,0.07432105,59.73,BTC-27SEP24-50000-C,28335.43,sell,,25.0,,BTC-CS-27SEP24-35000_50000,101674,
82,267328173,2023-10-20 05:29:16,0,0.0775,0.08033526,59.13,BTC-27SEP24-50000-C,29175.57,sell,,0.1,,,,
83,267355760,2023-10-20 08:25:14,0,0.0855,0.08383401,60.91,BTC-27SEP24-50000-C,29478.64,sell,,0.1,M,,,
84,267359733,2023-10-20 08:29:09,2,0.084,0.08461995,60.22,BTC-27SEP24-50000-C,29613.44,buy,,0.4,,,,
85,267396231,2023-10-20 11:08:15,0,0.087,0.08750934,60.42,BTC-27SEP24-50000-C,29881.58,buy,,5.0,,,,
86,267421184,2023-10-20 13:37:43,0,0.0877,0.08816464,61.19,BTC-27SEP24-50000-C,29632.95,sell,,25.0,,BTC-CS-27SEP24-35000_50000,102271,
87,267500416,2023-10-21 17:33:53,2,0.0871,0.08722829,60.47,BTC-27SEP24-50000-C,29972.54,sell,,25.0,,BTC-CS-27SEP24-35000_50000,102451,
88,267579889,2023-10-22 23:02:59,0,0.0905,0.08971963,61.44,BTC-27SEP24-50000-C,29991.75,buy,,0.1,,,,
89,267587606,2023-10-23 01:03:09,0,0.091,0.0908766,61.31,BTC-27SEP24-50000-C,30107.76,buy,,20.0,,,,
90,267596565,2023-10-23 01:28:20,0,0.093,0.0931972,61.19,BTC-27SEP24-50000-C,30419.17,buy,,20.0,,,,
91,267712403,2023-10-23 11:52:15,0,0.0975,0.0956949,61.86,BTC-27SEP24-50000-C,30761.32,buy,,0.1,,,,
92,267712415,2023-10-23 11:52:25,1,0.0975,0.09576151,61.85,BTC-27SEP24-50000-C,30767.25,buy,,0.1,,,,
93,267775577,2023-10-23 17:18:38,0,0.098,0.09610844,61.18,BTC-27SEP24-50000-C,31141.58,buy,,0.1,,,,
94,267781329,2023-10-23 17:41:08,0,0.1,0.0979056,61.99,BTC-27SEP24-50000-C,31049.08,buy,,0.1,,,,
95,267781330,2023-10-23 17:41:08,1,0.1,0.0979056,61.99,BTC-27SEP24-50000-C,31049.08,buy,,0.1,,,,
96,267783056,2023-10-23 17:54:32,2,0.0986,0.0995216,61.6,BTC-27SEP24-50000-C,31044.03,sell,,25.0,,BTC-CS-27SEP24-35000_50000,103214,
97,267804885,2023-10-23 19:07:07,0,0.1017,0.10255004,61.91,BTC-27SEP24-50000-C,31225.74,sell,,25.0,,BTC-CS-27SEP24-35000_50000,103262,
98,267850943,2023-10-23 22:20:44,0,0.1075,0.10832497,62.05,BTC-27SEP24-50000-C,31961.77,sell,,25.0,,BTC-CS-27SEP24-35000_50000,103406,
99,267864466,2023-10-23 22:40:57,0,0.11,0.11077334,61.66,BTC-27SEP24-50000-C,32434.95,buy,,0.1,,,,
100,267963147,2023-10-23 23:36:54,0,0.119,0.115491,63.02,BTC-27SEP24-50000-C,32858.2,buy,,1.0,,,,
101,268008328,2023-10-24 01:42:42,0,0.121,0.1185599,61.59,BTC-27SEP24-50000-C,33745.37,buy,,0.6,,,,
102,268143102,2023-10-24 08:08:01,0,0.1225,0.12438667,61.04,BTC-27SEP24-50000-C,34084.65,sell,,0.4,,,,
103,268144680,2023-10-24 08:15:47,0,0.125,0.12202401,61.74,BTC-27SEP24-50000-C,34076.3,buy,,0.1,,,,
104,268149195,2023-10-24 08:39:26,1,0.125,0.12267496,61.6,BTC-27SEP24-50000-C,34143.21,buy,,0.1,,,,
105,268211546,2023-10-24 12:30:11,0,0.1315,0.13188068,62.61,BTC-27SEP24-50000-C,34543.6,sell,,0.1,,,,
106,268221013,2023-10-24 13:11:25,2,0.13,0.12905828,62.65,BTC-27SEP24-50000-C,34343.47,sell,,0.1,,,,
107,268226071,2023-10-24 13:29:05,0,0.1305,0.13138416,62.58,BTC-27SEP24-50000-C,34446.56,sell,,1.0,,,,
108,268233181,2023-10-24 13:54:53,2,0.1295,0.13047283,62.59,BTC-27SEP24-50000-C,34333.55,sell,,0.1,,,,
109,268237710,2023-10-24 14:19:20,2,0.129,0.1294213,62.73,BTC-27SEP24-50000-C,34180.35,sell,,0.1,,,,
110,268249858,2023-10-24 14:53:15,2,0.1265,0.1270992,61.54,BTC-27SEP24-50000-C,34447.26,sell,,0.1,,,,
111,268253277,2023-10-24 15:02:44,2,0.1235,0.12299365,60.86,BTC-27SEP24-50000-C,34410.58,sell,,0.1,,,,
112,268513923,2023-10-25 09:30:01,2,0.115,0.11483054,59.24,BTC-27SEP24-50000-C,34257.58,sell,,0.1,,,,
113,268516683,2023-10-25 09:40:57,2,0.1145,0.1146017,59.25,BTC-27SEP24-50000-C,34168.66,sell,,0.1,,,,
114,268578889,2023-10-25 15:15:40,0,0.1195,0.1212442,59.07,BTC-27SEP24-50000-C,34729.54,buy,,0.1,,,,
115,268622043,2023-10-25 17:49:37,0,0.1215,0.12490284,59.61,BTC-27SEP24-50000-C,34653.11,sell,,0.1,,,,
116,268755988,2023-10-26 13:40:22,0,0.123,0.12592647,61.04,BTC-27SEP24-50000-C,34203.88,buy,,0.1,,,,
117,268772846,2023-10-26 14:52:05,2,0.1225,0.12580939,61.07,BTC-27SEP24-50000-C,34149.64,sell,,0.1,,,,
118,268795077,2023-10-26 16:50:37,3,0.1225,0.12228665,61.75,BTC-27SEP24-50000-C,33863.86,sell,,0.8,,,,
119,268901798,2023-10-27 08:02:31,2,0.12,0.11984958,60.85,BTC-27SEP24-50000-C,33985.27,sell,,0.1,,,,
120,268905813,2023-10-27 08:20:43,3,0.12,0.12049317,60.79,BTC-27SEP24-50000-C,34023.4,sell,,0.1,,,,
121,268912418,2023-10-27 08:54:35,2,0.1195,0.12024724,60.52,BTC-27SEP24-50000-C,34082.89,sell,,0.1,,,,
122,268912937,2023-10-27 08:57:13,2,0.119,0.12030524,60.34,BTC-27SEP24-50000-C,34102.73,sell,,0.1,,,,
123,268996610,2023-10-27 17:07:29,2,0.118,0.11677625,61.04,BTC-27SEP24-50000-C,33545.07,sell,,0.5,,,,
124,269064716,2023-10-28 15:10:57,2,0.1175,0.11884476,59.73,BTC-27SEP24-50000-C,34113.42,sell,,0.1,,,,
125,269258935,2023-10-31 02:52:43,0,0.124,0.12379963,61.2,BTC-27SEP24-50000-C,34287.9,sell,,0.5,,,,
126,269277337,2023-10-31 08:28:32,2,0.1185,0.12120116,59.69,BTC-27SEP24-50000-C,34285.78,sell,,0.1,,,,
127,269277416,2023-10-31 08:29:06,3,0.1185,0.12129731,59.66,BTC-27SEP24-50000-C,34301.96,sell,,0.1,,,,
128,269283894,2023-10-31 10:45:34,0,0.1195,0.12200195,59.64,BTC-27SEP24-50000-C,34418.87,sell,,0.1,,,,
129,269283897,2023-10-31 10:45:36,1,0.1195,0.12201338,59.64,BTC-27SEP24-50000-C,34419.0,sell,,0.1,,,,
130,269283905,2023-10-31 10:45:39,1,0.1195,0.12202426,59.63,BTC-27SEP24-50000-C,34423.41,sell,,0.1,,,,
131,269283907,2023-10-31 10:45:40,1,0.1195,0.12203658,59.63,BTC-27SEP24-50000-C,34422.44,sell,,0.1,,,,
132,269283968,2023-10-31 10:48:13,2,0.1185,0.12198794,59.34,BTC-27SEP24-50000-C,34432.9,sell,,0.1,,,,
133,269283999,2023-10-31 10:49:28,3,0.1185,0.12197147,59.34,BTC-27SEP24-50000-C,34436.61,sell,,0.1,,,,
134,269284247,2023-10-31 10:56:04,0,0.119,0.12208962,59.39,BTC-27SEP24-50000-C,34454.86,sell,,0.1,,,,
135,269285424,2023-10-31 11:24:21,0,0.122,0.12194172,60.26,BTC-27SEP24-50000-C,34429.9,sell,,0.1,,,,
136,269285427,2023-10-31 11:24:23,1,0.122,0.12195035,60.26,BTC-27SEP24-50000-C,34430.56,sell,,0.1,,,,
137,269285429,2023-10-31 11:24:24,1,0.122,0.121957,60.26,BTC-27SEP24-50000-C,34430.98,sell,,0.1,,,,
138,269285431,2023-10-31 11:24:26,1,0.122,0.1219674,60.26,BTC-27SEP24-50000-C,34434.56,sell,,0.1,,,,
139,269285433,2023-10-31 11:24:28,1,0.122,0.12199687,60.25,BTC-27SEP24-50000-C,34434.11,sell,,0.1,,,,
140,269285435,2023-10-31 11:24:29,1,0.122,0.12199971,60.25,BTC-27SEP24-50000-C,34434.06,sell,,0.1,,,,
141,269285438,2023-10-31 11:24:30,1,0.122,0.12200786,60.25,BTC-27SEP24-50000-C,34434.26,sell,,0.1,,,,
142,269285441,2023-10-31 11:24:31,1,0.122,0.12201017,60.25,BTC-27SEP24-50000-C,34434.41,sell,,0.1,,,,
143,269285443,2023-10-31 11:24:33,1,0.122,0.12201292,60.25,BTC-27SEP24-50000-C,34434.16,sell,,0.1,,,,
144,269285446,2023-10-31 11:24:34,1,0.122,0.12201392,60.25,BTC-27SEP24-50000-C,34434.11,sell,,0.1,,,,
145,269285451,2023-10-31 11:24:36,1,0.122,0.1220184,60.25,BTC-27SEP24-50000-C,34434.02,sell,,0.1,,,,
146,269285531,2023-10-31 11:28:29,0,0.1225,0.12262417,60.36,BTC-27SEP24-50000-C,34439.95,sell,,0.1,,,,
147,269285533,2023-10-31 11:28:31,1,0.1225,0.12263872,60.36,BTC-27SEP24-50000-C,34441.45,sell,,0.1,,,,
148,269285541,2023-10-31 11:28:53,0,0.123,0.12276822,60.47,BTC-27SEP24-50000-C,34451.66,sell,,0.1,,,,
149,269285549,2023-10-31 11:29:23,0,0.1235,0.12282275,60.61,BTC-27SEP24-50000-C,34452.56,sell,,0.1,,,,
150,269285551,2023-10-31 11:29:25,1,0.1235,0.12282138,60.61,BTC-27SEP24-50000-C,34452.56,sell,,0.1,,,,
151,269285571,2023-10-31 11:29:38,1,0.1235,0.12287522,60.61,BTC-27SEP24-50000-C,34455.63,sell,,1.4,,,,
152,269326578,2023-10-31 20:25:49,0,0.125,0.12496905,60.72,BTC-27SEP24-50000-C,34617.89,sell,,0.1,,,,
153,269328608,2023-10-31 20:49:15,0,0.127,0.12617615,61.08,BTC-27SEP24-50000-C,34699.09,buy,,1.9,,,,
154,269328654,2023-10-31 20:50:15,2,0.126,0.12596067,60.85,BTC-27SEP24-50000-C,34678.47,sell,,0.1,,,,
155,269328664,2023-10-31 20:50:31,0,0.1265,0.12598819,60.98,BTC-27SEP24-50000-C,34680.28,sell,,0.1,,,,
156,269328669,2023-10-31 20:50:33,1,0.1265,0.12599839,60.98,BTC-27SEP24-50000-C,34680.28,sell,,0.1,,,,
157,269328688,2023-10-31 20:50:47,0,0.127,0.12599417,61.12,BTC-27SEP24-50000-C,34677.29,sell,,0.1,,,,
158,269328690,2023-10-31 20:50:48,1,0.127,0.12600331,61.12,BTC-27SEP24-50000-C,34678.12,sell,,0.1,,,,
159,269328705,2023-10-31 20:51:08,0,0.1275,0.12599557,61.27,BTC-27SEP24-50000-C,34673.02,buy,,0.8,,,,
160,269328712,2023-10-31 20:51:21,1,0.1275,0.12601732,61.27,BTC-27SEP24-50000-C,34672.77,buy,,0.7,,,,
161,269332764,2023-10-31 22:01:06,2,0.126,0.12317322,61.29,BTC-27SEP24-50000-C,34490.54,buy,,0.1,,,,
162,269332765,2023-10-31 22:01:06,3,0.126,0.12317322,61.29,BTC-27SEP24-50000-C,34490.54,buy,,3.0,,,,
163,269383557,2023-11-01 13:12:41,0,0.127,0.12827158,60.77,BTC-27SEP24-50000-C,34783.65,buy,,0.1,,,,
164,269569196,2023-11-02 07:30:10,0,0.143,0.14007791,63.76,BTC-27SEP24-50000-C,35298.45,buy,,0.1,,,,
165,269569198,2023-11-02 07:30:10,1,0.143,0.14007791,63.76,BTC-27SEP24-50000-C,35298.45,buy,,0.1,,,,
166,269569204,2023-11-02 07:30:11,1,0.143,0.14007976,63.76,BTC-27SEP24-50000-C,35298.61,buy,,0.1,,,,
167,269569207,2023-11-02 07:30:12,1,0.143,0.14007976,63.76,BTC-27SEP24-50000-C,35298.61,buy,,0.1,,,,
168,269569209,2023-11-02 07:30:12,1,0.143,0.1400796,63.76,BTC-27SEP24-50000-C,35298.61,buy,,0.1,,,,
169,269569211,2023-11-02 07:30:12,1,0.143,0.1400796,63.76,BTC-27SEP24-50000-C,35298.61,buy,,0.1,,,,
170,269569215,2023-11-02 07:30:13,1,0.143,0.14008115,63.76,BTC-27SEP24-50000-C,35296.34,buy,,0.1,,,,
171,269764421,2023-11-03 08:49:20,2,0.1345,0.13441349,63.89,BTC-27SEP24-50000-C,34335.12,sell,,0.1,,,,
172,269774662,2023-11-03 09:57:06,2,0.1275,0.13084256,62.33,BTC-27SEP24-50000-C,34238.58,sell,,0.3,,,,
173,269784408,2023-11-03 11:40:50,0,0.132,0.13242598,63.55,BTC-27SEP24-50000-C,34249.65,sell,,0.1,,,,
174,269784471,2023-11-03 11:41:34,1,0.132,0.13238668,63.57,BTC-27SEP24-50000-C,34240.66,sell,,0.1,,,,
175,269784484,2023-11-03 11:41:54,1,0.132,0.13238679,63.57,BTC-27SEP24-50000-C,34237.65,sell,,0.1,,,,
176,269785701,2023-11-03 12:01:54,0,0.1335,0.13320473,63.99,BTC-27SEP24-50000-C,34226.91,sell,,0.1,,,,
177,269786232,2023-11-03 12:13:00,2,0.133,0.13301047,63.98,BTC-27SEP24-50000-C,34167.68,sell,,0.1,,,,
178,269794434,2023-11-03 13:23:43,0,0.1335,0.13361989,63.71,BTC-27SEP24-50000-C,34354.52,sell,,0.1,,,,
179,269814071,2023-11-03 16:02:37,0,0.1367,0.13679186,63.57,BTC-27SEP24-50000-C,34814.35,sell,,14.0,,BTC-STRG-27SEP24-30000_50000,106850,
180,270036551,2023-11-06 11:37:34,0,0.141,0.14064307,63.97,BTC-27SEP24-50000-C,35174.43,sell,,0.1,,,,
181,270036556,2023-11-06 11:37:35,1,0.141,0.14064307,63.97,BTC-27SEP24-50000-C,35174.43,sell,,0.1,,,,
182,270076991,2023-11-06 19:52:10,2,0.1405,0.13925611,64.16,BTC-27SEP24-50000-C,35085.48,buy,,0.1,,,,
183,270077691,2023-11-06 20:04:54,3,0.1405,0.1389067,64.28,BTC-27SEP24-50000-C,35030.56,buy,,99.9,,,,
184,270136466,2023-11-07 13:27:19,2,0.137,0.13786202,63.98,BTC-27SEP24-50000-C,34710.9,sell,,1.1,,,,
185,270295910,2023-11-08 19:31:29,0,0.145,0.14227215,64.24,BTC-27SEP24-50000-C,35609.04,buy,,5.0,,,,
186,270402174,2023-11-09 04:59:24,0,0.1565,0.15564334,65.04,BTC-27SEP24-50000-C,36730.48,buy,,0.1,,,,
187,270408261,2023-11-09 05:48:17,2,0.1555,0.15409152,64.98,BTC-27SEP24-50000-C,36643.62,buy,,1.0,,,,
188,270420397,2023-11-09 07:38:47,0,0.156,0.15534991,65.25,BTC-27SEP24-50000-C,36582.35,buy,,7.0,,,,
189,270428580,2023-11-09 08:23:01,1,0.156,0.15829391,65.2,BTC-27SEP24-50000-C,36583.82,sell,,0.1,,,,
190,270428584,2023-11-09 08:23:01,1,0.156,0.15829391,65.2,BTC-27SEP24-50000-C,36584.92,sell,,0.1,,,,
191,270428586,2023-11-09 08:23:02,1,0.156,0.15829391,65.2,BTC-27SEP24-50000-C,36584.92,sell,,0.1,,,,
192,270459147,2023-11-09 12:23:48,0,0.16,0.15967066,65.47,BTC-27SEP24-50000-C,36946.74,sell,,0.1,,,,
193,270459149,2023-11-09 12:23:48,1,0.16,0.15967787,65.47,BTC-27SEP24-50000-C,36946.74,sell,,0.1,,,,
194,270466551,2023-11-09 12:57:33,0,0.1625,0.16220931,66.14,BTC-27SEP24-50000-C,36905.84,sell,,1.0,,,,
195,270562427,2023-11-09 16:12:06,2,0.155,0.15581606,64.74,BTC-27SEP24-50000-C,36642.2,sell,,2.0,,,,
196,270576579,2023-11-09 16:31:03,2,0.154,0.15310613,64.86,BTC-27SEP24-50000-C,36506.49,sell,,0.3,,,,
197,270716917,2023-11-10 09:07:49,2,0.1505,0.1488727,63.96,BTC-27SEP24-50000-C,36558.93,buy,,7.0,,,,
198,270716918,2023-11-10 09:07:49,3,0.1505,0.1488727,63.96,BTC-27SEP24-50000-C,36558.93,buy,,0.6,,,,
199,270736852,2023-11-10 12:14:02,0,0.154,0.15402772,64.08,BTC-27SEP24-50000-C,36909.67,sell,,2.9,,,,
200,270744251,2023-11-10 13:08:54,0,0.1565,0.15575577,64.05,BTC-27SEP24-50000-C,37226.32,buy,,50.0,,BTC-CCAL-27SEP24_28JUN24-50000,108908,
201,270745818,2023-11-10 13:24:57,1,0.1565,0.15644366,64.31,BTC-27SEP24-50000-C,37110.48,sell,,1.0,,,,
202,270763608,2023-11-10 16:05:03,2,0.154,0.1551158,63.63,BTC-27SEP24-50000-C,37144.16,buy,,0.1,,,,
203,270763837,2023-11-10 16:05:42,0,0.155,0.15540498,63.79,BTC-27SEP24-50000-C,37188.36,buy,,0.1,,,,
204,270764039,2023-11-10 16:06:31,1,0.155,0.15556969,63.71,BTC-27SEP24-50000-C,37222.3,buy,,0.1,,,,
205,270951472,2023-11-13 01:16:51,2,0.152,0.15032022,62.7,BTC-27SEP24-50000-C,37348.36,buy,,0.3,,,,
206,270981452,2023-11-13 08:44:00,2,0.147,0.14898166,62.12,BTC-27SEP24-50000-C,37028.89,buy,,0.1,,,,
207,270983356,2023-11-13 09:16:06,0,0.149,0.14876518,62.71,BTC-27SEP24-50000-C,36992.49,buy,,0.2,,,,
208,270996492,2023-11-13 13:23:40,2,0.1475,0.14762041,62.76,BTC-27SEP24-50000-C,36786.67,sell,,0.1,,,,
209,271011895,2023-11-13 15:58:33,2,0.1473,0.14603984,62.59,BTC-27SEP24-50000-C,36822.48,buy,,50.0,,,109264,
210,271122906,2023-11-14 12:04:57,2,0.141,0.14133943,62.17,BTC-27SEP24-50000-C,36245.12,sell,,1.4,,,,
211,271208931,2023-11-14 18:53:49,2,0.134,0.13294537,62.61,BTC-27SEP24-50000-C,35224.01,sell,,1.0,,,,
212,271210605,2023-11-14 18:53:53,2,0.133,0.1319414,62.74,BTC-27SEP24-50000-C,35042.76,sell,,0.1,,,,
213,271210990,2023-11-14 18:53:54,2,0.1325,0.13148588,62.62,BTC-27SEP24-50000-C,35005.04,sell,,0.1,,,,
214,271211176,2023-11-14 18:53:55,2,0.132,0.13148588,62.48,BTC-27SEP24-50000-C,35005.04,sell,,0.1,,,,
215,271216979,2023-11-14 18:55:37,0,0.133,0.1334131,62.53,BTC-27SEP24-50000-C,35178.76,buy,,1.0,,,,
216,271312551,2023-11-15 13:31:00,0,0.141,0.13893689,62.67,BTC-27SEP24-50000-C,36087.94,buy,,1.0,,,,
217,271326957,2023-11-15 16:04:17,0,0.145,0.14299064,62.85,BTC-27SEP24-50000-C,36533.74,buy,,1.0,,,,
218,271579827,2023-11-16 18:01:26,2,0.141,0.14193562,62.33,BTC-27SEP24-50000-C,36351.62,buy,,0.1,,,,
219,271581573,2023-11-16 18:05:25,2,0.1395,0.14077886,62.23,BTC-27SEP24-50000-C,36218.14,buy,,0.5,,,,
220,271637793,2023-11-16 21:14:40,0,0.14,0.13991039,63.02,BTC-27SEP24-50000-C,35971.39,buy,,0.1,,,,
221,271637916,2023-11-16 21:15:15,1,0.14,0.13987201,63.02,BTC-27SEP24-50000-C,35972.55,buy,,0.1,,,,
222,271638112,2023-11-16 21:16:10,1,0.14,0.13995921,62.98,BTC-27SEP24-50000-C,35985.08,buy,,0.1,,,,
223,271910323,2023-11-19 19:05:27,0,0.1445,0.14172668,62.88,BTC-27SEP24-50000-C,36846.71,buy,,0.3,,,,
224,271912058,2023-11-19 19:46:20,0,0.145,0.14218171,62.9,BTC-27SEP24-50000-C,36898.2,buy,,0.5,,,,
225,271912493,2023-11-19 19:47:49,0,0.146,0.14280086,63.02,BTC-27SEP24-50000-C,36961.42,buy,,0.1,,,,
226,271912523,2023-11-19 19:48:10,1,0.146,0.14277751,63.02,BTC-27SEP24-50000-C,36957.11,buy,,0.1,,,,
227,271941891,2023-11-20 01:10:07,0,0.148,0.14625122,62.63,BTC-27SEP24-50000-C,37308.34,sell,,1.0,,,,
228,271941914,2023-11-20 01:10:22,1,0.148,0.14618802,62.65,BTC-27SEP24-50000-C,37296.91,sell,,1.0,,,,
229,271941916,2023-11-20 01:10:29,1,0.148,0.14616469,62.66,BTC-27SEP24-50000-C,37293.19,sell,,1.0,,,,
230,271941917,2023-11-20 01:10:33,1,0.148,0.14615511,62.66,BTC-27SEP24-50000-C,37292.96,sell,,1.0,,,,
231,271941921,2023-11-20 01:10:36,1,0.148,0.1461159,62.67,BTC-27SEP24-50000-C,37289.21,sell,,1.0,,,,
232,271941922,2023-11-20 01:10:40,1,0.148,0.14612827,62.67,BTC-27SEP24-50000-C,37291.07,sell,,1.0,,,,
233,271941923,2023-11-20 01:10:43,1,0.148,0.14612819,62.67,BTC-27SEP24-50000-C,37291.35,sell,,1.0,,,,
234,271941929,2023-11-20 01:10:46,1,0.148,0.14610502,62.67,BTC-27SEP24-50000-C,37288.26,sell,,1.0,,,,
235,271941930,2023-11-20 01:10:48,1,0.148,0.14610234,62.67,BTC-27SEP24-50000-C,37288.8,sell,,1.0,,,,
236,271941949,2023-11-20 01:10:58,1,0.148,0.14608163,62.68,BTC-27SEP24-50000-C,37288.19,buy,,10.0,,,,
237,271941961,2023-11-20 01:11:09,1,0.148,0.1460392,62.69,BTC-27SEP24-50000-C,37280.55,sell,,1.0,,,,
238,271942013,2023-11-20 01:11:47,1,0.148,0.14610162,62.67,BTC-27SEP24-50000-C,37291.19,buy,,10.0,,,,
239,272043294,2023-11-20 17:55:11,0,0.1495,0.14975821,62.39,BTC-27SEP24-50000-C,37606.0,buy,,0.2,,,,
240,272085503,2023-11-21 02:06:10,0,0.1515,0.1520651,62.95,BTC-27SEP24-50000-C,37630.87,buy,,30.0,,,,
241,272152223,2023-11-21 15:03:23,2,0.1405,0.14056915,62.91,BTC-27SEP24-50000-C,36388.69,sell,,0.1,,,,
242,272262014,2023-11-21 22:56:25,2,0.1395,0.13924839,62.82,BTC-27SEP24-50000-C,36394.99,sell,,0.3,,,,
243,272353765,2023-11-22 15:12:08,2,0.139,0.13918253,62.91,BTC-27SEP24-50000-C,36286.19,sell,,0.1,,,,
244,272356490,2023-11-22 15:28:06,0,0.14,0.13963385,62.68,BTC-27SEP24-50000-C,36510.59,sell,,0.1,,,,
245,272358986,2023-11-22 15:57:09,0,0.141,0.13860671,63.02,BTC-27SEP24-50000-C,36479.78,buy,,9.1,,,,
246,272359069,2023-11-22 15:58:37,1,0.141,0.13848336,63.04,BTC-27SEP24-50000-C,36462.19,buy,,0.7,,,,
247,272359070,2023-11-22 15:58:37,1,0.141,0.13848336,63.04,BTC-27SEP24-50000-C,36462.19,buy,,4.3,,,,
248,272433782,2023-11-22 23:52:09,0,0.148,0.14794521,62.52,BTC-27SEP24-50000-C,37474.95,buy,,0.5,,,,
249,272599461,2023-11-24 13:47:51,0,0.149,0.14808799,62.08,BTC-27SEP24-50000-C,37775.26,buy,,0.5,,,,
250,272640203,2023-11-24 16:08:12,0,0.1525,0.15536337,61.51,BTC-27SEP24-50000-C,38365.09,sell,,0.1,,,,
251,272645253,2023-11-24 16:35:20,0,0.155,0.15406916,62.77,BTC-27SEP24-50000-C,38134.04,sell,,0.1,,,,
252,272707466,2023-11-25 08:34:00,2,0.15,0.15114708,62.35,BTC-27SEP24-50000-C,37814.99,sell,,1.0,,,,
253,272717660,2023-11-25 14:38:37,2,0.148,0.14947956,62.09,BTC-27SEP24-50000-C,37699.35,sell,,0.1,,,,
254,272849896,2023-11-27 13:19:21,2,0.142,0.1421363,62.6,BTC-27SEP24-50000-C,36882.88,sell,,0.1,,,,
255,272863458,2023-11-27 14:45:40,2,0.1405,0.13990345,62.41,BTC-27SEP24-50000-C,36842.15,buy,,0.1,,,,
256,272877100,2023-11-27 16:01:48,3,0.1405,0.14028437,62.59,BTC-27SEP24-50000-C,36749.77,sell,,0.1,,,,
257,272967192,2023-11-28 16:40:48,0,0.1455,0.14582587,61.63,BTC-27SEP24-50000-C,37743.41,buy,,0.8,,,,
258,273044995,2023-11-29 03:31:49,0,0.146,0.14603612,61.26,BTC-27SEP24-50000-C,37987.42,buy,,0.7,,,,
259,273087552,2023-11-29 12:44:45,0,0.151,0.15023982,62.08,BTC-27SEP24-50000-C,38221.98,buy,,1.0,,,,
260,273216600,2023-11-30 23:31:32,2,0.142,0.14391162,60.96,BTC-27SEP24-50000-C,37726.07,sell,,3.0,,,,
261,273333622,2023-12-01 15:19:37,0,0.1485,0.14799168,61.15,BTC-27SEP24-50000-C,38414.28,buy,,0.5,,,,
262,273455354,2023-12-02 20:00:17,0,0.1565,0.15727426,60.99,BTC-27SEP24-50000-C,39455.22,sell,,0.1,,,,
263,273455382,2023-12-02 20:00:23,1,0.1565,0.15727196,60.98,BTC-27SEP24-50000-C,39457.28,sell,,0.1,,,,
264,273465713,2023-12-02 21:19:26,0,0.1575,0.15739193,61.18,BTC-27SEP24-50000-C,39487.32,sell,,0.1,,,,
265,273476736,2023-12-02 23:59:18,2,0.1555,0.15525896,60.65,BTC-27SEP24-50000-C,39473.38,buy,,1.0,,,,
266,273477829,2023-12-03 00:33:10,0,0.158,0.15646606,61.39,BTC-27SEP24-50000-C,39459.43,sell,,0.1,,,,
267,273523710,2023-12-03 18:01:15,1,0.158,0.15835366,61.17,BTC-27SEP24-50000-C,39525.34,buy,,0.1,,,,
268,273523716,2023-12-03 18:01:35,1,0.158,0.15834961,61.17,BTC-27SEP24-50000-C,39527.86,buy,,1.0,,,,
269,273549890,2023-12-03 23:20:31,0,0.164,0.16334047,61.67,BTC-27SEP24-50000-C,40003.94,sell,,0.3,,,,
270,273625877,2023-12-04 05:48:41,0,0.1765,0.17636356,61.78,BTC-27SEP24-50000-C,41409.65,buy,,0.5,,,,
271,273642848,2023-12-04 07:12:24,2,0.1755,0.17602666,61.56,BTC-27SEP24-50000-C,41421.21,buy,,1.0,,,,
272,273642914,2023-12-04 07:13:19,2,0.175,0.17547067,61.44,BTC-27SEP24-50000-C,41409.56,buy,,1.0,,,,
273,273642940,2023-12-04 07:13:44,2,0.1745,0.17516563,61.3,BTC-27SEP24-50000-C,41407.31,buy,,1.0,,,,
274,273643000,2023-12-04 07:14:15,0,0.175,0.17500104,61.41,BTC-27SEP24-50000-C,41414.64,buy,,1.0,,,,
275,273643033,2023-12-04 07:14:51,2,0.1745,0.17520946,61.24,BTC-27SEP24-50000-C,41434.87,buy,,1.0,,,,
276,273643034,2023-12-04 07:14:51,0,0.175,0.17517633,61.38,BTC-27SEP24-50000-C,41434.87,buy,,1.0,,,,
277,273643063,2023-12-04 07:15:15,2,0.174,0.17510072,61.11,BTC-27SEP24-50000-C,41432.09,buy,,1.0,,,,
278,273643065,2023-12-04 07:15:17,0,0.1745,0.1750995,61.25,BTC-27SEP24-50000-C,41432.53,buy,,1.0,,,,
279,273643129,2023-12-04 07:15:38,1,0.1745,0.17513588,61.21,BTC-27SEP24-50000-C,41452.54,buy,,1.0,,,,
280,273643145,2023-12-04 07:15:49,1,0.1745,0.17515906,61.21,BTC-27SEP24-50000-C,41455.61,buy,,1.0,,,,
281,273643156,2023-12-04 07:16:00,1,0.1745,0.17521277,61.2,BTC-27SEP24-50000-C,41462.02,buy,,1.0,,,,
282,273643201,2023-12-04 07:16:35,1,0.1745,0.17533101,61.16,BTC-27SEP24-50000-C,41480.24,sell,,1.0,,,,
283,273659693,2023-12-04 09:08:53,0,0.177,0.17612878,61.18,BTC-27SEP24-50000-C,41773.18,sell,,10.0,,,,
284,273671803,2023-12-04 10:38:31,0,0.178,0.1772276,61.28,BTC-27SEP24-50000-C,41891.11,sell,,0.6,,,,
285,273671806,2023-12-04 10:38:31,1,0.178,0.17726348,61.28,BTC-27SEP24-50000-C,41891.11,sell,,0.1,,,,
286,273671822,2023-12-04 10:38:35,1,0.178,0.1772952,61.27,BTC-27SEP24-50000-C,41892.64,sell,,0.1,,,,
287,273671845,2023-12-04 10:38:40,1,0.178,0.17730163,61.27,BTC-27SEP24-50000-C,41891.79,sell,,0.1,,,,
288,273671850,2023-12-04 10:38:41,1,0.178,0.17729256,61.28,BTC-27SEP24-50000-C,41888.72,sell,,0.1,,,,
289,273671855,2023-12-04 10:38:41,1,0.178,0.17729256,61.28,BTC-27SEP24-50000-C,41888.72,sell,,0.1,,,,
290,273671857,2023-12-04 10:38:41,1,0.178,0.17729256,61.28,BTC-27SEP24-50000-C,41888.72,sell,,3.8,,,,
291,273671875,2023-12-04 10:38:47,1,0.178,0.17729908,61.28,BTC-27SEP24-50000-C,41884.16,sell,,0.1,,,,
292,273671891,2023-12-04 10:38:48,1,0.178,0.17726375,61.3,BTC-27SEP24-50000-C,41877.54,sell,,0.1,,,,
293,273671899,2023-12-04 10:38:50,1,0.178,0.17725036,61.3,BTC-27SEP24-50000-C,41877.26,sell,,0.1,,,,
294,273671905,2023-12-04 10:38:51,1,0.178,0.17725036,61.3,BTC-27SEP24-50000-C,41876.67,sell,,0.1,,,,
295,273671920,2023-12-04 10:38:52,1,0.178,0.17722191,61.31,BTC-27SEP24-50000-C,41872.36,sell,,0.1,,,,
296,273672797,2023-12-04 10:44:35,1,0.178,0.17831653,61.25,BTC-27SEP24-50000-C,41949.35,sell,,4.6,,,,
297,273702202,2023-12-04 12:44:32,0,0.1785,0.17703844,61.99,BTC-27SEP24-50000-C,41686.26,sell,,12.0,,,,
298,273797975,2023-12-05 01:34:17,2,0.177,0.17738376,61.65,BTC-27SEP24-50000-C,41675.7,buy,,0.1,,,,
299,273801620,2023-12-05 02:52:08,0,0.179,0.17852745,62.05,BTC-27SEP24-50000-C,41736.8,sell,,3.4,,,,
300,273801621,2023-12-05 02:52:08,1,0.179,0.17852745,62.05,BTC-27SEP24-50000-C,41736.8,sell,,0.7,,,,
301,273801631,2023-12-05 02:52:18,0,0.1795,0.1784674,62.21,BTC-27SEP24-50000-C,41727.42,sell,,5.9,,,,
302,273802309,2023-12-05 03:02:26,2,0.179,0.1781185,62.1,BTC-27SEP24-50000-C,41726.53,sell,,10.0,,,,
303,273807683,2023-12-05 05:04:57,2,0.1775,0.17798403,61.73,BTC-27SEP24-50000-C,41725.33,sell,,0.2,,,,
304,273828661,2023-12-05 09:13:43,2,0.175,0.17479315,61.26,BTC-27SEP24-50000-C,41656.51,buy,,0.1,,,,
305,273828664,2023-12-05 09:13:50,0,0.1755,0.17479862,61.4,BTC-27SEP24-50000-C,41656.62,buy,,0.1,,,,
306,273847615,2023-12-05 13:06:10,0,0.176,0.17669508,60.97,BTC-27SEP24-50000-C,41868.56,buy,,0.3,,,,
307,273847819,2023-12-05 13:08:30,0,0.1765,0.17681669,61.01,BTC-27SEP24-50000-C,41912.89,buy,,0.3,,,,
308,273869791,2023-12-05 15:38:34,0,0.18,0.18000397,60.92,BTC-27SEP24-50000-C,42393.15,buy,,0.3,,,,
309,273872024,2023-12-05 15:45:56,0,0.181,0.18055216,61.28,BTC-27SEP24-50000-C,42360.07,sell,,0.1,,,,
310,273877175,2023-12-05 16:20:06,2,0.179,0.1790922,61.15,BTC-27SEP24-50000-C,42189.15,sell,,0.4,,,,
311,273879056,2023-12-05 16:31:37,0,0.181,0.18074418,61.22,BTC-27SEP24-50000-C,42390.01,sell,,0.4,,,,
312,274017882,2023-12-05 22:26:30,0,0.193,0.19263166,60.21,BTC-27SEP24-50000-C,44253.56,buy,,0.1,,,,
313,274018150,2023-12-05 22:27:35,1,0.193,0.1932085,60.21,BTC-27SEP24-50000-C,44256.84,buy,,1.7,,,,
314,274102306,2023-12-06 10:29:04,0,0.194,0.19327161,60.75,BTC-27SEP24-50000-C,44208.51,buy,,50.0,,BTC-STRG-27SEP24-40000_50000,114559,
315,274175644,2023-12-06 20:57:05,2,0.1895,0.18782252,60.46,BTC-27SEP24-50000-C,43855.71,sell,,0.5,,,,
316,274180630,2023-12-06 21:35:32,2,0.188,0.18790899,60.42,BTC-27SEP24-50000-C,43693.53,sell,,0.5,,,,
317,274189142,2023-12-06 23:11:18,2,0.187,0.18693411,60.29,BTC-27SEP24-50000-C,43645.81,sell,,0.5,,,,
318,274266619,2023-12-07 12:27:20,2,0.18,0.17966922,59.88,BTC-27SEP24-50000-C,43108.7,sell,,0.1,,,,
319,274274046,2023-12-07 13:28:12,0,0.182,0.18143807,59.99,BTC-27SEP24-50000-C,43290.26,sell,,0.1,,,,
320,274340994,2023-12-08 00:15:26,2,0.18,0.18057987,59.2,BTC-27SEP24-50000-C,43368.21,buy,,0.2,,,,
321,274399843,2023-12-08 10:24:00,2,0.1785,0.17875494,59.27,BTC-27SEP24-50000-C,43151.07,sell,,0.1,,,,
322,274462777,2023-12-08 17:07:26,0,0.1875,0.18430951,60.2,BTC-27SEP24-50000-C,43810.46,buy,,0.1,,,,
323,274559325,2023-12-09 13:04:50,2,0.186,0.18350893,59.53,BTC-27SEP24-50000-C,43903.33,buy,,0.5,,,,
324,274615665,2023-12-10 10:09:42,2,0.178,0.17881926,58.0,BTC-27SEP24-50000-C,43665.1,buy,,0.3,,,,
325,274666174,2023-12-11 02:07:22,2,0.1715,0.17081931,59.15,BTC-27SEP24-50000-C,42426.61,sell,,0.1,,,,
326,274682469,2023-12-11 02:13:14,2,0.1635,0.15552702,61.34,BTC-27SEP24-50000-C,40625.46,sell,,0.5,,,,
327,274684335,2023-12-11 02:13:26,2,0.16,0.15499999,60.78,BTC-27SEP24-50000-C,40480.44,sell,,0.5,,,,
328,274754823,2023-12-11 06:07:21,0,0.1735,0.1736987,60.72,BTC-27SEP24-50000-C,42018.02,buy,,0.5,,,,
329,274754825,2023-12-11 06:07:28,1,0.1735,0.17376228,60.71,BTC-27SEP24-50000-C,42021.63,buy,,0.5,,,,
330,274755113,2023-12-11 06:08:48,1,0.1735,0.17361377,60.71,BTC-27SEP24-50000-C,42020.26,buy,,0.6,,,,
331,274771555,2023-12-11 07:46:00,0,0.174,0.1751259,60.63,BTC-27SEP24-50000-C,42120.55,sell,,0.2,,,,
332,274786704,2023-12-11 09:56:09,1,0.174,0.17458613,60.09,BTC-27SEP24-50000-C,42319.54,sell,,1.0,,,,
333,274807318,2023-12-11 13:26:22,2,0.173,0.17328944,60.13,BTC-27SEP24-50000-C,42172.71,sell,,0.4,,,,
334,274820483,2023-12-11 14:30:40,2,0.1695,0.16905076,59.81,BTC-27SEP24-50000-C,41880.09,buy,,2.3,,,,
335,274820484,2023-12-11 14:30:40,3,0.1695,0.16905076,59.81,BTC-27SEP24-50000-C,41880.09,buy,,0.4,,,,
336,274827851,2023-12-11 15:01:45,3,0.1695,0.16841631,59.9,BTC-27SEP24-50000-C,41840.41,buy,,0.5,,,,
337,274837657,2023-12-11 15:54:04,2,0.168,0.16807516,59.61,BTC-27SEP24-50000-C,41801.85,buy,,5.0,,,,
338,274845043,2023-12-11 16:18:01,2,0.166,0.16448595,59.83,BTC-27SEP24-50000-C,41471.56,buy,,4.0,,,,
339,274865158,2023-12-11 17:54:07,2,0.1645,0.16338994,59.67,BTC-27SEP24-50000-C,41348.89,buy,,1.0,,,,
340,274900485,2023-12-11 19:08:51,2,0.1605,0.16010952,59.51,BTC-27SEP24-50000-C,40909.56,buy,,6.8,,,,
341,274901047,2023-12-11 19:11:26,3,0.1605,0.15997583,59.51,BTC-27SEP24-50000-C,40912.27,buy,,5.0,,,,
342,274906534,2023-12-11 19:22:55,0,0.161,0.15909113,60.24,BTC-27SEP24-50000-C,40676.29,sell,,0.8,,,,
343,274935816,2023-12-11 21:20:43,0,0.164,0.16291489,60.07,BTC-27SEP24-50000-C,41060.16,sell,,1.0,,,,
344,275055804,2023-12-12 16:04:19,2,0.163,0.1637649,58.97,BTC-27SEP24-50000-C,41418.78,buy,1.0,1.0,,,,
345,275291954,2023-12-14 06:24:10,0,0.1775,0.17685952,59.34,BTC-27SEP24-50000-C,43089.66,buy,3.0,3.0,,,,
346,275314708,2023-12-14 11:39:13,0,0.178,0.17791019,58.89,BTC-27SEP24-50000-C,43256.3,buy,5.0,5.0,,,,
347,275325879,2023-12-14 13:29:34,2,0.1735,0.17418514,59.5,BTC-27SEP24-50000-C,42449.33,sell,1.0,1.0,,,,
348,275382542,2023-12-14 16:44:12,0,0.1751,0.17290035,59.77,BTC-27SEP24-50000-C,42606.56,buy,10.0,10.0,,BTC-CBUT-27SEP24-50000_65000_80000,116041,
349,275415583,2023-12-14 19:43:23,2,0.174,0.17330009,58.84,BTC-27SEP24-50000-C,42891.92,sell,2.0,2.0,,,,
350,275573143,2023-12-16 00:35:36,2,0.165,0.16550231,58.76,BTC-27SEP24-50000-C,41810.58,sell,1.0,1.0,,,,
351,275639809,2023-12-16 21:20:04,0,0.1665,0.16343134,58.09,BTC-27SEP24-50000-C,42315.4,buy,0.3,0.3,,,,
352,275666369,2023-12-17 08:06:31,2,0.1615,0.16158353,57.87,BTC-27SEP24-50000-C,41865.48,buy,0.2,0.2,,,,
353,275802425,2023-12-18 10:40:27,2,0.153,0.1539815,58.51,BTC-27SEP24-50000-C,40647.91,buy,1.0,1.0,,,,
354,275833165,2023-12-18 14:38:46,0,0.16,0.15934481,58.0,BTC-27SEP24-50000-C,41647.04,buy,0.1,0.1,,,,
355,275940027,2023-12-19 10:18:49,0,0.1715,0.17311831,58.2,BTC-27SEP24-50000-C,42972.46,sell,0.5,0.5,,,,
356,275952862,2023-12-19 12:44:26,0,0.174,0.17275647,59.11,BTC-27SEP24-50000-C,42893.87,buy,3.0,3.0,,,,
357,275952984,2023-12-19 12:45:45,1,0.174,0.17296863,59.08,BTC-27SEP24-50000-C,42908.7,buy,3.0,3.0,,,,
358,276001040,2023-12-19 18:45:05,2,0.1695,0.16861547,59.67,BTC-27SEP24-50000-C,42159.66,sell,0.2,0.2,,,,
359,276001076,2023-12-19 18:45:35,3,0.1695,0.16853246,59.71,BTC-27SEP24-50000-C,42139.43,buy,0.2,0.2,,,,
360,276142011,2023-12-20 16:56:55,0,0.181,0.18079902,59.47,BTC-27SEP24-50000-C,43602.09,sell,0.5,0.5,,,,
361,276224671,2023-12-21 08:05:45,0,0.183,0.18118747,59.6,BTC-27SEP24-50000-C,43736.29,sell,1.0,1.0,,,,
362,276224971,2023-12-21 08:10:26,1,0.183,0.18220694,59.52,BTC-27SEP24-50000-C,43766.07,sell,0.5,0.5,,,,
363,276224999,2023-12-21 08:10:35,1,0.183,0.18229396,59.5,BTC-27SEP24-50000-C,43774.47,sell,0.4,0.4,,,,
364,276238878,2023-12-21 10:35:41,2,0.1815,0.18151996,58.98,BTC-27SEP24-50000-C,43808.3,buy,10.0,10.0,,,,
365,276239084,2023-12-21 10:38:00,3,0.1815,0.18164918,58.92,BTC-27SEP24-50000-C,43837.0,buy,10.0,10.0,,,,
366,276239107,2023-12-21 10:38:35,2,0.1805,0.18172036,58.62,BTC-27SEP24-50000-C,43840.25,buy,0.1,0.1,,,,
367,276246698,2023-12-21 11:22:54,0,0.1825,0.18272032,58.79,BTC-27SEP24-50000-C,43967.05,buy,4.3,4.3,,,,
368,276246699,2023-12-21 11:22:54,1,0.1825,0.18272032,58.79,BTC-27SEP24-50000-C,43967.05,buy,0.8,0.8,,,,
369,276246700,2023-12-21 11:22:54,1,0.1825,0.18272032,58.79,BTC-27SEP24-50000-C,43967.05,buy,4.2,4.2,,,,
370,276246712,2023-12-21 11:22:56,1,0.1825,0.18274041,58.79,BTC-27SEP24-50000-C,43970.23,buy,0.7,0.7,,,,
371,276396490,2023-12-22 08:10:05,0,0.183,0.17987437,59.75,BTC-27SEP24-50000-C,43699.9,buy,0.1,0.1,,,,
372,276528215,2023-12-24 08:29:59,2,0.1805,0.18257522,59.08,BTC-27SEP24-50000-C,43643.78,sell,0.1,0.1,,,,
373,276659363,2023-12-26 05:10:30,2,0.175,0.17578285,58.48,BTC-27SEP24-50000-C,43272.11,sell,0.4,0.4,,,,
374,276747926,2023-12-26 17:46:50,2,0.168,0.16710963,59.86,BTC-27SEP24-50000-C,41872.85,sell,1.0,1.0,,,,
375,276747971,2023-12-26 17:47:05,3,0.168,0.16703584,59.89,BTC-27SEP24-50000-C,41848.64,sell,1.0,1.0,,,,
376,276749887,2023-12-26 17:52:20,2,0.1675,0.16713974,59.88,BTC-27SEP24-50000-C,41788.05,sell,2.0,2.0,,,,
377,276782387,2023-12-27 03:32:50,0,0.1715,0.17067234,60.27,BTC-27SEP24-50000-C,42148.41,buy,1.0,1.0,,,,
378,276820808,2023-12-27 12:16:19,0,0.1805,0.17951252,60.67,BTC-27SEP24-50000-C,42956.49,buy,0.5,0.5,,,,
379,276825362,2023-12-27 13:06:53,2,0.178,0.17788367,60.25,BTC-27SEP24-50000-C,42840.8,buy,4.1,4.1,,,,
380,276825363,2023-12-27 13:06:53,3,0.178,0.17788367,60.25,BTC-27SEP24-50000-C,42840.8,buy,0.8,0.8,,,,
381,276825397,2023-12-27 13:07:18,2,0.1775,0.17796452,60.06,BTC-27SEP24-50000-C,42856.07,buy,11.4,11.4,,,,
382,276825398,2023-12-27 13:07:18,3,0.1775,0.17796452,60.06,BTC-27SEP24-50000-C,42856.07,buy,3.8,3.8,,,,
383,276825588,2023-12-27 13:09:45,2,0.177,0.17784493,59.95,BTC-27SEP24-50000-C,42850.51,buy,2.0,2.0,,,,
384,276926569,2023-12-28 03:20:48,0,0.1865,0.18348865,61.32,BTC-27SEP24-50000-C,43435.44,buy,0.2,0.2,,,,
385,276928741,2023-12-28 04:13:27,2,0.1855,0.18450182,60.82,BTC-27SEP24-50000-C,43503.17,sell,0.1,0.1,,,,
386,276928749,2023-12-28 04:13:38,3,0.1855,0.18452227,60.82,BTC-27SEP24-50000-C,43501.84,sell,1.0,1.0,,,,
387,276928751,2023-12-28 04:13:43,3,0.1855,0.18454387,60.82,BTC-27SEP24-50000-C,43502.8,sell,1.0,1.0,,,,
388,276928758,2023-12-28 04:14:12,3,0.1855,0.18463425,60.82,BTC-27SEP24-50000-C,43504.35,sell,0.1,0.1,,,,
389,276928759,2023-12-28 04:14:18,3,0.1855,0.18465471,60.81,BTC-27SEP24-50000-C,43505.78,sell,0.1,0.1,,,,
390,276928760,2023-12-28 04:14:27,3,0.1855,0.18465632,60.81,BTC-27SEP24-50000-C,43505.0,sell,0.1,0.1,,,,
391,276928778,2023-12-28 04:14:42,3,0.1855,0.18470029,60.8,BTC-27SEP24-50000-C,43511.93,sell,0.5,0.5,,,,
392,277009407,2023-12-28 17:50:26,2,0.177,0.17728307,60.84,BTC-27SEP24-50000-C,42493.75,sell,1.0,1.0,,,,
393,277319025,2023-12-31 07:28:35,0,0.1805,0.16172134,60.71,BTC-27SEP24-50000-C,42485.4,buy,1.0,1.0,,,,
394,277452450,2024-01-01 21:14:19,0,0.1995,0.19871775,62.81,BTC-27SEP24-50000-C,43724.14,sell,1.0,1.0,,,,
395,277453558,2024-01-01 21:31:08,2,0.199,0.19937761,62.94,BTC-27SEP24-50000-C,43630.29,sell,1.0,1.0,,,,
396,277465651,2024-01-01 23:19:04,0,0.2,0.19905976,62.81,BTC-27SEP24-50000-C,43776.97,sell,1.3,1.3,,,,
397,277465713,2024-01-01 23:19:26,1,0.2,0.19899448,62.83,BTC-27SEP24-50000-C,43768.9,sell,0.3,0.3,,,,
398,277468534,2024-01-01 23:28:36,0,0.202,0.20152488,62.79,BTC-27SEP24-50000-C,44005.41,sell,8.0,8.0,,,,
399,277545503,2024-01-02 04:55:49,0,0.216,0.21560432,63.18,BTC-27SEP24-50000-C,45249.76,sell,0.2,0.2,,,,
400,277545754,2024-01-02 04:59:25,1,0.216,0.21548155,63.21,BTC-27SEP24-50000-C,45238.86,sell,0.2,0.2,,,,
401,277656313,2024-01-02 16:40:55,2,0.2115,0.21095443,61.81,BTC-27SEP24-50000-C,45207.3,sell,0.4,0.4,,,,
402,278159336,2024-01-04 20:45:20,2,0.2,0.20005196,62.46,BTC-27SEP24-50000-C,44362.07,buy,3.0,3.0,,,,
403,278322639,2024-01-05 13:55:01,2,0.196,0.19604569,63.07,BTC-27SEP24-50000-C,44003.37,sell,1.0,1.0,,,,
404,278771872,2024-01-08 20:46:22,0,0.2147,0.21477079,62.66,BTC-27SEP24-50000-C,46954.05,sell,10.0,10.0,,BTC-CBUT-27SEP24-50000_65000_80000,120354,
405,278779363,2024-01-08 21:40:00,0,0.22,0.21871085,63.76,BTC-27SEP24-50000-C,47167.69,sell,0.3,0.3,,,,
406,278780466,2024-01-08 21:44:52,1,0.22,0.21874027,63.65,BTC-27SEP24-50000-C,47223.34,sell,0.2,0.2,,,,
407,278780567,2024-01-08 21:45:16,2,0.2195,0.21870026,63.5,BTC-27SEP24-50000-C,47224.83,sell,0.2,0.2,,,,
408,278860637,2024-01-09 11:02:49,2,0.2055,0.20613502,60.79,BTC-27SEP24-50000-C,46497.88,buy,10.0,10.0,,,,
409,278860638,2024-01-09 11:02:50,3,0.2055,0.20613502,60.79,BTC-27SEP24-50000-C,46497.88,buy,0.1,0.1,,,,
410,278903436,2024-01-09 14:15:40,0,0.21,0.20998091,61.68,BTC-27SEP24-50000-C,46767.44,sell,0.2,0.2,,,,
411,278903437,2024-01-09 14:15:41,1,0.21,0.20998091,61.68,BTC-27SEP24-50000-C,46749.08,sell,0.8,0.8,,,,
412,278943272,2024-01-09 20:16:16,2,0.208,0.20684235,61.06,BTC-27SEP24-50000-C,46798.22,sell,2.0,2.0,,,,
413,278943328,2024-01-09 20:16:28,2,0.2075,0.20671025,60.96,BTC-27SEP24-50000-C,46777.5,sell,2.0,2.0,,,,
414,278974806,2024-01-09 21:17:27,2,0.203,0.20200665,61.48,BTC-27SEP24-50000-C,45799.67,sell,0.3,0.3,,,,
415,279035292,2024-01-09 23:37:55,2,0.2005,0.20052285,60.91,BTC-27SEP24-50000-C,46031.7,sell,0.1,0.1,,,,
416,279038801,2024-01-10 00:23:46,2,0.2,0.20091855,60.67,BTC-27SEP24-50000-C,46054.96,sell,0.1,0.1,,,,
417,279039384,2024-01-10 00:29:06,2,0.1995,0.20063499,60.63,BTC-27SEP24-50000-C,46019.2,sell,0.1,0.1,,,,
418,279039734,2024-01-10 00:30:44,2,0.199,0.20002607,60.67,BTC-27SEP24-50000-C,45940.64,sell,0.1,0.1,,,,
419,279060261,2024-01-10 06:55:12,0,0.202,0.19920208,61.44,BTC-27SEP24-50000-C,46036.33,buy,1.0,1.0,,,,
420,279060970,2024-01-10 07:10:04,2,0.1955,0.19851921,59.63,BTC-27SEP24-50000-C,45956.25,sell,1.0,1.0,,,,
421,279118413,2024-01-10 12:57:10,2,0.188,0.18687831,61.83,BTC-27SEP24-50000-C,44442.37,sell,0.4,0.4,,,,
422,279141304,2024-01-10 13:48:37,0,0.195,0.19324697,62.08,BTC-27SEP24-50000-C,45135.43,buy,5.0,5.0,,,,
423,279141835,2024-01-10 13:51:01,1,0.195,0.19376392,62.02,BTC-27SEP24-50000-C,45164.84,buy,5.0,5.0,,,,
424,279190465,2024-01-10 16:49:15,0,0.2005,0.20107246,62.75,BTC-27SEP24-50000-C,45517.39,sell,0.6,0.6,,,,
425,279207567,2024-01-10 18:03:44,0,0.212,0.21082593,63.66,BTC-27SEP24-50000-C,46548.98,buy,0.1,0.1,,,,
426,279376884,2024-01-10 23:10:52,0,0.214,0.21274894,61.85,BTC-27SEP24-50000-C,47464.94,buy,0.1,0.1,,,,
427,279380290,2024-01-10 23:13:14,0,0.2145,0.21279011,62.03,BTC-27SEP24-50000-C,47413.97,buy,0.1,0.1,,,,
428,279386038,2024-01-10 23:19:20,0,0.215,0.21486408,61.47,BTC-27SEP24-50000-C,47686.86,buy,0.1,0.1,,,,
429,279386159,2024-01-10 23:19:32,0,0.2155,0.21494808,61.59,BTC-27SEP24-50000-C,47705.34,buy,0.1,0.1,,,,
430,279386160,2024-01-10 23:19:32,1,0.2155,0.21494808,61.59,BTC-27SEP24-50000-C,47705.34,buy,0.6,0.6,,,,
431,279540156,2024-01-11 14:32:51,0,0.216,0.21378385,61.94,BTC-27SEP24-50000-C,47646.21,buy,0.1,0.1,,,,
432,279543775,2024-01-11 14:37:13,0,0.2165,0.21725821,60.98,BTC-27SEP24-50000-C,48184.08,buy,0.1,0.1,,,,
433,279617630,2024-01-11 15:57:07,2,0.2035,0.20365392,61.22,BTC-27SEP24-50000-C,46551.42,sell,1.0,1.0,,,,
434,279681352,2024-01-11 19:09:10,2,0.198,0.19848697,59.83,BTC-27SEP24-50000-C,46475.18,buy,1.0,1.0,,,,
435,279796350,2024-01-12 09:35:28,2,0.1885,0.18784663,59.15,BTC-27SEP24-50000-C,45795.82,sell,1.0,1.0,,,,
436,279868159,2024-01-12 15:47:23,2,0.1735,0.17614086,57.76,BTC-27SEP24-50000-C,44454.06,sell,3.0,3.0,,,,
437,279882039,2024-01-12 16:16:01,2,0.173,0.17405507,58.18,BTC-27SEP24-50000-C,44228.11,buy,2.0,2.0,M,,,
438,279937971,2024-01-12 17:58:48,2,0.169,0.1684234,58.62,BTC-27SEP24-50000-C,43597.14,sell,1.0,1.0,,,,
439,280052287,2024-01-13 02:34:27,2,0.164,0.16096851,59.97,BTC-27SEP24-50000-C,42684.35,buy,8.0,8.0,,,,
440,280052305,2024-01-13 02:35:15,0,0.1655,0.16121313,60.41,BTC-27SEP24-50000-C,42670.81,buy,7.0,7.0,,,,
441,280052426,2024-01-13 02:36:34,2,0.165,0.16260887,60.0,BTC-27SEP24-50000-C,42753.11,sell,0.1,0.1,,,,
442,280137933,2024-01-13 21:10:19,2,0.1615,0.16134395,59.07,BTC-27SEP24-50000-C,42869.75,sell,1.0,1.0,,,,
443,280187931,2024-01-14 16:45:42,2,0.1605,0.16046144,59.01,BTC-27SEP24-50000-C,42875.84,sell,1.0,1.0,,,,
444,280409506,2024-01-16 11:03:46,0,0.161,0.16025819,59.01,BTC-27SEP24-50000-C,42851.05,sell,0.3,0.3,,,,
445,280409520,2024-01-16 11:04:06,2,0.1605,0.16029221,58.86,BTC-27SEP24-50000-C,42848.24,sell,0.3,0.3,,,,
446,280409521,2024-01-16 11:04:11,3,0.1605,0.1602866,58.87,BTC-27SEP24-50000-C,42848.42,sell,0.1,0.1,,,,
447,280409634,2024-01-16 11:07:10,3,0.1605,0.1606134,58.81,BTC-27SEP24-50000-C,42873.33,sell,0.1,0.1,,,,
448,280409635,2024-01-16 11:07:12,3,0.1605,0.16061795,58.81,BTC-27SEP24-50000-C,42872.97,sell,0.1,0.1,,,,
449,280409638,2024-01-16 11:07:13,3,0.1605,0.16061985,58.81,BTC-27SEP24-50000-C,42872.97,sell,0.1,0.1,,,,
450,280409652,2024-01-16 11:07:19,3,0.1605,0.16069949,58.79,BTC-27SEP24-50000-C,42880.52,sell,0.1,0.1,,,,
451,280409667,2024-01-16 11:07:39,3,0.1605,0.16073491,58.79,BTC-27SEP24-50000-C,42878.58,sell,0.1,0.1,,,,
452,280409961,2024-01-16 11:16:58,3,0.1605,0.16107454,58.79,BTC-27SEP24-50000-C,42870.79,sell,0.1,0.1,,,,
453,280410030,2024-01-16 11:18:37,3,0.1605,0.16134635,58.72,BTC-27SEP24-50000-C,42884.67,sell,0.1,0.1,,,,
454,280410065,2024-01-16 11:20:50,3,0.1605,0.1614194,58.73,BTC-27SEP24-50000-C,42881.49,sell,0.1,0.1,,,,
455,280410066,2024-01-16 11:20:50,3,0.1605,0.1614194,58.73,BTC-27SEP24-50000-C,42881.49,sell,1.0,1.0,,,,
456,280410081,2024-01-16 11:21:54,3,0.1605,0.16150052,58.72,BTC-27SEP24-50000-C,42881.95,sell,1.0,1.0,,,,
457,280410114,2024-01-16 11:22:55,3,0.1605,0.16144547,58.75,BTC-27SEP24-50000-C,42871.91,sell,0.5,0.5,,,,
458,280410201,2024-01-16 11:23:31,3,0.1605,0.16125014,58.8,BTC-27SEP24-50000-C,42850.31,sell,0.2,0.2,,,,
459,280411003,2024-01-16 11:32:41,2,0.16,0.16003755,58.87,BTC-27SEP24-50000-C,42767.47,sell,0.1,0.1,,,,
460,280411004,2024-01-16 11:32:43,3,0.16,0.16004212,58.87,BTC-27SEP24-50000-C,42767.49,sell,0.1,0.1,,,,
461,280411005,2024-01-16 11:32:45,3,0.16,0.1600426,58.87,BTC-27SEP24-50000-C,42767.47,sell,0.1,0.1,,,,
462,280411023,2024-01-16 11:32:55,3,0.16,0.16001863,58.89,BTC-27SEP24-50000-C,42761.29,sell,0.1,0.1,,,,
463,280411036,2024-01-16 11:32:58,3,0.16,0.15996288,58.89,BTC-27SEP24-50000-C,42758.05,sell,0.1,0.1,,,,
464,280412297,2024-01-16 11:54:19,0,0.163,0.16062265,59.58,BTC-27SEP24-50000-C,42844.49,buy,1.5,1.5,,,,
465,280553050,2024-01-17 13:27:28,2,0.1559,0.15658504,58.17,BTC-27SEP24-50000-C,42557.59,sell,35.0,35.0,,BTC-CS-27SEP24-45000_50000,122307,
466,280553669,2024-01-17 13:31:28,0,0.1561,0.15645877,58.24,BTC-27SEP24-50000-C,42560.93,sell,13.0,13.0,,BTC-CS-27SEP24-46000_50000,122308,
467,280616442,2024-01-18 02:05:06,2,0.154,0.15304308,57.7,BTC-27SEP24-50000-C,42559.43,sell,0.1,0.1,,,,
468,280627655,2024-01-18 07:40:58,0,0.157,0.15363403,57.77,BTC-27SEP24-50000-C,42865.23,sell,3.0,3.0,,,,
469,280627814,2024-01-18 07:41:46,0,0.1575,0.15372585,57.92,BTC-27SEP24-50000-C,42866.47,buy,1.2,1.2,,,,
470,280744375,2024-01-18 20:31:58,2,0.1295,0.13114921,55.36,BTC-27SEP24-50000-C,40747.85,sell,2.0,2.0,T,,,
471,280833064,2024-01-19 08:42:12,0,0.131,0.13212383,55.03,BTC-27SEP24-50000-C,41145.1,sell,1.0,1.0,,,,
472,280925366,2024-01-19 19:52:37,0,0.138,0.13802684,55.8,BTC-27SEP24-50000-C,41736.15,sell,50.0,50.0,,,122960,
473,280934763,2024-01-19 20:59:31,2,0.136,0.13628666,55.8,BTC-27SEP24-50000-C,41487.58,sell,1.0,1.0,,,,
474,280942292,2024-01-19 22:44:52,3,0.136,0.13597284,55.68,BTC-27SEP24-50000-C,41551.89,sell,0.1,0.1,,,,
475,280942953,2024-01-19 22:55:49,0,0.1375,0.13734798,55.9,BTC-27SEP24-50000-C,41644.34,sell,0.1,0.1,,,,
476,280942954,2024-01-19 22:55:50,1,0.1375,0.13740535,55.89,BTC-27SEP24-50000-C,41644.84,sell,0.1,0.1,,,,
477,280943188,2024-01-19 22:59:29,1,0.1375,0.13745748,55.87,BTC-27SEP24-50000-C,41656.19,sell,0.1,0.1,,,,
478,280943266,2024-01-19 23:01:05,1,0.1375,0.13736042,55.9,BTC-27SEP24-50000-C,41639.24,sell,0.1,0.1,,,,
479,280944011,2024-01-19 23:10:48,1,0.1375,0.13743811,55.94,BTC-27SEP24-50000-C,41618.87,sell,0.1,0.1,,,,
480,280944080,2024-01-19 23:11:32,1,0.1375,0.13738685,55.98,BTC-27SEP24-50000-C,41600.74,sell,0.1,0.1,,,,
481,280945998,2024-01-20 00:07:54,2,0.1365,0.13648718,55.79,BTC-27SEP24-50000-C,41558.86,sell,0.1,0.1,,,,
482,280946100,2024-01-20 00:11:15,0,0.137,0.13672335,55.89,BTC-27SEP24-50000-C,41574.36,sell,0.1,0.1,,,,
483,280948560,2024-01-20 01:11:43,1,0.137,0.13687426,55.99,BTC-27SEP24-50000-C,41563.6,sell,0.1,0.1,,,,
484,280949162,2024-01-20 01:33:34,0,0.1375,0.13754696,55.94,BTC-27SEP24-50000-C,41645.45,sell,0.1,0.1,,,,
485,280953573,2024-01-20 05:31:54,1,0.1375,0.13748547,56.06,BTC-27SEP24-50000-C,41611.8,sell,0.1,0.1,,,,
486,280953581,2024-01-20 05:32:09,1,0.1375,0.13747674,56.06,BTC-27SEP24-50000-C,41611.32,sell,0.1,0.1,,,,
487,280960480,2024-01-20 08:47:58,0,0.1395,0.13987413,56.83,BTC-27SEP24-50000-C,41522.89,sell,0.1,0.1,,,,
488,280960722,2024-01-20 08:56:53,2,0.1355,0.13557639,55.56,BTC-27SEP24-50000-C,41551.9,sell,0.1,0.1,,,,
489,280960813,2024-01-20 09:01:13,3,0.1355,0.13575611,55.46,BTC-27SEP24-50000-C,41589.85,sell,0.1,0.1,,,,
490,280960816,2024-01-20 09:01:29,3,0.1355,0.13558771,55.45,BTC-27SEP24-50000-C,41594.05,sell,0.1,0.1,,,,
491,280961127,2024-01-20 09:05:54,3,0.1355,0.1356106,55.49,BTC-27SEP24-50000-C,41579.71,sell,0.1,0.1,,,,
492,280961128,2024-01-20 09:06:04,3,0.1355,0.13566248,55.5,BTC-27SEP24-50000-C,41575.16,sell,0.1,0.1,,,,
493,280961227,2024-01-20 09:07:46,2,0.135,0.13554775,55.37,BTC-27SEP24-50000-C,41569.18,sell,0.1,0.1,,,,
494,281010701,2024-01-21 21:39:37,0,0.1385,0.13646809,56.32,BTC-27SEP24-50000-C,41672.33,buy,0.3,0.3,,,,
495,281038124,2024-01-22 05:18:38,2,0.128,0.12746186,55.46,BTC-27SEP24-50000-C,40882.24,sell,0.1,0.1,,,,
496,281041578,2024-01-22 06:23:34,2,0.1275,0.12888533,54.87,BTC-27SEP24-50000-C,41011.03,sell,75.0,75.0,,,123004,
497,281254187,2024-01-23 09:26:01,2,0.116,0.11534036,56.77,BTC-27SEP24-50000-C,39083.99,buy,8.0,8.0,,,,
498,281254405,2024-01-23 09:26:27,2,0.1155,0.11516592,56.73,BTC-27SEP24-50000-C,39029.87,sell,2.0,2.0,,,,
499,281264175,2024-01-23 09:55:39,2,0.115,0.11553534,56.63,BTC-27SEP24-50000-C,39025.22,sell,0.1,0.1,,,,
500,281483645,2024-01-24 21:49:10,0,0.1175,0.11938348,55.49,BTC-27SEP24-50000-C,39721.87,sell,0.1,0.1,,,,
501,281483646,2024-01-24 21:49:10,1,0.1175,0.11938348,55.49,BTC-27SEP24-50000-C,39721.87,sell,2.5,2.5,,,,
502,281483651,2024-01-24 21:49:11,1,0.1175,0.11937699,55.49,BTC-27SEP24-50000-C,39720.59,buy,4.4,4.4,,,,
503,281562265,2024-01-25 20:59:04,2,0.1155,0.11617556,55.01,BTC-27SEP24-50000-C,39603.73,sell,0.1,0.1,,,,
504,281627560,2024-01-26 11:04:31,0,0.1235,0.12303036,54.6,BTC-27SEP24-50000-C,40827.82,buy,0.1,0.1,,,,
505,281677634,2024-01-26 16:06:06,0,0.1295,0.12973437,54.55,BTC-27SEP24-50000-C,41547.73,buy,0.1,0.1,,,,
506,281912988,2024-01-29 11:43:23,0,0.132,0.13275769,53.94,BTC-27SEP24-50000-C,42252.64,buy,0.1,0.1,,,,
507,281944673,2024-01-29 16:20:14,0,0.1377,0.13828054,54.08,BTC-27SEP24-50000-C,42864.51,sell,100.0,100.0,,,124071,
508,282106705,2024-01-30 22:49:51,0,0.1465,0.14722351,55.3,BTC-27SEP24-50000-C,43431.78,sell,0.1,0.1,,,,
509,282174880,2024-01-31 12:47:38,2,0.142,0.14004686,56.06,BTC-27SEP24-50000-C,42624.45,buy,1.0,1.0,,,,
510,282636395,2024-02-05 07:42:52,2,0.1375,0.13609812,54.44,BTC-27SEP24-50000-C,43028.25,buy,0.1,0.1,,,,
511,282648022,2024-02-05 09:46:54,2,0.136,0.13672112,54.14,BTC-27SEP24-50000-C,42936.13,sell,0.1,0.1,,,,
512,282857656,2024-02-07 17:47:43,0,0.1365,0.13680418,53.47,BTC-27SEP24-50000-C,43388.45,sell,1.0,1.0,,,,
513,282969846,2024-02-08 11:59:28,0,0.1475,0.14851533,53.44,BTC-27SEP24-50000-C,44706.79,sell,0.2,0.2,,,,
514,283144769,2024-02-09 09:47:36,0,0.171,0.16943102,55.5,BTC-27SEP24-50000-C,46639.94,sell,0.1,0.1,,,,
515,283150804,2024-02-09 10:57:08,0,0.172,0.17098419,55.44,BTC-27SEP24-50000-C,46776.45,sell,10.0,10.0,,,,
516,283150963,2024-02-09 10:57:52,2,0.171,0.17087546,55.18,BTC-27SEP24-50000-C,46767.49,sell,4.0,4.0,,,,
517,283155301,2024-02-09 11:27:43,0,0.1735,0.17347392,55.83,BTC-27SEP24-50000-C,46789.35,sell,6.0,6.0,,,,
518,283178563,2024-02-09 12:40:07,0,0.1795,0.17944587,56.37,BTC-27SEP24-50000-C,47325.86,sell,10.0,10.0,,,,
519,283183553,2024-02-09 13:05:22,0,0.1805,0.17821043,56.64,BTC-27SEP24-50000-C,47334.34,buy,1.9,1.9,,,,
520,283183554,2024-02-09 13:05:22,1,0.1805,0.17821043,56.64,BTC-27SEP24-50000-C,47334.34,buy,1.4,1.4,,,,
521,283239160,2024-02-09 17:47:17,0,0.181,0.18183659,56.08,BTC-27SEP24-50000-C,47558.96,buy,1.0,1.0,,,,
522,283346974,2024-02-10 21:12:47,0,0.191,0.18672384,58.84,BTC-27SEP24-50000-C,47833.26,buy,1.8,1.8,,,,
523,283346975,2024-02-10 21:12:47,1,0.191,0.18672384,58.84,BTC-27SEP24-50000-C,47833.26,buy,9.0,9.0,,,,
524,283346976,2024-02-10 21:12:47,1,0.191,0.18672384,58.84,BTC-27SEP24-50000-C,47833.26,sell,2.8,2.8,,,,
525,283347030,2024-02-10 21:13:56,2,0.19,0.18548004,58.58,BTC-27SEP24-50000-C,47813.27,sell,6.0,6.0,,,,
526,283514906,2024-02-12 12:42:24,2,0.1895,0.19018903,57.88,BTC-27SEP24-50000-C,47897.97,buy,0.5,0.5,,,,
527,283540832,2024-02-12 15:16:03,0,0.207,0.20716518,59.99,BTC-27SEP24-50000-C,49034.06,buy,0.5,0.5,,,,
528,283541794,2024-02-12 15:17:56,2,0.2065,0.20664371,60.08,BTC-27SEP24-50000-C,48938.91,buy,0.5,0.5,,,,
529,283542740,2024-02-12 15:20:12,2,0.206,0.20552079,60.35,BTC-27SEP24-50000-C,48795.66,buy,0.5,0.5,,,,
530,283542816,2024-02-12 15:20:37,3,0.206,0.20563784,60.33,BTC-27SEP24-50000-C,48806.61,buy,0.5,0.5,,,,
531,283600020,2024-02-12 17:22:13,0,0.214,0.21423282,59.89,BTC-27SEP24-50000-C,49891.74,buy,1.0,1.0,,,,
532,283608484,2024-02-12 17:37:52,0,0.219,0.21605088,60.95,BTC-27SEP24-50000-C,50038.05,sell,10.0,10.0,,,,
533,283631658,2024-02-12 20:18:54,2,0.2095,0.21470052,58.17,BTC-27SEP24-50000-C,49915.91,sell,2.5,2.5,,,,
534,283631659,2024-02-12 20:18:54,3,0.2095,0.21470052,58.17,BTC-27SEP24-50000-C,49915.91,sell,0.9,0.9,,,,
535,283631660,2024-02-12 20:18:54,3,0.2095,0.21470052,58.17,BTC-27SEP24-50000-C,49915.91,sell,1.8,1.8,,,,
536,283631661,2024-02-12 20:18:54,3,0.2095,0.21470052,58.17,BTC-27SEP24-50000-C,49915.91,sell,2.0,2.0,,,,
537,283656288,2024-02-13 00:23:37,0,0.2155,0.21440936,59.91,BTC-27SEP24-50000-C,50001.78,sell,0.2,0.2,,,,
538,283662262,2024-02-13 01:36:24,0,0.217,0.21659139,59.52,BTC-27SEP24-50000-C,50317.82,buy,3.6,3.6,,,,
539,283662263,2024-02-13 01:36:24,1,0.217,0.21659139,59.52,BTC-27SEP24-50000-C,50317.82,buy,0.1,0.1,,,,
540,283662264,2024-02-13 01:36:24,1,0.217,0.21659139,59.52,BTC-27SEP24-50000-C,50317.82,buy,0.7,0.7,,,,
541,283662549,2024-02-13 01:36:33,1,0.217,0.2169278,59.34,BTC-27SEP24-50000-C,50369.21,buy,10.7,10.7,,,,
542,283680287,2024-02-13 07:25:13,2,0.216,0.21616712,59.84,BTC-27SEP24-50000-C,50106.46,sell,0.1,0.1,,,,
543,283743690,2024-02-13 14:49:09,2,0.2025,0.20365756,59.59,BTC-27SEP24-50000-C,48861.66,sell,0.1,0.1,,,,
544,283746981,2024-02-13 15:02:35,3,0.2025,0.20301182,59.69,BTC-27SEP24-50000-C,48828.83,sell,0.1,0.1,,,,
545,283752041,2024-02-13 15:20:00,2,0.2005,0.20098029,59.62,BTC-27SEP24-50000-C,48632.52,sell,0.1,0.1,,,,
546,283772067,2024-02-13 17:43:16,2,0.199,0.20033136,58.87,BTC-27SEP24-50000-C,48801.26,sell,0.1,0.1,,,,
547,283849357,2024-02-14 09:06:23,0,0.22,0.21952159,59.26,BTC-27SEP24-50000-C,50818.89,sell,1.6,1.6,,,,
548,283935808,2024-02-14 13:35:12,0,0.2325,0.23232271,60.66,BTC-27SEP24-50000-C,51717.84,buy,0.1,0.1,,,,
549,283960241,2024-02-14 15:07:27,0,0.24,0.23609405,62.75,BTC-27SEP24-50000-C,51842.83,sell,1.2,1.2,,,,
550,283997248,2024-02-14 17:32:53,2,0.2335,0.23406771,61.16,BTC-27SEP24-50000-C,51616.89,buy,0.5,0.5,,,,
551,283997250,2024-02-14 17:33:06,3,0.2335,0.23404037,61.17,BTC-27SEP24-50000-C,51613.73,buy,1.5,1.5,,,,
552,283997718,2024-02-14 17:35:46,3,0.2335,0.2342064,61.11,BTC-27SEP24-50000-C,51634.13,buy,1.0,1.0,,,,
553,283997987,2024-02-14 17:37:30,2,0.233,0.23381739,61.05,BTC-27SEP24-50000-C,51586.09,buy,2.0,2.0,,,,
554,283999481,2024-02-14 17:49:13,3,0.233,0.23424931,60.94,BTC-27SEP24-50000-C,51625.12,buy,2.0,2.0,,,,
555,283999532,2024-02-14 17:49:41,3,0.233,0.23420513,60.95,BTC-27SEP24-50000-C,51622.25,buy,3.0,3.0,,,,
556,284073179,2024-02-15 03:37:22,0,0.2395,0.23912951,61.22,BTC-27SEP24-50000-C,52339.96,buy,0.1,0.1,,,,
557,284131952,2024-02-15 11:34:27,0,0.24,0.24028692,60.75,BTC-27SEP24-50000-C,52492.68,buy,0.1,0.1,,,,
558,284413344,2024-02-16 17:57:50,2,0.2385,0.23615279,61.46,BTC-27SEP24-50000-C,52029.33,buy,1.9,1.9,,,,
559,284413345,2024-02-16 17:57:50,3,0.2385,0.23615279,61.46,BTC-27SEP24-50000-C,52029.33,buy,2.5,2.5,,,,
560,284413346,2024-02-16 17:57:50,3,0.2385,0.23615279,61.46,BTC-27SEP24-50000-C,52029.33,buy,0.1,0.1,,,,
561,284618864,2024-02-18 17:22:02,0,0.2435,0.2361699,63.77,BTC-27SEP24-50000-C,51903.86,buy,0.1,0.1,,,,
562,284804646,2024-02-20 06:58:48,2,0.2375,0.23825913,61.14,BTC-27SEP24-50000-C,51942.89,buy,4.3,4.3,,,,
563,284804647,2024-02-20 06:58:52,3,0.2375,0.23824221,61.14,BTC-27SEP24-50000-C,51943.28,buy,3.7,3.7,,,,
564,284828715,2024-02-20 11:02:25,0,0.24,0.24037893,61.19,BTC-27SEP24-50000-C,52205.39,buy,0.2,0.2,,,,
565,284828859,2024-02-20 11:02:45,1,0.24,0.24039589,61.15,BTC-27SEP24-50000-C,52218.55,buy,0.1,0.1,,,,
566,284828877,2024-02-20 11:03:05,1,0.24,0.2403361,61.15,BTC-27SEP24-50000-C,52219.07,buy,0.2,0.2,,,,
567,284828917,2024-02-20 11:03:14,1,0.24,0.24041661,61.08,BTC-27SEP24-50000-C,52241.41,buy,0.5,0.5,,,,
568,284953017,2024-02-20 23:10:19,2,0.2395,0.23922451,60.81,BTC-27SEP24-50000-C,52394.13,buy,0.3,0.3,,,,
569,285072867,2024-02-21 15:23:49,2,0.228,0.2278252,60.67,BTC-27SEP24-50000-C,51248.16,buy,0.1,0.1,,,,
570,285805464,2024-02-27 02:06:30,0,0.2755,0.27717492,62.17,BTC-27SEP24-50000-C,56062.05,buy,0.2,0.2,,,,
571,285836679,2024-02-27 02:45:03,0,0.2785,0.27954407,62.49,BTC-27SEP24-50000-C,56296.48,buy,1.0,1.0,,,,
572,285836680,2024-02-27 02:45:03,1,0.2785,0.27954407,62.49,BTC-27SEP24-50000-C,56296.48,buy,2.0,2.0,,,,
573,285885391,2024-02-27 06:44:50,2,0.278,0.27971818,62.04,BTC-27SEP24-50000-C,56447.35,buy,0.6,0.6,,,,
574,285926082,2024-02-27 10:06:51,0,0.279,0.27804942,61.96,BTC-27SEP24-50000-C,56617.48,sell,1.5,1.5,,,,
575,285946924,2024-02-27 12:25:03,0,0.281,0.28096993,61.83,BTC-27SEP24-50000-C,56917.23,buy,0.1,0.1,,,,
576,286041450,2024-02-27 19:33:20,0,0.282,0.28246048,61.61,BTC-27SEP24-50000-C,57162.87,buy,0.1,0.1,,,,
577,286045235,2024-02-27 19:52:33,0,0.285,0.28541368,61.66,BTC-27SEP24-50000-C,57475.34,buy,0.1,0.1,,,,
578,286048314,2024-02-27 20:02:16,2,0.282,0.28335988,61.27,BTC-27SEP24-50000-C,57232.22,buy,0.1,0.1,,,,
579,286111739,2024-02-28 07:35:22,2,0.2805,0.2812973,59.56,BTC-27SEP24-50000-C,57616.1,buy,0.1,0.1,,,,
580,286111943,2024-02-28 07:35:26,0,0.281,0.28154105,59.64,BTC-27SEP24-50000-C,57653.69,buy,0.1,0.1,,,,
581,286114658,2024-02-28 07:41:34,0,0.282,0.28309233,59.45,BTC-27SEP24-50000-C,57810.28,buy,0.1,0.1,,,,
582,286124258,2024-02-28 08:00:54,0,0.288,0.28837311,60.02,BTC-27SEP24-50000-C,58351.73,buy,0.1,0.1,,,,
583,286160168,2024-02-28 09:16:51,0,0.296,0.29606306,60.33,BTC-27SEP24-50000-C,59236.67,buy,1.0,1.0,,,,
584,286162316,2024-02-28 09:21:32,2,0.294,0.29357211,60.48,BTC-27SEP24-50000-C,58991.75,buy,1.0,1.0,,,,
585,286163094,2024-02-28 09:24:50,2,0.2935,0.29363748,60.18,BTC-27SEP24-50000-C,59022.92,buy,1.0,1.0,,,,
586,286169827,2024-02-28 09:49:29,0,0.296,0.2975024,60.34,BTC-27SEP24-50000-C,59330.06,buy,2.0,2.0,,,,
587,286210948,2024-02-28 13:06:15,0,0.2975,0.2982902,60.18,BTC-27SEP24-50000-C,59504.1,buy,0.1,0.1,,,,
588,286239518,2024-02-28 13:40:11,0,0.3075,0.30838557,61.23,BTC-27SEP24-50000-C,60323.23,buy,0.1,0.1,,,,
589,286249103,2024-02-28 14:02:22,0,0.309,0.30954257,61.19,BTC-27SEP24-50000-C,60622.36,buy,0.9,0.9,,,,
590,286266923,2024-02-28 14:28:31,2,0.304,0.30528464,60.93,BTC-27SEP24-50000-C,60119.0,buy,0.1,0.1,,,,
591,286284905,2024-02-28 14:51:46,0,0.307,0.30743849,61.11,BTC-27SEP24-50000-C,60511.82,buy,0.9,0.9,,,,
592,286300270,2024-02-28 15:07:50,0,0.31,0.31035641,61.56,BTC-27SEP24-50000-C,60756.13,buy,0.1,0.1,,,,
593,286325081,2024-02-28 15:38:12,1,0.31,0.31284029,60.73,BTC-27SEP24-50000-C,61082.77,buy,0.8,0.8,,,,
594,286406244,2024-02-28 17:24:47,0,0.3365,0.33471182,65.79,BTC-27SEP24-50000-C,62960.96,sell,4.3,4.3,,,,
595,286406245,2024-02-28 17:24:47,1,0.3365,0.33471182,65.79,BTC-27SEP24-50000-C,62960.96,sell,0.1,0.1,,,,
596,286406246,2024-02-28 17:24:47,1,0.3365,0.33471182,65.79,BTC-27SEP24-50000-C,62960.96,sell,0.1,0.1,,,,
597,286406247,2024-02-28 17:24:47,1,0.3365,0.33471182,65.79,BTC-27SEP24-50000-C,62960.96,sell,0.1,0.1,,,,
598,286406248,2024-02-28 17:24:47,1,0.3365,0.33471182,65.79,BTC-27SEP24-50000-C,62960.96,sell,0.1,0.1,,,,
599,286406249,2024-02-28 17:24:47,1,0.3365,0.33471182,65.79,BTC-27SEP24-50000-C,62960.96,sell,0.1,0.1,,,,
600,286406252,2024-02-28 17:24:47,1,0.3365,0.33471182,65.79,BTC-27SEP24-50000-C,62960.96,sell,0.1,0.1,,,,
601,286406253,2024-02-28 17:24:47,1,0.3365,0.33471182,65.79,BTC-27SEP24-50000-C,62960.96,sell,0.1,0.1,,,,
602,286406308,2024-02-28 17:24:50,1,0.3365,0.33469507,65.87,BTC-27SEP24-50000-C,62921.33,sell,8.2,8.2,,,,
603,286406309,2024-02-28 17:24:50,1,0.3365,0.33469507,65.87,BTC-27SEP24-50000-C,62921.33,sell,1.8,1.8,,,,
604,286409946,2024-02-28 17:25:42,1,0.3365,0.33152632,67.44,BTC-27SEP24-50000-C,62499.16,sell,5.1,5.1,,,,
605,286409947,2024-02-28 17:25:42,1,0.3365,0.33152632,67.45,BTC-27SEP24-50000-C,62499.16,sell,9.9,9.9,,,,
606,286415651,2024-02-28 17:28:10,2,0.336,0.33180499,67.3,BTC-27SEP24-50000-C,62436.22,sell,2.4,2.4,M,,,
607,286577743,2024-02-28 21:11:26,2,0.3075,0.3073627,63.45,BTC-27SEP24-50000-C,60055.98,buy,1.0,1.0,,,,
608,286785622,2024-02-29 13:05:27,0,0.3325,0.33284816,65.6,BTC-27SEP24-50000-C,62563.75,buy,0.2,0.2,,,,
609,287017323,2024-03-01 05:20:00,2,0.32,0.32086656,63.2,BTC-27SEP24-50000-C,61520.86,buy,0.1,0.1,,,,
610,287224905,2024-03-02 05:57:01,2,0.3195,0.32560121,61.65,BTC-27SEP24-50000-C,62019.32,sell,0.1,0.1,,,,
611,287382073,2024-03-03 16:02:39,0,0.335,0.33477617,67.3,BTC-27SEP24-50000-C,62166.46,sell,0.1,0.1,,,,
612,287382086,2024-03-03 16:02:47,1,0.335,0.33476682,67.3,BTC-27SEP24-50000-C,62169.5,sell,0.1,0.1,,,,
613,287382120,2024-03-03 16:02:57,2,0.3345,0.33465219,67.09,BTC-27SEP24-50000-C,62162.69,sell,0.1,0.1,,,,
614,287382169,2024-03-03 16:03:14,2,0.334,0.3345749,66.86,BTC-27SEP24-50000-C,62164.66,sell,0.1,0.1,,,,
615,287442592,2024-03-04 00:35:30,0,0.35,0.35153422,67.14,BTC-27SEP24-50000-C,63934.41,buy,0.5,0.5,,,,
616,287538884,2024-03-04 08:07:38,0,0.355,0.35586689,67.4,BTC-27SEP24-50000-C,64427.52,buy,0.5,0.5,,,,
617,287550167,2024-03-04 08:25:50,0,0.36,0.3610902,67.84,BTC-27SEP24-50000-C,64978.9,buy,0.5,0.5,,,,
618,287563111,2024-03-04 08:44:27,0,0.365,0.36564685,68.24,BTC-27SEP24-50000-C,65515.45,buy,0.5,0.5,,,,
619,287704816,2024-03-04 14:56:52,0,0.375,0.3767055,69.79,BTC-27SEP24-50000-C,66406.0,buy,0.5,0.5,,,,
620,287722359,2024-03-04 15:40:07,1,0.375,0.37596714,70.59,BTC-27SEP24-50000-C,66144.62,buy,0.7,0.7,,,,
621,287722360,2024-03-04 15:40:07,1,0.375,0.37597112,70.59,BTC-27SEP24-50000-C,66144.62,buy,1.4,1.4,,,,
622,287762599,2024-03-04 17:25:56,0,0.385,0.38461248,72.71,BTC-27SEP24-50000-C,67212.17,buy,0.5,0.5,,,,
623,287779407,2024-03-04 17:59:35,0,0.3865,0.38510407,73.64,BTC-27SEP24-50000-C,67001.57,sell,0.2,0.2,,,,
624,287797677,2024-03-04 18:46:53,2,0.3795,0.38067219,71.87,BTC-27SEP24-50000-C,66635.48,buy,6.7,6.7,,,,
625,287905030,2024-03-05 00:14:21,0,0.3865,0.387011,69.64,BTC-27SEP24-50000-C,68352.92,buy,0.5,0.5,,,,
626,288094096,2024-03-05 10:22:25,2,0.379,0.37938746,70.12,BTC-27SEP24-50000-C,66837.92,buy,0.8,0.8,,,,
627,288162583,2024-03-05 14:44:47,0,0.39,0.39095104,69.81,BTC-27SEP24-50000-C,68441.85,buy,0.3,0.3,,,,
628,288169359,2024-03-05 14:54:58,0,0.394,0.39399068,70.55,BTC-27SEP24-50000-C,68821.97,buy,0.3,0.3,,,,
629,288288288,2024-03-05 16:28:17,2,0.3685,0.36823007,70.38,BTC-27SEP24-50000-C,65536.66,sell,0.8,0.8,,,,
630,288488973,2024-03-05 20:16:15,2,0.3475,0.34690888,70.81,BTC-27SEP24-50000-C,62668.74,sell,0.1,0.1,,,,
631,288759738,2024-03-06 08:24:17,0,0.375,0.37598728,69.43,BTC-27SEP24-50000-C,67354.18,buy,3.7,3.7,,,,
632,288762178,2024-03-06 08:30:45,1,0.375,0.37563352,69.58,BTC-27SEP24-50000-C,67309.12,buy,4.1,4.1,,,,
633,288762228,2024-03-06 08:30:50,2,0.374,0.37568893,69.0,BTC-27SEP24-50000-C,67318.63,buy,2.9,2.9,,,,
634,288783489,2024-03-06 09:38:22,2,0.3717,0.37138881,69.95,BTC-27SEP24-50000-C,66676.06,buy,275.0,275.0,,BTC-CCOND-27SEP24-35000_44000_50000_62000,130115,
635,288812136,2024-03-06 11:36:41,0,0.374,0.37367918,70.39,BTC-27SEP24-50000-C,66877.01,sell,4.1,4.1,,,,
636,288812137,2024-03-06 11:36:41,1,0.374,0.37367918,70.39,BTC-27SEP24-50000-C,66877.01,sell,0.9,0.9,,,,
637,288866480,2024-03-06 13:26:28,2,0.368,0.36819504,69.6,BTC-27SEP24-50000-C,66224.37,buy,1.0,1.0,,,,
638,288873567,2024-03-06 13:54:28,0,0.37,0.3706477,69.49,BTC-27SEP24-50000-C,66506.06,buy,1.0,1.0,,,,
639,289019382,2024-03-06 22:42:37,0,0.372,0.37308872,70.35,BTC-27SEP24-50000-C,66292.05,sell,10.0,10.0,,,,
640,289054278,2024-03-07 01:54:05,2,0.37,0.36982169,69.85,BTC-27SEP24-50000-C,66109.1,sell,3.6,3.6,,,,
641,289054279,2024-03-07 01:54:05,3,0.37,0.36982169,69.85,BTC-27SEP24-50000-C,66109.1,sell,0.1,0.1,,,,
642,289054280,2024-03-07 01:54:05,3,0.37,0.36982169,69.85,BTC-27SEP24-50000-C,66109.1,sell,0.7,0.7,,,,
643,289054281,2024-03-07 01:54:08,3,0.37,0.36981446,69.85,BTC-27SEP24-50000-C,66108.84,sell,3.8,3.8,,,,
644,289054282,2024-03-07 01:54:09,3,0.37,0.36980918,69.85,BTC-27SEP24-50000-C,66108.84,sell,1.8,1.8,,,,
645,289143219,2024-03-07 11:06:38,0,0.375,0.37472816,68.59,BTC-27SEP24-50000-C,67220.83,buy,0.1,0.1,,,,
646,289152695,2024-03-07 12:00:16,2,0.373,0.37317069,68.34,BTC-27SEP24-50000-C,66954.38,buy,0.1,0.1,,,,
647,289152973,2024-03-07 12:01:34,0,0.3735,0.37371425,68.35,BTC-27SEP24-50000-C,67013.64,buy,0.1,0.1,,,,
648,289153222,2024-03-07 12:03:21,0,0.374,0.37422896,68.35,BTC-27SEP24-50000-C,67086.98,buy,0.1,0.1,,,,
649,289202489,2024-03-07 15:27:00,0,0.375,0.37503094,69.43,BTC-27SEP24-50000-C,66965.68,buy,0.5,0.5,,,,
650,289259986,2024-03-07 19:56:11,0,0.376,0.3804635,66.86,BTC-27SEP24-50000-C,67640.93,sell,0.1,0.1,,,,
651,289260155,2024-03-07 19:58:38,1,0.376,0.38016343,67.05,BTC-27SEP24-50000-C,67595.48,sell,0.4,0.4,,,,
652,289260196,2024-03-07 19:59:28,1,0.376,0.38023195,67.01,BTC-27SEP24-50000-C,67605.79,sell,0.1,0.1,,,,
653,289272414,2024-03-07 21:02:26,0,0.3795,0.37937189,69.32,BTC-27SEP24-50000-C,67634.26,buy,0.2,0.2,,,,
654,289847286,2024-03-10 17:02:45,0,0.4105,0.40365074,78.63,BTC-27SEP24-50000-C,69527.97,buy,7.0,7.0,,,,
655,289847287,2024-03-10 17:02:45,1,0.4105,0.40365074,78.63,BTC-27SEP24-50000-C,69527.97,sell,3.0,3.0,,,,
656,289977628,2024-03-11 07:32:20,0,0.415,0.41506043,74.2,BTC-27SEP24-50000-C,70960.12,buy,0.3,0.3,,,,
657,290119898,2024-03-11 13:24:06,0,0.43,0.4295308,77.6,BTC-27SEP24-50000-C,72317.42,buy,0.1,0.1,,,,
658,290465862,2024-03-12 15:48:46,2,0.419,0.42322905,73.79,BTC-27SEP24-50000-C,71844.99,sell,0.1,0.1,,,,
659,291416643,2024-03-15 09:36:35,2,0.3951,0.39456536,80.03,BTC-27SEP24-50000-C,67176.35,sell,2.7,2.7,,,132166,
660,291701896,2024-03-16 17:46:22,0,0.398,0.39711089,79.44,BTC-27SEP24-50000-C,67577.2,sell,3.0,3.0,,,,
661,291769504,2024-03-16 23:17:46,2,0.38,0.38159053,80.04,BTC-27SEP24-50000-C,65026.74,sell,1.0,1.0,,,,
662,292304930,2024-03-19 07:09:17,2,0.37,0.36995072,80.29,BTC-27SEP24-50000-C,64152.67,sell,2.6,2.6,,,,
663,292304942,2024-03-19 07:09:17,3,0.37,0.36995072,80.29,BTC-27SEP24-50000-C,64152.67,sell,0.1,0.1,,,,
664,292304946,2024-03-19 07:09:17,3,0.37,0.36995072,80.29,BTC-27SEP24-50000-C,64152.67,sell,0.5,0.5,,,,
665,292305528,2024-03-19 07:09:59,3,0.37,0.36956831,80.52,BTC-27SEP24-50000-C,64083.6,sell,4.1,4.1,,,,
666,292305648,2024-03-19 07:10:02,3,0.37,0.36958037,80.51,BTC-27SEP24-50000-C,64086.77,sell,1.3,1.3,,,,
667,292305814,2024-03-19 07:10:03,3,0.37,0.36960371,80.51,BTC-27SEP24-50000-C,64034.6,sell,0.5,0.5,,,,
668,292306410,2024-03-19 07:10:12,3,0.37,0.37009537,80.39,BTC-27SEP24-50000-C,64122.84,sell,0.3,0.3,,,,
669,292306849,2024-03-19 07:10:48,3,0.37,0.36985829,80.54,BTC-27SEP24-50000-C,64066.78,sell,0.2,0.2,,,,
670,292306901,2024-03-19 07:10:51,3,0.37,0.36949773,80.7,BTC-27SEP24-50000-C,64042.99,sell,0.1,0.1,,,,
671,292306907,2024-03-19 07:10:52,3,0.37,0.36941854,80.71,BTC-27SEP24-50000-C,64040.31,sell,0.3,0.3,,,,
672,292987855,2024-03-21 00:31:35,0,0.3975,0.39714974,80.97,BTC-27SEP24-50000-C,67735.63,sell,1.2,1.2,,,,
673,292988070,2024-03-21 00:32:25,0,0.398,0.39742398,81.07,BTC-27SEP24-50000-C,67792.02,sell,0.8,0.8,,,,
674,293057789,2024-03-21 08:15:07,2,0.395,0.39370315,81.89,BTC-27SEP24-50000-C,67413.42,sell,5.0,5.0,,,,
675,293105742,2024-03-21 13:46:39,2,0.3895,0.389525,80.65,BTC-27SEP24-50000-C,67074.41,sell,0.1,0.1,,,,
676,293105775,2024-03-21 13:46:52,0,0.3905,0.38950986,81.29,BTC-27SEP24-50000-C,67043.7,sell,1.0,1.0,,,,
677,293105782,2024-03-21 13:46:53,2,0.39,0.38947981,81.08,BTC-27SEP24-50000-C,67028.98,sell,1.0,1.0,,,,
678,293228329,2024-03-22 01:59:45,2,0.3765,0.3766637,80.56,BTC-27SEP24-50000-C,65264.61,sell,0.1,0.1,,,,
679,293228345,2024-03-22 01:59:45,3,0.3765,0.3766637,80.56,BTC-27SEP24-50000-C,65264.61,sell,2.2,2.2,,,,
680,293228347,2024-03-22 01:59:45,3,0.3765,0.3766637,80.56,BTC-27SEP24-50000-C,65264.61,sell,0.1,0.1,,,,
681,293228351,2024-03-22 01:59:45,3,0.3765,0.3766637,80.56,BTC-27SEP24-50000-C,65264.61,sell,0.1,0.1,,,,
682,293228366,2024-03-22 01:59:46,3,0.3765,0.3766637,80.56,BTC-27SEP24-50000-C,65219.36,sell,1.5,1.5,,,,
683,293294025,2024-03-22 10:10:29,2,0.3755,0.37519645,80.16,BTC-27SEP24-50000-C,65274.08,sell,1.0,1.0,,,,
684,293294904,2024-03-22 10:14:30,2,0.375,0.37464532,80.21,BTC-27SEP24-50000-C,65193.97,sell,1.0,1.0,,,,
685,293295072,2024-03-22 10:15:19,2,0.3745,0.3743071,80.24,BTC-27SEP24-50000-C,65110.36,sell,1.0,1.0,,,,
686,293297361,2024-03-22 10:25:42,2,0.374,0.37352219,80.4,BTC-27SEP24-50000-C,65004.35,sell,1.0,1.0,,,,
687,293338514,2024-03-22 13:22:27,2,0.366,0.36599874,80.49,BTC-27SEP24-50000-C,63989.73,sell,0.3,0.3,,,,
688,293647362,2024-03-24 12:16:18,0,0.3685,0.37338292,77.29,BTC-27SEP24-50000-C,65271.75,sell,0.6,0.6,,,,
689,293777470,2024-03-25 08:27:02,0,0.381,0.38473199,77.39,BTC-27SEP24-50000-C,67099.04,sell,0.1,0.1,,,,
690,293801738,2024-03-25 13:52:19,0,0.387,0.38687105,79.41,BTC-27SEP24-50000-C,67498.51,buy,0.1,0.1,,,,
691,294055582,2024-03-26 13:36:23,0,0.4115,0.41061207,80.9,BTC-27SEP24-50000-C,70439.14,sell,1.0,1.0,,,,
692,294057251,2024-03-26 13:40:08,2,0.4105,0.4093519,81.29,BTC-27SEP24-50000-C,70225.04,sell,1.0,1.0,,,,
693,294115364,2024-03-26 16:40:54,2,0.402,0.4016215,80.69,BTC-27SEP24-50000-C,69645.67,sell,1.0,1.0,,,,
694,294300959,2024-03-27 15:12:32,2,0.401,0.40052374,80.55,BTC-27SEP24-50000-C,69513.63,sell,1.0,1.0,,,,
695,294725035,2024-03-30 23:09:18,0,0.406,0.4065894,80.09,BTC-27SEP24-50000-C,69760.21,sell,0.1,0.1,,,,
696,295014257,2024-04-02 02:58:12,2,0.3855,0.38499511,80.03,BTC-27SEP24-50000-C,67014.9,sell,1.0,1.0,,,,
697,295032240,2024-04-02 04:13:17,2,0.3815,0.38147823,80.3,BTC-27SEP24-50000-C,66632.72,sell,1.0,1.0,,,,
698,295121891,2024-04-02 13:14:10,2,0.368,0.36817543,78.71,BTC-27SEP24-50000-C,65308.04,sell,1.0,1.0,,,,
699,295172054,2024-04-02 16:35:06,0,0.3695,0.36947125,79.24,BTC-27SEP24-50000-C,65413.25,sell,0.2,0.2,,,,
700,295172246,2024-04-02 16:36:11,1,0.3695,0.36896331,79.51,BTC-27SEP24-50000-C,65341.09,sell,0.7,0.7,,,,
701,295172802,2024-04-02 16:40:35,1,0.3695,0.36934783,79.27,BTC-27SEP24-50000-C,65405.97,sell,0.1,0.1,,,,
702,295173171,2024-04-02 16:43:42,1,0.3695,0.36974821,79.08,BTC-27SEP24-50000-C,65413.61,sell,0.1,0.1,,,,
703,295173227,2024-04-02 16:43:48,1,0.3695,0.3691116,79.42,BTC-27SEP24-50000-C,65356.51,sell,0.1,0.1,,,,
704,295173281,2024-04-02 16:43:57,1,0.3695,0.3691639,79.44,BTC-27SEP24-50000-C,65337.71,sell,3.8,3.8,,,,
705,295173282,2024-04-02 16:43:57,1,0.3695,0.3691639,79.44,BTC-27SEP24-50000-C,65337.71,sell,0.7,0.7,,,,
706,295173283,2024-04-02 16:43:58,1,0.3695,0.3691639,79.44,BTC-27SEP24-50000-C,65337.71,sell,4.3,4.3,,,,
707,295361061,2024-04-04 02:24:26,2,0.3645,0.36757818,76.11,BTC-27SEP24-50000-C,65833.43,sell,0.1,0.1,,,,
708,295986850,2024-04-08 20:53:49,0,0.4025,0.40672638,75.65,BTC-27SEP24-50000-C,71655.08,sell,0.3,0.3,,,,
709,295989801,2024-04-08 21:42:42,0,0.403,0.40737919,75.86,BTC-27SEP24-50000-C,71681.42,sell,0.1,0.1,,,,
710,296064535,2024-04-09 10:01:59,2,0.399,0.39646105,80.29,BTC-27SEP24-50000-C,70483.44,sell,0.1,0.1,,,,
711,296127437,2024-04-09 17:16:42,2,0.3785,0.37979434,77.58,BTC-27SEP24-50000-C,68295.63,sell,1.2,1.2,,,,
712,296518571,2024-04-12 08:14:05,0,0.388,0.39212619,73.85,BTC-27SEP24-50000-C,70830.57,sell,0.1,0.1,,,,
713,296576136,2024-04-12 16:16:30,2,0.375,0.37537041,75.37,BTC-27SEP24-50000-C,69072.4,buy,1.8,1.8,,,,
714,296576137,2024-04-12 16:16:30,3,0.375,0.37537041,75.37,BTC-27SEP24-50000-C,69072.4,buy,0.6,0.6,,,,
715,296577133,2024-04-12 16:19:13,2,0.3735,0.3743726,75.04,BTC-27SEP24-50000-C,68926.56,sell,0.6,0.6,,,,
716,296586438,2024-04-12 17:05:31,2,0.371,0.37195808,75.15,BTC-27SEP24-50000-C,68568.84,sell,0.4,0.4,,,,
717,296586664,2024-04-12 17:05:35,3,0.371,0.37175423,75.25,BTC-27SEP24-50000-C,68578.98,sell,0.4,0.4,,,,
718,296621322,2024-04-12 18:33:21,2,0.35,0.35084711,73.35,BTC-27SEP24-50000-C,66247.46,sell,0.4,0.4,,,,
719,296626522,2024-04-12 18:35:21,3,0.35,0.35041361,74.14,BTC-27SEP24-50000-C,66134.14,sell,0.4,0.4,,,,
720,296626736,2024-04-12 18:35:26,3,0.35,0.3499617,74.43,BTC-27SEP24-50000-C,66005.86,sell,1.3,1.3,,,,
721,296626737,2024-04-12 18:35:26,3,0.35,0.3499617,74.43,BTC-27SEP24-50000-C,66005.86,sell,5.4,5.4,,,,
722,296626757,2024-04-12 18:35:26,3,0.35,0.34969225,74.65,BTC-27SEP24-50000-C,66005.86,sell,2.5,2.5,,,,
723,296768223,2024-04-13 16:45:52,0,0.359,0.35799126,74.78,BTC-27SEP24-50000-C,67435.3,sell,4.0,4.0,,,,
724,296768224,2024-04-13 16:45:52,1,0.359,0.35799126,74.78,BTC-27SEP24-50000-C,67435.3,sell,0.8,0.8,,,,
725,296768232,2024-04-13 16:45:56,1,0.359,0.35796853,74.79,BTC-27SEP24-50000-C,67430.85,sell,5.0,5.0,,,,
726,296768233,2024-04-13 16:45:56,1,0.359,0.35796853,74.79,BTC-27SEP24-50000-C,67430.85,sell,0.2,0.2,,,,
727,296901012,2024-04-13 21:03:22,2,0.325,0.32673362,78.84,BTC-27SEP24-50000-C,62607.14,buy,0.1,0.1,,,,
728,296901118,2024-04-13 21:03:28,0,0.3255,0.32734978,78.83,BTC-27SEP24-50000-C,62706.57,buy,0.1,0.1,,,,
729,296901254,2024-04-13 21:03:37,0,0.326,0.32797476,78.76,BTC-27SEP24-50000-C,62805.15,buy,0.1,0.1,,,,
730,296901342,2024-04-13 21:03:41,2,0.3255,0.32834171,78.24,BTC-27SEP24-50000-C,62875.64,buy,0.1,0.1,,,,
731,297442303,2024-04-16 00:16:03,0,0.3273,0.32664964,75.49,BTC-27SEP24-50000-C,63649.9,sell,0.1,0.1,,BTC-CSR12-27SEP24-50000_70000,,297442302
732,298433852,2024-04-20 10:21:33,2,0.312,0.31293548,72.02,BTC-27SEP24-50000-C,63484.49,buy,0.1,0.1,,,,
733,298433892,2024-04-20 10:22:13,3,0.312,0.31278152,72.1,BTC-27SEP24-50000-C,63460.53,buy,0.1,0.1,,,,
734,298433988,2024-04-20 10:23:04,3,0.312,0.31262801,72.16,BTC-27SEP24-50000-C,63444.43,buy,0.1,0.1,,,,
735,298433989,2024-04-20 10:23:04,3,0.312,0.31262801,72.16,BTC-27SEP24-50000-C,63444.43,buy,0.1,0.1,,,,
736,298433990,2024-04-20 10:23:04,3,0.312,0.31262801,72.16,BTC-27SEP24-50000-C,63444.43,buy,0.1,0.1,,,,
737,298433991,2024-04-20 10:23:04,3,0.312,0.31262801,72.16,BTC-27SEP24-50000-C,63444.43,buy,0.1,0.1,,,,
738,298482606,2024-04-20 23:17:19,0,0.3255,0.32613348,72.96,BTC-27SEP24-50000-C,64805.9,buy,2.4,2.4,,,,
739,299149829,2024-04-26 07:55:14,2,0.3065,0.30526926,66.37,BTC-27SEP24-50000-C,64286.56,sell,2.0,2.0,M,,,
740,299314491,2024-04-27 17:30:42,2,0.288,0.28915283,63.12,BTC-27SEP24-50000-C,62886.0,buy,0.2,0.2,,,,
741,299388383,2024-04-28 19:22:13,0,0.294,0.29701239,62.07,BTC-27SEP24-50000-C,63816.77,sell,0.8,0.8,,,,
742,299553734,2024-04-30 05:46:31,2,0.285,0.28528555,61.19,BTC-27SEP24-50000-C,63209.48,buy,0.3,0.3,,,,
743,299555516,2024-04-30 06:23:37,0,0.2855,0.28556848,61.11,BTC-27SEP24-50000-C,63343.51,buy,0.5,0.5,,,,
744,299775165,2024-05-01 07:05:09,2,0.245,0.24628492,59.52,BTC-27SEP24-50000-C,59191.79,buy,2.0,2.0,M,,,
745,299889639,2024-05-01 11:55:07,2,0.235,0.23461317,61.27,BTC-27SEP24-50000-C,57777.11,sell,0.5,0.5,,,,
746,299889894,2024-05-01 11:55:48,3,0.235,0.23456735,61.3,BTC-27SEP24-50000-C,57766.94,sell,0.5,0.5,,,,
747,299890608,2024-05-01 12:00:41,3,0.235,0.23538301,60.99,BTC-27SEP24-50000-C,57822.3,sell,0.5,0.5,,,,
748,300072805,2024-05-02 10:36:05,2,0.2275,0.22840298,58.56,BTC-27SEP24-50000-C,57603.85,sell,0.1,0.1,,,,
749,300342598,2024-05-03 19:36:10,0,0.267,0.26694765,58.15,BTC-27SEP24-50000-C,61819.4,buy,1.0,1.0,,,,
750,300365883,2024-05-03 22:46:19,0,0.2775,0.27763468,58.4,BTC-27SEP24-50000-C,62962.82,buy,1.1,1.1,,,,
751,301306950,2024-05-13 17:31:29,2,0.2735,0.27313675,60.12,BTC-27SEP24-50000-C,62655.16,sell,1.0,1.0,,,,
752,301310227,2024-05-13 18:22:03,2,0.273,0.27292612,60.1,BTC-27SEP24-50000-C,62578.02,sell,1.1,1.1,,,,
753,301649806,2024-05-15 21:22:59,0,0.308,0.30821086,63.0,BTC-27SEP24-50000-C,65999.56,buy,0.1,0.1,,,,
754,302368175,2024-05-21 07:36:27,0,0.355,0.35362414,66.52,BTC-27SEP24-50000-C,71017.96,sell,5.0,5.0,,,,
755,302509280,2024-05-21 21:53:40,2,0.343,0.34172309,65.62,BTC-27SEP24-50000-C,69674.34,sell,0.6,0.6,,,,
756,302509282,2024-05-21 21:53:57,3,0.343,0.34173423,65.62,BTC-27SEP24-50000-C,69675.63,sell,4.4,4.4,,,,
757,302749552,2024-05-23 14:36:28,2,0.3255,0.32564641,62.58,BTC-27SEP24-50000-C,67908.1,sell,3.8,3.8,,,,
758,302749589,2024-05-23 14:36:31,3,0.3255,0.32541384,62.76,BTC-27SEP24-50000-C,67893.26,sell,0.1,0.1,,,,
759,302749610,2024-05-23 14:36:34,3,0.3255,0.32536653,62.78,BTC-27SEP24-50000-C,67888.97,sell,0.1,0.1,,,,
760,302749611,2024-05-23 14:36:37,3,0.3255,0.32538577,62.76,BTC-27SEP24-50000-C,67889.6,sell,0.1,0.1,,,,
761,302749635,2024-05-23 14:36:44,3,0.3255,0.32536158,62.8,BTC-27SEP24-50000-C,67887.85,sell,0.1,0.1,,,,
762,302750153,2024-05-23 14:41:37,3,0.3255,0.32525706,62.86,BTC-27SEP24-50000-C,67866.78,sell,0.3,0.3,,,,
763,302750158,2024-05-23 14:41:37,3,0.3255,0.32525706,62.86,BTC-27SEP24-50000-C,67866.78,sell,0.1,0.1,,,,
764,302750183,2024-05-23 14:41:38,3,0.3255,0.32525706,62.89,BTC-27SEP24-50000-C,67864.07,sell,0.7,0.7,,,,
765,302750250,2024-05-23 14:41:41,3,0.3255,0.32505009,63.04,BTC-27SEP24-50000-C,67821.67,sell,1.0,1.0,,,,
766,302750256,2024-05-23 14:41:41,3,0.3255,0.32505009,63.04,BTC-27SEP24-50000-C,67821.67,sell,1.2,1.2,,,,
767,302750262,2024-05-23 14:41:41,3,0.3255,0.32504579,63.05,BTC-27SEP24-50000-C,67821.67,sell,0.7,0.7,,,,
768,302750273,2024-05-23 14:41:42,3,0.3255,0.32504579,63.05,BTC-27SEP24-50000-C,67819.13,sell,0.4,0.4,,,,
769,302750287,2024-05-23 14:41:43,3,0.3255,0.32484694,63.2,BTC-27SEP24-50000-C,67818.33,sell,0.1,0.1,,,,
770,302750290,2024-05-23 14:41:43,3,0.3255,0.32484694,63.2,BTC-27SEP24-50000-C,67818.33,sell,0.1,0.1,,,,
771,302750291,2024-05-23 14:41:43,3,0.3255,0.32484694,63.2,BTC-27SEP24-50000-C,67818.33,sell,0.1,0.1,,,,
772,302750295,2024-05-23 14:41:43,3,0.3255,0.32484694,63.2,BTC-27SEP24-50000-C,67818.33,sell,0.1,0.1,,,,
773,302750325,2024-05-23 14:41:44,3,0.3255,0.32484694,63.2,BTC-27SEP24-50000-C,67816.63,sell,0.6,0.6,,,,
774,302750333,2024-05-23 14:41:45,3,0.3255,0.32483628,63.22,BTC-27SEP24-50000-C,67816.63,sell,0.4,0.4,,,,
775,303233902,2024-05-27 23:11:40,0,0.3385,0.33613632,64.46,BTC-27SEP24-50000-C,69467.37,sell,5.0,5.0,,,,
776,303268452,2024-05-28 03:49:12,2,0.323,0.3220695,63.14,BTC-27SEP24-50000-C,67840.76,sell,3.0,3.0,,,,
777,303588107,2024-05-30 15:41:29,0,0.3265,0.32621487,61.76,BTC-27SEP24-50000-C,68560.28,buy,1.0,1.0,,,,
778,304046545,2024-06-04 06:39:47,0,0.3275,0.32730739,60.25,BTC-27SEP24-50000-C,68991.57,buy,1.1,1.1,,,143326,
779,304260117,2024-06-05 15:42:23,0,0.35,0.34985603,61.4,BTC-27SEP24-50000-C,71718.34,buy,0.2,0.2,,,,
780,304589406,2024-06-08 07:33:36,2,0.3255,0.32571141,57.11,BTC-27SEP24-50000-C,69441.22,buy,1.0,1.0,,,,
781,304752866,2024-06-10 20:02:08,2,0.3245,0.32455337,58.81,BTC-27SEP24-50000-C,69371.41,sell,0.2,0.2,,,,
782,304752867,2024-06-10 20:02:08,3,0.3245,0.32455337,58.81,BTC-27SEP24-50000-C,69371.41,sell,0.6,0.6,,,,
783,304752888,2024-06-10 20:02:08,3,0.3245,0.32455337,58.81,BTC-27SEP24-50000-C,69371.41,sell,0.2,0.2,,,,
784,304753841,2024-06-10 20:08:05,3,0.3245,0.32447442,58.85,BTC-27SEP24-50000-C,69364.73,sell,1.0,1.0,,,,
785,304774578,2024-06-11 01:09:05,2,0.324,0.32393526,58.76,BTC-27SEP24-50000-C,69368.16,sell,0.1,0.1,,,,
786,304774580,2024-06-11 01:09:05,3,0.324,0.32393526,58.76,BTC-27SEP24-50000-C,69368.16,sell,0.1,0.1,,,,
787,304774581,2024-06-11 01:09:05,3,0.324,0.32393526,58.77,BTC-27SEP24-50000-C,69364.94,sell,0.1,0.1,,,,
788,304774583,2024-06-11 01:09:05,3,0.324,0.32393526,58.77,BTC-27SEP24-50000-C,69364.94,sell,0.1,0.1,,,,
789,304774585,2024-06-11 01:09:06,3,0.324,0.3239295,58.8,BTC-27SEP24-50000-C,69357.28,sell,0.1,0.1,,,,
790,304775968,2024-06-11 01:37:22,3,0.324,0.32394209,58.69,BTC-27SEP24-50000-C,69377.48,sell,0.5,0.5,,,,
791,305323891,2024-06-14 12:28:30,2,0.3,0.29846132,57.34,BTC-27SEP24-50000-C,67178.4,sell,2.7,2.7,,,,
792,306081622,2024-06-21 14:32:53,2,0.263,0.26282788,55.27,BTC-27SEP24-50000-C,64167.72,buy,2.0,2.0,,,,
793,306096498,2024-06-21 16:23:38,2,0.2595,0.25901773,55.88,BTC-27SEP24-50000-C,63749.81,sell,0.2,0.2,,,,
794,306286746,2024-06-24 13:24:13,2,0.2325,0.23144385,55.03,BTC-27SEP24-50000-C,61142.84,buy,1.0,1.0,,,,
795,307145554,2024-07-02 17:28:02,2,0.229,0.22776233,50.74,BTC-27SEP24-50000-C,61894.1,sell,0.1,0.1,,,,
796,307416226,2024-07-04 10:54:08,2,0.1875,0.18717306,52.8,BTC-27SEP24-50000-C,57831.98,sell,1.0,1.0,,,,
797,307418675,2024-07-04 11:14:47,2,0.187,0.18708059,52.09,BTC-27SEP24-50000-C,57892.62,sell,1.4,1.4,,,,
798,307701236,2024-07-05 14:14:45,2,0.1595,0.16020268,50.37,BTC-27SEP24-50000-C,55567.0,sell,1.5,1.5,,,,
799,307736133,2024-07-05 18:07:26,0,0.1685,0.16956543,50.56,BTC-27SEP24-50000-C,56315.7,sell,0.1,0.1,,,,
800,307737188,2024-07-05 18:15:22,2,0.1665,0.16702664,50.95,BTC-27SEP24-50000-C,56052.47,sell,1.0,1.0,,,,
801,307737607,2024-07-05 18:16:43,2,0.165,0.16613953,50.57,BTC-27SEP24-50000-C,55964.84,sell,2.2,2.2,,,,
802,307827442,2024-07-06 18:32:48,0,0.1835,0.18357423,50.41,BTC-27SEP24-50000-C,57785.0,sell,2.0,2.0,,,,
803,307997455,2024-07-08 09:02:37,0,0.19,0.18959539,53.26,BTC-27SEP24-50000-C,58122.3,buy,0.3,0.3,,,,
804,308189729,2024-07-09 16:08:03,2,0.181,0.18120834,51.85,BTC-27SEP24-50000-C,57525.03,sell,0.3,0.3,,,,
805,308512802,2024-07-12 08:02:02,2,0.173,0.17301995,50.39,BTC-27SEP24-50000-C,57071.78,sell,0.5,0.5,,,,
806,308519524,2024-07-12 08:46:59,0,0.175,0.17431368,50.62,BTC-27SEP24-50000-C,57256.46,sell,0.2,0.2,,,,
807,308562099,2024-07-12 17:57:02,0,0.183,0.18450833,48.59,BTC-27SEP24-50000-C,58212.8,sell,4.0,4.0,,,,
808,308562100,2024-07-12 17:57:02,1,0.183,0.18450833,48.59,BTC-27SEP24-50000-C,58212.8,buy,1.0,1.0,,,,
809,308757358,2024-07-14 11:25:37,0,0.2075,0.20689664,51.33,BTC-27SEP24-50000-C,60025.82,sell,0.3,0.3,,,,
810,308926283,2024-07-15 12:13:40,0,0.234,0.23565207,51.24,BTC-27SEP24-50000-C,62626.93,sell,4.2,4.2,,,,
811,308926284,2024-07-15 12:13:40,2,0.2335,0.23565207,50.67,BTC-27SEP24-50000-C,62626.93,sell,4.0,4.0,,,,
812,308926285,2024-07-15 12:13:40,3,0.2335,0.23565207,50.67,BTC-27SEP24-50000-C,62626.93,sell,7.5,7.5,,,,
813,308926286,2024-07-15 12:13:40,3,0.2335,0.23565207,50.67,BTC-27SEP24-50000-C,62626.93,buy,0.3,0.3,,,,
814,308926314,2024-07-15 12:13:55,2,0.233,0.23551233,50.25,BTC-27SEP24-50000-C,62618.37,sell,7.6,7.6,,,,
815,308926599,2024-07-15 12:17:01,3,0.233,0.23487169,50.98,BTC-27SEP24-50000-C,62558.98,sell,2.5,2.5,,,,
816,309075040,2024-07-16 06:37:46,0,0.25,0.25071766,54.78,BTC-27SEP24-50000-C,63836.26,sell,0.2,0.2,,BTC-CS-27SEP24-50000_60000,,309075039
817,309230867,2024-07-17 00:45:07,0,0.27,0.26949355,58.36,BTC-27SEP24-50000-C,65578.27,buy,1.0,1.0,,,,
818,309468121,2024-07-18 11:47:46,2,0.258,0.25992546,55.74,BTC-27SEP24-50000-C,64723.36,sell,1.2,1.2,,,,
819,309660238,2024-07-19 15:40:59,0,0.27,0.26957672,60.24,BTC-27SEP24-50000-C,65582.83,buy,1.0,1.0,,,,
820,309854408,2024-07-21 06:37:48,0,0.28,0.28179602,59.43,BTC-27SEP24-50000-C,66697.74,buy,0.5,0.5,,,,
821,309870902,2024-07-21 13:27:10,0,0.2805,0.28320032,58.37,BTC-27SEP24-50000-C,66902.58,sell,3.0,3.0,,,,
822,309935614,2024-07-21 20:29:13,0,0.2985,0.29825391,66.15,BTC-27SEP24-50000-C,68106.47,sell,0.2,0.2,,,,
823,309935670,2024-07-21 20:29:22,1,0.2985,0.29823784,66.1,BTC-27SEP24-50000-C,68112.99,sell,0.3,0.3,,,,
824,309936307,2024-07-21 20:31:40,1,0.2985,0.29836034,66.12,BTC-27SEP24-50000-C,68112.17,sell,0.6,0.6,,,,
825,309936337,2024-07-21 20:31:46,1,0.2985,0.29815017,66.13,BTC-27SEP24-50000-C,68112.92,sell,0.1,0.1,,,,
826,309936359,2024-07-21 20:31:50,1,0.2985,0.29815738,66.49,BTC-27SEP24-50000-C,68086.64,sell,0.5,0.5,,,,
827,309936392,2024-07-21 20:31:53,1,0.2985,0.29805239,66.71,BTC-27SEP24-50000-C,68066.65,sell,0.2,0.2,,,,
828,309936407,2024-07-21 20:31:56,1,0.2985,0.29793744,66.91,BTC-27SEP24-50000-C,68066.65,sell,0.5,0.5,,,,
829,309936411,2024-07-21 20:31:58,1,0.2985,0.2977594,67.07,BTC-27SEP24-50000-C,68038.92,sell,0.7,0.7,,,,
830,309936413,2024-07-21 20:31:58,1,0.2985,0.2977594,67.07,BTC-27SEP24-50000-C,68038.92,sell,1.1,1.1,,,,
831,309936420,2024-07-21 20:32:00,1,0.2985,0.29767821,67.17,BTC-27SEP24-50000-C,68030.99,sell,0.5,0.5,,,,
832,309936423,2024-07-21 20:32:01,1,0.2985,0.29767821,67.17,BTC-27SEP24-50000-C,68030.99,sell,0.3,0.3,,,,
833,309972091,2024-07-22 01:54:34,2,0.295,0.29545364,64.43,BTC-27SEP24-50000-C,67867.88,buy,5.0,5.0,,,,
834,309972423,2024-07-22 01:58:06,3,0.295,0.29546275,64.41,BTC-27SEP24-50000-C,67866.06,buy,5.0,5.0,,,,
835,310022092,2024-07-22 09:32:35,2,0.288,0.28883881,63.42,BTC-27SEP24-50000-C,67271.44,buy,0.5,0.5,,,,
836,310069039,2024-07-22 16:14:56,2,0.287,0.28715639,64.57,BTC-27SEP24-50000-C,67128.63,buy,0.2,0.2,,,,
837,310351192,2024-07-24 14:08:39,2,0.277,0.27702723,61.49,BTC-27SEP24-50000-C,66546.55,buy,0.5,0.5,,,,
838,310608572,2024-07-25 22:08:21,2,0.27,0.26948636,60.5,BTC-27SEP24-50000-C,66081.85,buy,0.5,0.5,,,,
839,310701723,2024-07-26 09:16:53,0,0.282,0.28203997,61.5,BTC-27SEP24-50000-C,67187.62,buy,0.3,0.3,,,,
840,310701748,2024-07-26 09:17:01,1,0.282,0.28214045,61.35,BTC-27SEP24-50000-C,67198.91,buy,0.1,0.1,,,,
841,310701769,2024-07-26 09:17:04,1,0.282,0.28215083,61.32,BTC-27SEP24-50000-C,67201.34,buy,0.6,0.6,,,,
842,310702733,2024-07-26 09:23:12,1,0.282,0.28203225,61.4,BTC-27SEP24-50000-C,67209.77,buy,0.4,0.4,,,,
843,310702740,2024-07-26 09:23:12,1,0.282,0.28203225,61.4,BTC-27SEP24-50000-C,67209.77,buy,1.6,1.6,,,,
844,310702741,2024-07-26 09:23:12,1,0.282,0.28203225,61.4,BTC-27SEP24-50000-C,67209.77,buy,0.3,0.3,,,,
845,310702743,2024-07-26 09:23:12,1,0.282,0.28203225,61.4,BTC-27SEP24-50000-C,67209.77,buy,0.2,0.2,,,,
846,310702769,2024-07-26 09:23:24,1,0.282,0.28212792,61.25,BTC-27SEP24-50000-C,67217.75,buy,1.6,1.6,,,,
847,310702770,2024-07-26 09:23:24,1,0.282,0.28212792,61.25,BTC-27SEP24-50000-C,67217.75,buy,0.3,0.3,,,,
848,310702788,2024-07-26 09:23:26,1,0.282,0.28214131,61.23,BTC-27SEP24-50000-C,67218.56,buy,1.1,1.1,,,,
849,310702790,2024-07-26 09:23:26,1,0.282,0.28214131,61.23,BTC-27SEP24-50000-C,67218.56,buy,0.4,0.4,,,,
850,310702810,2024-07-26 09:23:28,1,0.282,0.2821817,61.17,BTC-27SEP24-50000-C,67222.75,buy,0.6,0.6,,,,
851,310702811,2024-07-26 09:23:28,1,0.282,0.2821817,61.17,BTC-27SEP24-50000-C,67222.75,buy,2.3,2.3,,,,
852,310702812,2024-07-26 09:23:28,1,0.282,0.2821817,61.17,BTC-27SEP24-50000-C,67222.75,buy,0.2,0.2,,,,
853,310726741,2024-07-26 13:36:41,0,0.285,0.28357589,62.44,BTC-27SEP24-50000-C,67465.01,buy,0.5,0.5,,,,
854,311169777,2024-07-29 08:10:02,0,0.3005,0.30256867,55.13,BTC-27SEP24-50000-C,69535.14,sell,1.0,1.0,,,,
855,311170292,2024-07-29 08:13:52,0,0.303,0.30408687,57.46,BTC-27SEP24-50000-C,69679.59,buy,0.5,0.5,,,,
856,311170700,2024-07-29 08:17:13,0,0.304,0.30441479,59.15,BTC-27SEP24-50000-C,69689.0,buy,0.5,0.5,,,,
857,311260210,2024-07-29 17:00:15,2,0.272,0.27442639,54.82,BTC-27SEP24-50000-C,66780.57,sell,10.0,10.0,,,,
858,311425708,2024-07-30 20:28:49,2,0.262,0.26350953,52.38,BTC-27SEP24-50000-C,65954.66,sell,0.1,0.1,,,,
859,311768323,2024-08-01 21:13:45,2,0.246,0.24606316,53.44,BTC-27SEP24-50000-C,64683.11,sell,0.3,0.3,,,,
860,311789782,2024-08-01 23:40:34,0,0.252,0.25166035,54.69,BTC-27SEP24-50000-C,65151.62,sell,0.5,0.5,,,,
861,312053658,2024-08-03 13:32:13,2,0.213,0.21308978,52.42,BTC-27SEP24-50000-C,61859.46,buy,3.6,3.6,,,,
862,312053661,2024-08-03 13:32:13,3,0.213,0.21308609,52.42,BTC-27SEP24-50000-C,61859.92,buy,0.2,0.2,,,,
863,312053663,2024-08-03 13:32:16,3,0.213,0.21316481,52.29,BTC-27SEP24-50000-C,61867.68,buy,0.8,0.8,,,,
864,312053664,2024-08-03 13:32:16,3,0.213,0.21316481,52.29,BTC-27SEP24-50000-C,61867.68,buy,2.4,2.4,,,,
865,312141529,2024-08-04 10:17:28,2,0.201,0.20147194,55.13,BTC-27SEP24-50000-C,60586.7,buy,0.1,0.1,,,,
866,312141669,2024-08-04 10:24:17,0,0.202,0.20258779,55.01,BTC-27SEP24-50000-C,60674.24,buy,0.1,0.1,,,,
867,312142467,2024-08-04 10:52:59,0,0.2025,0.20308589,55.08,BTC-27SEP24-50000-C,60719.88,buy,0.1,0.1,,,,
868,312142730,2024-08-04 10:55:06,0,0.203,0.20297267,55.84,BTC-27SEP24-50000-C,60712.35,buy,0.1,0.1,,,,
869,312392586,2024-08-05 03:18:17,2,0.1325,0.13191936,56.44,BTC-27SEP24-50000-C,54189.06,buy,1.0,1.0,,,,
870,312499728,2024-08-05 06:44:54,2,0.123,0.1245411,76.82,BTC-27SEP24-50000-C,50395.62,sell,21.0,21.0,,,,
871,312499784,2024-08-05 06:45:05,0,0.1235,0.12439193,77.02,BTC-27SEP24-50000-C,50395.57,sell,5.3,5.3,,,,
872,312499786,2024-08-05 06:45:06,1,0.1235,0.12453478,77.01,BTC-27SEP24-50000-C,50395.57,sell,0.3,0.3,,,,
873,312499788,2024-08-05 06:45:06,1,0.1235,0.12453478,77.01,BTC-27SEP24-50000-C,50395.57,sell,0.2,0.2,,,,
874,312499789,2024-08-05 06:45:06,1,0.1235,0.12453478,77.01,BTC-27SEP24-50000-C,50395.57,sell,0.2,0.2,,,,
875,312499791,2024-08-05 06:45:06,1,0.1235,0.12453478,77.01,BTC-27SEP24-50000-C,50395.57,sell,0.2,0.2,,,,
876,312499812,2024-08-05 06:45:08,0,0.124,0.12454024,77.36,BTC-27SEP24-50000-C,50395.57,sell,1.0,1.0,,,,
877,312500000,2024-08-05 06:45:18,0,0.1245,0.12621085,76.55,BTC-27SEP24-50000-C,50592.03,sell,5.2,5.2,,,,
878,312500006,2024-08-05 06:45:18,1,0.1245,0.12621085,76.55,BTC-27SEP24-50000-C,50592.03,sell,5.2,5.2,,,,
879,312506568,2024-08-05 06:53:31,2,0.1225,0.12407398,71.25,BTC-27SEP24-50000-C,51220.73,sell,1.0,1.0,,,,
880,312506569,2024-08-05 06:53:31,3,0.1225,0.12407398,71.25,BTC-27SEP24-50000-C,51220.73,sell,0.5,0.5,,,,
881,312508358,2024-08-05 06:56:09,2,0.121,0.12250202,70.08,BTC-27SEP24-50000-C,51216.18,sell,0.1,0.1,,,,
882,312508359,2024-08-05 06:56:09,3,0.121,0.12250202,70.08,BTC-27SEP24-50000-C,51216.18,sell,0.1,0.1,,,,
883,312516932,2024-08-05 07:14:14,2,0.119,0.11959346,65.64,BTC-27SEP24-50000-C,51671.24,buy,1.0,1.0,,,,
884,312522929,2024-08-05 07:25:24,0,0.122,0.1238188,63.15,BTC-27SEP24-50000-C,52362.89,sell,1.0,1.0,,,,
885,312526330,2024-08-05 07:31:31,0,0.1235,0.12492405,62.65,BTC-27SEP24-50000-C,52600.02,sell,1.0,1.0,,,,
886,312527992,2024-08-05 07:34:35,2,0.1205,0.12199464,61.96,BTC-27SEP24-50000-C,52390.04,sell,6.0,6.0,,,,
887,312545517,2024-08-05 08:06:10,0,0.1225,0.1233952,60.51,BTC-27SEP24-50000-C,52798.48,sell,1.0,1.0,,,,
888,312562138,2024-08-05 09:10:08,2,0.1215,0.12189909,59.65,BTC-27SEP24-50000-C,52757.35,sell,0.3,0.3,,,,
889,312562139,2024-08-05 09:10:08,3,0.1215,0.12189909,59.65,BTC-27SEP24-50000-C,52757.35,sell,0.3,0.3,,,,
890,312562140,2024-08-05 09:10:08,3,0.1215,0.12189909,59.65,BTC-27SEP24-50000-C,52757.35,sell,0.2,0.2,,,,
891,312606544,2024-08-05 11:18:33,2,0.117,0.1165262,63.54,BTC-27SEP24-50000-C,51705.66,buy,8.8,8.8,,,,
892,312606545,2024-08-05 11:18:33,3,0.117,0.1165262,63.54,BTC-27SEP24-50000-C,51705.66,buy,1.0,1.0,,,,
893,312606546,2024-08-05 11:18:33,3,0.117,0.1165262,63.54,BTC-27SEP24-50000-C,51705.66,buy,1.8,1.8,,,,
894,312613634,2024-08-05 11:36:11,2,0.1105,0.10963521,63.6,BTC-27SEP24-50000-C,51009.9,buy,1.0,1.0,,,,
895,312613938,2024-08-05 11:37:05,3,0.1105,0.10965685,63.82,BTC-27SEP24-50000-C,50973.21,buy,1.0,1.0,,,,
896,312626603,2024-08-05 12:12:16,0,0.113,0.11318597,63.58,BTC-27SEP24-50000-C,51243.85,sell,0.1,0.1,,,,
897,312626770,2024-08-05 12:12:42,2,0.1125,0.11264421,63.64,BTC-27SEP24-50000-C,51181.93,sell,0.9,0.9,,,,
898,312636309,2024-08-05 12:30:19,2,0.1055,0.10415911,64.56,BTC-27SEP24-50000-C,50154.94,buy,4.9,4.9,,,,
899,312637077,2024-08-05 12:31:43,2,0.105,0.10561174,63.6,BTC-27SEP24-50000-C,50393.57,buy,3.4,3.4,,,,
900,312637078,2024-08-05 12:31:43,3,0.105,0.10561174,63.6,BTC-27SEP24-50000-C,50393.57,buy,16.6,16.6,,,,
901,312639509,2024-08-05 12:33:50,2,0.099,0.10081962,62.82,BTC-27SEP24-50000-C,49879.42,sell,0.5,0.5,,,,
902,312647715,2024-08-05 12:46:20,0,0.1085,0.10830845,64.45,BTC-27SEP24-50000-C,50899.19,buy,1.6,1.6,,,,
903,312651138,2024-08-05 12:53:02,2,0.105,0.10517724,64.17,BTC-27SEP24-50000-C,50309.83,sell,3.4,3.4,,,,
904,312653887,2024-08-05 12:55:29,2,0.1,0.10054385,64.37,BTC-27SEP24-50000-C,49740.98,sell,1.0,1.0,,,,
905,312655200,2024-08-05 12:56:13,3,0.1,0.10042958,64.54,BTC-27SEP24-50000-C,49706.89,sell,1.0,1.0,,,,
906,312665539,2024-08-05 13:14:42,0,0.1035,0.10412779,63.9,BTC-27SEP24-50000-C,50149.57,sell,0.9,0.9,,,,
907,312672673,2024-08-05 13:30:21,2,0.1025,0.1002479,65.14,BTC-27SEP24-50000-C,49805.79,buy,1.7,1.7,,,,
908,312672674,2024-08-05 13:30:21,3,0.1025,0.1002479,65.14,BTC-27SEP24-50000-C,49805.79,buy,5.0,5.0,,,,
909,312675078,2024-08-05 13:31:40,0,0.1055,0.10545388,64.28,BTC-27SEP24-50000-C,50285.43,sell,1.0,1.0,,,,
910,312675641,2024-08-05 13:32:30,0,0.107,0.10679548,64.39,BTC-27SEP24-50000-C,50420.98,sell,1.5,1.5,,,,
911,312676215,2024-08-05 13:33:16,0,0.11,0.10891411,64.41,BTC-27SEP24-50000-C,50732.73,buy,2.0,2.0,,,,
912,312703052,2024-08-05 14:00:18,0,0.125,0.12301937,62.82,BTC-27SEP24-50000-C,52507.18,buy,1.0,1.0,,,,
913,312725643,2024-08-05 14:23:04,0,0.127,0.12858981,59.36,BTC-27SEP24-50000-C,53316.46,sell,0.9,0.9,,,,
914,312756230,2024-08-05 15:19:17,0,0.1395,0.13968233,60.02,BTC-27SEP24-50000-C,54363.11,sell,0.3,0.3,,,,
915,312787278,2024-08-05 16:47:08,1,0.1395,0.13896531,59.29,BTC-27SEP24-50000-C,54446.68,buy,0.1,0.1,,,,
916,312787315,2024-08-05 16:47:11,2,0.139,0.13943633,58.75,BTC-27SEP24-50000-C,54464.55,sell,0.1,0.1,,,,
917,312793296,2024-08-05 17:01:34,2,0.1375,0.13659603,59.71,BTC-27SEP24-50000-C,54223.12,buy,1.0,1.0,,,,
918,312793706,2024-08-05 17:02:55,2,0.137,0.13597874,59.62,BTC-27SEP24-50000-C,54169.66,buy,1.0,1.0,,,,
919,312794125,2024-08-05 17:05:07,0,0.1375,0.13675734,59.68,BTC-27SEP24-50000-C,54211.1,buy,1.0,1.0,,,,
920,312795268,2024-08-05 17:07:14,2,0.134,0.13450794,58.9,BTC-27SEP24-50000-C,53983.25,sell,0.3,0.3,,,,
921,312795820,2024-08-05 17:08:06,0,0.1345,0.13302603,60.33,BTC-27SEP24-50000-C,53855.34,buy,2.0,2.0,,,,
922,312795821,2024-08-05 17:08:06,1,0.1345,0.13302603,60.33,BTC-27SEP24-50000-C,53855.34,buy,2.0,2.0,,,,
923,312795848,2024-08-05 17:08:08,1,0.1345,0.1332515,60.14,BTC-27SEP24-50000-C,53855.34,buy,2.4,2.4,,,,
924,312799414,2024-08-05 17:22:04,0,0.1425,0.14155157,60.79,BTC-27SEP24-50000-C,54558.03,buy,1.0,1.0,,,,
925,312800489,2024-08-05 17:28:33,2,0.1415,0.14214974,60.04,BTC-27SEP24-50000-C,54590.22,sell,0.9,0.9,,,,
926,312800510,2024-08-05 17:28:57,2,0.141,0.14125448,60.14,BTC-27SEP24-50000-C,54509.73,sell,0.9,0.9,,,,
927,312800532,2024-08-05 17:29:03,2,0.1405,0.1408351,60.09,BTC-27SEP24-50000-C,54469.84,sell,0.9,0.9,,,,
928,312800533,2024-08-05 17:29:03,3,0.1405,0.1408351,60.09,BTC-27SEP24-50000-C,54469.84,sell,1.0,1.0,,,,
929,312801772,2024-08-05 17:39:15,0,0.141,0.14147854,60.13,BTC-27SEP24-50000-C,54502.18,sell,0.9,0.9,,,,
930,312801773,2024-08-05 17:39:15,1,0.141,0.14147854,60.13,BTC-27SEP24-50000-C,54502.18,sell,1.0,1.0,,,,
931,312801956,2024-08-05 17:39:16,1,0.141,0.14144387,60.14,BTC-27SEP24-50000-C,54502.18,sell,0.9,0.9,,,,
932,312802811,2024-08-05 17:45:54,0,0.142,0.14270344,60.18,BTC-27SEP24-50000-C,54666.54,sell,1.0,1.0,,,,
933,312802812,2024-08-05 17:45:54,1,0.142,0.14270344,60.18,BTC-27SEP24-50000-C,54666.54,sell,2.0,2.0,,,,
934,312803189,2024-08-05 17:47:08,2,0.1415,0.14191133,60.38,BTC-27SEP24-50000-C,54547.68,sell,1.0,1.0,,,,
935,312803407,2024-08-05 17:48:12,0,0.144,0.14368446,60.9,BTC-27SEP24-50000-C,54709.41,buy,1.0,1.0,,,,
936,312804925,2024-08-05 17:52:27,0,0.148,0.14684884,61.48,BTC-27SEP24-50000-C,55020.22,buy,3.0,3.0,,,,
937,312806376,2024-08-05 18:02:09,2,0.144,0.14343513,61.13,BTC-27SEP24-50000-C,54681.42,buy,1.0,1.0,,,,
938,312807028,2024-08-05 18:10:15,2,0.1415,0.14180289,60.51,BTC-27SEP24-50000-C,54509.62,sell,1.0,1.0,,,,
939,312807389,2024-08-05 18:13:45,2,0.141,0.1411432,60.65,BTC-27SEP24-50000-C,54437.59,sell,1.0,1.0,,,,
940,312807528,2024-08-05 18:14:40,2,0.14,0.14032262,60.56,BTC-27SEP24-50000-C,54355.81,sell,1.0,1.0,,,,
941,312809506,2024-08-05 18:23:03,2,0.1355,0.13610187,60.27,BTC-27SEP24-50000-C,53952.76,sell,1.0,1.0,,,,
942,312816448,2024-08-05 18:52:12,2,0.1315,0.13101355,61.17,BTC-27SEP24-50000-C,53415.37,buy,1.0,1.0,,,,
943,312816735,2024-08-05 18:53:30,2,0.131,0.13050196,61.28,BTC-27SEP24-50000-C,53373.82,buy,1.0,1.0,,,,
944,312816736,2024-08-05 18:53:30,3,0.131,0.13050196,61.28,BTC-27SEP24-50000-C,53373.82,buy,1.0,1.0,,,,
945,312817732,2024-08-05 18:59:06,2,0.129,0.12929764,60.66,BTC-27SEP24-50000-C,53259.0,sell,1.0,1.0,,,,
946,312820699,2024-08-05 19:08:40,2,0.128,0.12834343,60.62,BTC-27SEP24-50000-C,53232.31,sell,1.0,1.0,,,,
947,312824664,2024-08-05 19:19:03,2,0.123,0.12242981,61.27,BTC-27SEP24-50000-C,52581.96,buy,0.9,0.9,,,,
