trade_seq,trade_id,timestamp,tick_direction,price,mark_price,iv,instrument_name,index_price,direction,contracts,amount,block_trade_id,combo_trade_id,combo_id,liquidation
944,283192514,2024-02-09 14:03:09,2,0.039,0.03939062,59.15,BTC-28JUN24-70000-C,47478.46,sell,1.1,1.1,,,,
945,283195601,2024-02-09 14:16:10,0,0.04,0.03933672,59.63,BTC-28JUN24-70000-C,47504.18,buy,2.1,2.1,,,,
946,283195602,2024-02-09 14:16:10,1,0.04,0.03933672,59.63,BTC-28JUN24-70000-C,47504.18,buy,2.1,2.1,,,,
947,283195603,2024-02-09 14:16:10,1,0.04,0.03933672,59.63,BTC-28JUN24-70000-C,47504.18,buy,2.1,2.1,,,,
948,283195604,2024-02-09 14:16:10,1,0.04,0.03933672,59.63,BTC-28JUN24-70000-C,47504.18,buy,2.1,2.1,,,,
949,283195605,2024-02-09 14:16:10,1,0.04,0.03933672,59.63,BTC-28JUN24-70000-C,47504.18,buy,2.1,2.1,,,,
950,283195606,2024-02-09 14:16:10,1,0.04,0.03933672,59.63,BTC-28JUN24-70000-C,47504.18,buy,1.2,1.2,,,,
951,283196113,2024-02-09 14:17:19,1,0.04,0.03910922,59.84,BTC-28JUN24-70000-C,47391.45,buy,9.6,9.6,,,,
952,283196114,2024-02-09 14:17:19,0,0.0405,0.03910922,60.11,BTC-28JUN24-70000-C,47391.45,buy,6.0,6.0,,,,
953,283196118,2024-02-09 14:17:19,1,0.0405,0.03910922,60.11,BTC-28JUN24-70000-C,47391.45,sell,2.0,2.0,,,,
954,283202146,2024-02-09 14:23:23,1,0.0405,0.041164,61.02,BTC-28JUN24-70000-C,46940.49,sell,22.4,22.4,,,,
955,283218860,2024-02-09 15:32:06,0,0.0432,0.04057431,61.99,BTC-28JUN24-70000-C,47188.43,buy,500.0,500.0,125295,,,
956,283222961,2024-02-09 15:47:12,2,0.042,0.04093284,61.21,BTC-28JUN24-70000-C,47251.68,buy,12.0,12.0,,,,
957,283222962,2024-02-09 15:47:12,3,0.042,0.04093284,61.21,BTC-28JUN24-70000-C,47251.68,buy,2.5,2.5,,,,
958,283222963,2024-02-09 15:47:12,3,0.042,0.04093284,61.21,BTC-28JUN24-70000-C,47251.68,buy,6.0,6.0,,,,
959,283222964,2024-02-09 15:47:12,3,0.042,0.04093284,61.21,BTC-28JUN24-70000-C,47251.68,buy,6.0,6.0,,,,
960,283236572,2024-02-09 17:25:41,0,0.0455,0.04231703,62.41,BTC-28JUN24-70000-C,47573.17,buy,500.0,500.0,125305,,,
961,283242850,2024-02-09 18:01:21,2,0.042,0.04348225,60.05,BTC-28JUN24-70000-C,47809.08,sell,0.1,0.1,,,,
962,283255721,2024-02-09 18:55:18,0,0.044,0.04419642,61.23,BTC-28JUN24-70000-C,47742.99,sell,5.0,5.0,,,,
963,283256751,2024-02-09 18:57:02,2,0.0435,0.04335357,61.34,BTC-28JUN24-70000-C,47554.77,buy,1.9,1.9,,,,
964,283264697,2024-02-09 19:43:43,2,0.042,0.04228512,60.58,BTC-28JUN24-70000-C,47575.95,sell,0.1,0.1,,,,
965,283264871,2024-02-09 19:45:44,3,0.042,0.0420106,60.72,BTC-28JUN24-70000-C,47519.7,buy,0.1,0.1,,,,
966,283265304,2024-02-09 19:48:35,3,0.042,0.04203845,60.7,BTC-28JUN24-70000-C,47530.77,sell,4.9,4.9,,,,
967,283265636,2024-02-09 19:52:37,2,0.0415,0.04179887,60.57,BTC-28JUN24-70000-C,47473.73,sell,0.2,0.2,,,,
968,283265763,2024-02-09 19:55:19,3,0.0415,0.04183942,60.52,BTC-28JUN24-70000-C,47487.3,sell,0.1,0.1,,,,
969,283265824,2024-02-09 19:55:55,3,0.0415,0.0417423,60.58,BTC-28JUN24-70000-C,47467.03,sell,0.1,0.1,,,,
970,283274330,2024-02-09 21:13:46,0,0.042,0.04182604,60.97,BTC-28JUN24-70000-C,47438.39,buy,5.0,5.0,,,,
971,283274366,2024-02-09 21:13:58,1,0.042,0.04186271,60.95,BTC-28JUN24-70000-C,47438.44,buy,5.0,5.0,,,,
972,283274532,2024-02-09 21:14:47,2,0.0415,0.04172542,60.73,BTC-28JUN24-70000-C,47413.12,sell,1.0,1.0,,,,
973,283274696,2024-02-09 21:17:03,0,0.042,0.04183757,60.91,BTC-28JUN24-70000-C,47456.34,buy,5.0,5.0,,,,
974,283275004,2024-02-09 21:22:51,2,0.0415,0.04189119,60.53,BTC-28JUN24-70000-C,47511.35,sell,12.0,12.0,,,,
975,283275005,2024-02-09 21:22:51,3,0.0415,0.04189119,60.53,BTC-28JUN24-70000-C,47511.35,sell,1.1,1.1,,,,
976,283275006,2024-02-09 21:22:51,3,0.0415,0.04189119,60.53,BTC-28JUN24-70000-C,47511.35,buy,1.9,1.9,,,,
977,283275008,2024-02-09 21:22:52,3,0.0415,0.04188828,60.53,BTC-28JUN24-70000-C,47511.35,buy,0.1,0.1,,,,
978,283275018,2024-02-09 21:22:56,3,0.0415,0.04188138,60.53,BTC-28JUN24-70000-C,47510.21,buy,0.1,0.1,,,,
979,283275077,2024-02-09 21:23:07,3,0.0415,0.04176834,60.59,BTC-28JUN24-70000-C,47486.62,buy,5.0,5.0,,,,
980,283275078,2024-02-09 21:23:07,3,0.0415,0.04176834,60.59,BTC-28JUN24-70000-C,47486.62,buy,1.9,1.9,,,,
981,283275079,2024-02-09 21:23:07,3,0.0415,0.04176834,60.59,BTC-28JUN24-70000-C,47486.62,buy,0.4,0.4,,,,
982,283275230,2024-02-09 21:25:14,2,0.041,0.04152045,60.36,BTC-28JUN24-70000-C,47480.55,buy,37.5,37.5,,,,
983,283308222,2024-02-10 08:36:01,2,0.0395,0.03916285,60.34,BTC-28JUN24-70000-C,47218.1,buy,0.1,0.1,,,,
984,283341533,2024-02-10 20:46:34,0,0.041,0.04137863,59.55,BTC-28JUN24-70000-C,48002.98,buy,5.0,5.0,,,,
985,283343449,2024-02-10 20:50:33,0,0.042,0.04128201,60.08,BTC-28JUN24-70000-C,48006.64,buy,0.7,0.7,,,,
986,283343450,2024-02-10 20:50:33,1,0.042,0.04128201,60.08,BTC-28JUN24-70000-C,48006.64,buy,1.0,1.0,,,,
987,283355561,2024-02-10 23:12:02,0,0.0425,0.04290573,60.61,BTC-28JUN24-70000-C,47879.58,buy,0.1,0.1,,,,
988,283361743,2024-02-11 01:44:14,0,0.043,0.04213987,61.28,BTC-28JUN24-70000-C,47708.8,buy,1.5,1.5,,,,
989,283417368,2024-02-11 12:47:44,0,0.0465,0.04578493,61.61,BTC-28JUN24-70000-C,48332.64,buy,0.1,0.1,,,,
990,283417369,2024-02-11 12:47:44,1,0.0465,0.04578493,61.61,BTC-28JUN24-70000-C,48332.64,buy,3.4,3.4,,,,
991,283454728,2024-02-11 22:46:23,2,0.046,0.04524082,61.68,BTC-28JUN24-70000-C,48190.5,sell,0.1,0.1,,,,
992,283454732,2024-02-11 22:47:31,3,0.046,0.04532793,61.68,BTC-28JUN24-70000-C,48188.52,sell,0.1,0.1,,,,
993,283454733,2024-02-11 22:47:31,3,0.046,0.04532793,61.68,BTC-28JUN24-70000-C,48188.52,sell,0.1,0.1,,,,
994,283454734,2024-02-11 22:47:31,3,0.046,0.04532793,61.68,BTC-28JUN24-70000-C,48188.52,sell,0.1,0.1,,,,
995,283454735,2024-02-11 22:47:31,3,0.046,0.04532793,61.68,BTC-28JUN24-70000-C,48188.52,sell,0.1,0.1,,,,
996,283454736,2024-02-11 22:47:31,3,0.046,0.04532793,61.68,BTC-28JUN24-70000-C,48188.52,sell,0.1,0.1,,,,
997,283454744,2024-02-11 22:48:56,3,0.046,0.04537951,61.69,BTC-28JUN24-70000-C,48187.46,sell,0.3,0.3,,,,
998,283482581,2024-02-12 04:37:30,2,0.0445,0.04469534,61.13,BTC-28JUN24-70000-C,48111.09,sell,1.3,1.3,,,,
999,283516795,2024-02-12 13:17:13,0,0.0465,0.04538753,62.57,BTC-28JUN24-70000-C,47948.69,buy,4.6,4.6,,,,
1000,283516796,2024-02-12 13:17:13,1,0.0465,0.04538753,62.57,BTC-28JUN24-70000-C,47948.69,buy,6.0,6.0,,,,
1001,283516797,2024-02-12 13:17:13,1,0.0465,0.04538753,62.57,BTC-28JUN24-70000-C,47948.69,sell,6.2,6.2,,,,
1002,283516798,2024-02-12 13:17:13,1,0.0465,0.04538753,62.57,BTC-28JUN24-70000-C,47948.69,sell,2.4,2.4,,,,
1003,283516799,2024-02-12 13:17:18,1,0.0465,0.04548483,62.57,BTC-28JUN24-70000-C,47948.69,buy,6.0,6.0,,,,
1004,283516804,2024-02-12 13:17:23,1,0.0465,0.04556242,62.57,BTC-28JUN24-70000-C,47948.29,buy,6.0,6.0,,,,
1005,283524205,2024-02-12 14:37:51,0,0.054,0.05337273,65.38,BTC-28JUN24-70000-C,48333.93,buy,0.1,0.1,,,,
1006,283536499,2024-02-12 15:10:19,0,0.058,0.0578941,65.62,BTC-28JUN24-70000-C,49067.1,sell,1.0,1.0,,,,M
1007,283539808,2024-02-12 15:14:21,2,0.0575,0.05810058,65.33,BTC-28JUN24-70000-C,49094.64,buy,1.0,1.0,,,,
1008,283542417,2024-02-12 15:19:27,2,0.0572,0.05746938,65.73,BTC-28JUN24-70000-C,48843.55,sell,35.0,35.0,125476,,BTC-CS-28JUN24-60000_70000,
1009,283581883,2024-02-12 16:26:03,0,0.0595,0.06029118,64.73,BTC-28JUN24-70000-C,49764.9,sell,0.8,0.8,,,,
1010,283581884,2024-02-12 16:26:03,1,0.0595,0.06029118,64.73,BTC-28JUN24-70000-C,49764.9,sell,0.2,0.2,,,,
1011,283622038,2024-02-12 19:03:09,1,0.0595,0.05940886,64.83,BTC-28JUN24-70000-C,49725.35,sell,0.8,0.8,,,,
1012,283637128,2024-02-12 20:54:48,0,0.06,0.05996677,63.93,BTC-28JUN24-70000-C,50243.18,buy,0.1,0.1,,,,
1013,283648805,2024-02-12 22:30:09,2,0.059,0.05921645,63.82,BTC-28JUN24-70000-C,50064.48,sell,0.1,0.1,,,,
1014,283648806,2024-02-12 22:30:09,3,0.059,0.05921645,63.82,BTC-28JUN24-70000-C,50064.48,sell,0.9,0.9,,,,
1015,283650351,2024-02-12 22:51:30,0,0.0595,0.05936302,64.16,BTC-28JUN24-70000-C,50012.17,sell,1.0,1.0,,,,
1016,283659707,2024-02-13 01:04:46,2,0.059,0.05949128,63.46,BTC-28JUN24-70000-C,50232.8,sell,0.1,0.1,,,,
1017,283663131,2024-02-13 01:38:07,3,0.059,0.05953393,63.49,BTC-28JUN24-70000-C,50215.26,sell,0.1,0.1,,,,
1018,283663185,2024-02-13 01:38:21,3,0.059,0.05943808,63.53,BTC-28JUN24-70000-C,50193.31,sell,0.1,0.1,,,,
1019,283664945,2024-02-13 01:55:25,2,0.0585,0.05797785,63.69,BTC-28JUN24-70000-C,50038.45,buy,4.0,4.0,,,,
1020,283664946,2024-02-13 01:55:25,3,0.0585,0.05797785,63.69,BTC-28JUN24-70000-C,50038.45,buy,0.9,0.9,,,,
1021,283666515,2024-02-13 02:14:37,2,0.058,0.05794898,63.52,BTC-28JUN24-70000-C,50017.85,sell,1.0,1.0,,,,
1022,283667428,2024-02-13 02:30:08,3,0.058,0.05804819,63.37,BTC-28JUN24-70000-C,50094.68,sell,3.0,3.0,,,,
1023,283669425,2024-02-13 02:57:10,2,0.0575,0.05735824,63.38,BTC-28JUN24-70000-C,49976.01,sell,1.0,1.0,,,,
1024,283680276,2024-02-13 07:24:20,0,0.0595,0.05921156,64.02,BTC-28JUN24-70000-C,50110.09,sell,0.2,0.2,,,,
1025,283685474,2024-02-13 08:10:43,2,0.059,0.05998658,63.91,BTC-28JUN24-70000-C,50028.28,sell,10.0,10.0,,,,
1026,283702561,2024-02-13 11:15:35,2,0.0585,0.0583556,64.58,BTC-28JUN24-70000-C,49714.08,sell,2.1,2.1,,,,
1027,283702562,2024-02-13 11:15:35,3,0.0585,0.0583556,64.58,BTC-28JUN24-70000-C,49714.08,sell,0.1,0.1,,,,
1028,283702613,2024-02-13 11:15:37,3,0.0585,0.05825285,64.61,BTC-28JUN24-70000-C,49703.66,sell,2.0,2.0,,,,
1029,283702768,2024-02-13 11:15:54,3,0.0585,0.05822107,64.65,BTC-28JUN24-70000-C,49679.8,sell,2.0,2.0,,,,
1030,283702769,2024-02-13 11:15:54,3,0.0585,0.05818157,64.65,BTC-28JUN24-70000-C,49679.8,sell,0.4,0.4,,,,
1031,283705611,2024-02-13 11:50:36,0,0.059,0.05942854,64.22,BTC-28JUN24-70000-C,49985.97,sell,1.0,1.0,,,,
1032,283706470,2024-02-13 12:00:35,1,0.059,0.05944281,64.22,BTC-28JUN24-70000-C,49997.67,sell,2.0,2.0,,,,
1033,283706786,2024-02-13 12:04:07,1,0.059,0.05922888,64.37,BTC-28JUN24-70000-C,49942.5,sell,5.0,5.0,,,,
1034,283706789,2024-02-13 12:04:08,1,0.059,0.05925168,64.36,BTC-28JUN24-70000-C,49948.17,sell,0.4,0.4,,,,
1035,283708303,2024-02-13 12:30:16,2,0.0585,0.05865071,64.28,BTC-28JUN24-70000-C,49880.34,buy,1.7,1.7,,,,
1036,283747795,2024-02-13 15:06:31,2,0.0515,0.05166517,63.67,BTC-28JUN24-70000-C,48681.34,buy,1.8,1.8,,,,
1037,283747796,2024-02-13 15:06:31,3,0.0515,0.05166517,63.67,BTC-28JUN24-70000-C,48681.34,buy,0.4,0.4,,,,
1038,283747877,2024-02-13 15:06:48,3,0.0515,0.05184115,63.55,BTC-28JUN24-70000-C,48737.41,buy,1.8,1.8,,,,
1039,283747878,2024-02-13 15:06:49,3,0.0515,0.05186644,63.51,BTC-28JUN24-70000-C,48753.73,buy,1.9,1.9,,,,
1040,283747997,2024-02-13 15:06:52,3,0.0515,0.05180802,63.56,BTC-28JUN24-70000-C,48731.7,buy,1.3,1.3,,,,
1041,283759622,2024-02-13 16:25:57,3,0.0515,0.05101143,63.71,BTC-28JUN24-70000-C,48704.47,buy,9.5,9.5,,,,
1042,283759623,2024-02-13 16:25:57,3,0.0515,0.05101143,63.71,BTC-28JUN24-70000-C,48704.47,buy,0.9,0.9,,,,
1043,283759624,2024-02-13 16:25:57,3,0.0515,0.05101143,63.71,BTC-28JUN24-70000-C,48704.47,buy,20.0,20.0,,,,
1044,283759625,2024-02-13 16:25:57,3,0.0515,0.05101143,63.71,BTC-28JUN24-70000-C,48704.47,buy,10.0,10.0,,,,
1045,283759639,2024-02-13 16:25:57,3,0.0515,0.0510158,63.7,BTC-28JUN24-70000-C,48706.44,sell,0.9,0.9,,,,
1046,283759813,2024-02-13 16:27:23,0,0.052,0.05147278,63.8,BTC-28JUN24-70000-C,48775.61,sell,1.3,1.3,,,,
1047,283759814,2024-02-13 16:27:23,1,0.052,0.05147278,63.8,BTC-28JUN24-70000-C,48775.61,sell,0.3,0.3,,,,
1048,283759816,2024-02-13 16:27:27,1,0.052,0.05149698,63.79,BTC-28JUN24-70000-C,48779.27,sell,1.3,1.3,,,,
1049,283759817,2024-02-13 16:27:27,1,0.052,0.05149698,63.79,BTC-28JUN24-70000-C,48779.27,sell,0.3,0.3,,,,
1050,283759819,2024-02-13 16:27:31,1,0.052,0.0514863,63.8,BTC-28JUN24-70000-C,48772.8,sell,1.4,1.4,,,,
1051,283759831,2024-02-13 16:27:38,1,0.052,0.05149056,63.8,BTC-28JUN24-70000-C,48773.3,sell,1.7,1.7,,,,
1052,283759832,2024-02-13 16:27:38,1,0.052,0.05149056,63.8,BTC-28JUN24-70000-C,48773.3,sell,0.4,0.4,,,,
1053,283759834,2024-02-13 16:27:40,1,0.052,0.05148056,63.81,BTC-28JUN24-70000-C,48768.57,sell,2.0,2.0,,,,
1054,283760231,2024-02-13 16:31:41,1,0.052,0.05186277,63.65,BTC-28JUN24-70000-C,48836.23,sell,1.8,1.8,,,,
1055,283760268,2024-02-13 16:32:23,1,0.052,0.05194739,63.63,BTC-28JUN24-70000-C,48848.79,sell,2.0,2.0,,,,
1056,283760362,2024-02-13 16:33:53,1,0.052,0.05185139,63.72,BTC-28JUN24-70000-C,48807.66,sell,2.0,2.0,,,,
1057,283760392,2024-02-13 16:34:05,1,0.052,0.05180454,63.78,BTC-28JUN24-70000-C,48781.79,sell,2.0,2.0,,,,
1058,283773925,2024-02-13 17:56:23,2,0.051,0.05113624,63.29,BTC-28JUN24-70000-C,48838.5,buy,0.2,0.2,,,,
1059,283846643,2024-02-14 09:01:11,0,0.0595,0.06046998,62.86,BTC-28JUN24-70000-C,50804.33,sell,1.0,1.0,,,,
1060,283886782,2024-02-14 10:28:42,0,0.064,0.06510019,63.68,BTC-28JUN24-70000-C,51361.76,sell,3.6,3.6,,,,
1061,283886783,2024-02-14 10:28:42,1,0.064,0.06510019,63.68,BTC-28JUN24-70000-C,51361.76,sell,1.4,1.4,,,,
1062,283890530,2024-02-14 10:45:56,0,0.065,0.06527947,64.02,BTC-28JUN24-70000-C,51418.0,buy,0.1,0.1,,,,
1063,283898354,2024-02-14 11:21:56,2,0.0635,0.06497381,63.52,BTC-28JUN24-70000-C,51320.39,sell,5.0,5.0,,,,
1064,283898863,2024-02-14 11:25:52,0,0.0645,0.06466658,64.03,BTC-28JUN24-70000-C,51304.06,buy,8.4,8.4,,,,
1065,283924190,2024-02-14 12:32:19,0,0.0685,0.06908136,64.67,BTC-28JUN24-70000-C,51754.62,sell,0.1,0.1,,,,
1066,283925209,2024-02-14 12:38:08,0,0.069,0.06925372,64.86,BTC-28JUN24-70000-C,51775.47,sell,0.1,0.1,,,,
1067,283930460,2024-02-14 13:01:29,0,0.0695,0.06909316,65.56,BTC-28JUN24-70000-C,51567.99,buy,1.0,1.0,,,,
1068,283939130,2024-02-14 13:55:02,1,0.0695,0.07005587,65.26,BTC-28JUN24-70000-C,51716.81,buy,5.0,5.0,,,,
1069,283942163,2024-02-14 14:05:35,0,0.071,0.07141932,66.0,BTC-28JUN24-70000-C,51649.72,sell,2.5,2.5,,,,
1070,283942164,2024-02-14 14:05:35,1,0.071,0.07141932,66.0,BTC-28JUN24-70000-C,51649.72,sell,2.5,2.5,,,,
1071,283973685,2024-02-14 15:51:06,2,0.0705,0.07059457,65.61,BTC-28JUN24-70000-C,51742.33,sell,0.2,0.2,,,,
1072,283976402,2024-02-14 15:59:46,2,0.069,0.06983539,65.18,BTC-28JUN24-70000-C,51633.66,sell,0.3,0.3,,,,
1073,283978028,2024-02-14 16:06:39,0,0.07,0.0703012,65.38,BTC-28JUN24-70000-C,51755.45,buy,0.2,0.2,,,,
1074,283988915,2024-02-14 16:41:14,1,0.07,0.07037573,65.39,BTC-28JUN24-70000-C,51734.9,sell,0.1,0.1,,,,
1075,283989054,2024-02-14 16:41:56,1,0.07,0.07028105,65.44,BTC-28JUN24-70000-C,51716.2,sell,0.1,0.1,,,,
1076,283991282,2024-02-14 16:56:04,1,0.07,0.07000525,65.67,BTC-28JUN24-70000-C,51621.68,sell,0.1,0.1,,,,
1077,283991495,2024-02-14 16:56:34,1,0.07,0.06988531,65.72,BTC-28JUN24-70000-C,51597.81,sell,0.1,0.1,,,,
1078,283992137,2024-02-14 17:00:31,1,0.07,0.0699539,65.74,BTC-28JUN24-70000-C,51592.83,sell,0.1,0.1,,,,
1079,283993178,2024-02-14 17:05:31,1,0.07,0.07011145,65.69,BTC-28JUN24-70000-C,51612.74,sell,1.4,1.4,,,,
1080,284031864,2024-02-14 22:42:18,2,0.0685,0.06973648,64.74,BTC-28JUN24-70000-C,51800.88,sell,5.0,5.0,,,,
1081,284059552,2024-02-15 01:34:44,0,0.069,0.06927495,65.0,BTC-28JUN24-70000-C,51809.95,sell,0.2,0.2,,,,
1082,284068776,2024-02-15 02:55:42,0,0.071,0.07127532,65.12,BTC-28JUN24-70000-C,52126.28,sell,0.2,0.2,,,,
1083,284083855,2024-02-15 06:01:57,1,0.071,0.07204975,65.36,BTC-28JUN24-70000-C,52021.64,sell,50.0,50.0,126031,,,
1084,284088625,2024-02-15 06:56:45,1,0.071,0.07125616,65.41,BTC-28JUN24-70000-C,52000.34,sell,5.0,5.0,,,,
1085,284088679,2024-02-15 06:56:52,1,0.071,0.07125392,65.41,BTC-28JUN24-70000-C,52000.65,sell,4.8,4.8,,,,
1086,284089846,2024-02-15 07:16:12,2,0.07,0.0710333,64.67,BTC-28JUN24-70000-C,52124.44,sell,2.0,2.0,,,,
1087,284107561,2024-02-15 08:58:55,2,0.069,0.0701988,64.47,BTC-28JUN24-70000-C,52001.97,sell,0.1,0.1,,,,
1088,284112362,2024-02-15 09:20:46,0,0.0715,0.07113347,65.04,BTC-28JUN24-70000-C,52219.15,buy,5.0,5.0,,,,
1089,284119160,2024-02-15 10:05:03,0,0.072,0.07140466,65.3,BTC-28JUN24-70000-C,52233.54,buy,1.0,1.0,,,,
1090,284130012,2024-02-15 11:21:41,0,0.0722,0.07213089,65.21,BTC-28JUN24-70000-C,52314.28,buy,14.0,14.0,126105,,BTC-CS-28JUN24-50000_70000,
1091,284214845,2024-02-15 16:40:28,2,0.0715,0.07256779,65.08,BTC-28JUN24-70000-C,52350.41,sell,5.0,5.0,,,,
1092,284252057,2024-02-15 20:22:05,2,0.069,0.06923173,65.13,BTC-28JUN24-70000-C,51784.5,sell,0.2,0.2,,,,
1093,284260485,2024-02-15 21:37:59,0,0.0695,0.06936534,65.58,BTC-28JUN24-70000-C,51672.08,sell,0.3,0.3,,,,
1094,284269248,2024-02-15 22:34:25,2,0.0685,0.06858442,64.8,BTC-28JUN24-70000-C,51803.29,buy,1.1,1.1,,,,
1095,284275371,2024-02-16 00:15:38,0,0.0695,0.06930069,64.77,BTC-28JUN24-70000-C,52025.06,buy,0.3,0.3,,,,
1096,284287454,2024-02-16 02:52:42,0,0.0705,0.07126975,64.81,BTC-28JUN24-70000-C,52186.78,buy,0.1,0.1,,,,
1097,284287465,2024-02-16 02:53:16,1,0.0705,0.07126026,64.81,BTC-28JUN24-70000-C,52184.84,buy,0.9,0.9,,,,
1098,284294630,2024-02-16 04:08:24,0,0.071,0.07168922,64.68,BTC-28JUN24-70000-C,52331.44,sell,0.1,0.1,,,,
1099,284294636,2024-02-16 04:08:36,1,0.071,0.07167861,64.69,BTC-28JUN24-70000-C,52331.02,sell,0.1,0.1,,,,
1100,284337297,2024-02-16 09:19:39,2,0.07,0.06890978,65.36,BTC-28JUN24-70000-C,51844.36,buy,0.1,0.1,,,,
1101,284352440,2024-02-16 11:59:32,0,0.0713,0.07092674,65.04,BTC-28JUN24-70000-C,52257.98,buy,16.0,16.0,126344,,BTC-CS-28JUN24-70000_90000,
1102,284352541,2024-02-16 12:00:28,0,0.0717,0.0709601,65.23,BTC-28JUN24-70000-C,52249.99,buy,16.0,16.0,126345,,BTC-CS-28JUN24-70000_90000,
1103,284353832,2024-02-16 12:17:42,2,0.071,0.07190366,64.86,BTC-28JUN24-70000-C,52270.61,sell,5.0,5.0,,,,
1104,284368197,2024-02-16 14:02:07,0,0.0732,0.07272029,65.42,BTC-28JUN24-70000-C,52451.77,buy,16.0,16.0,126361,,BTC-CS-28JUN24-70000_90000,
1105,284370356,2024-02-16 14:15:30,2,0.0721,0.07148041,65.4,BTC-28JUN24-70000-C,52240.29,buy,20.0,20.0,126364,,BTC-CS-28JUN24-50000_70000,
1106,284385216,2024-02-16 15:12:55,2,0.0713,0.06904268,66.32,BTC-28JUN24-70000-C,51711.93,sell,13.3,13.3,126369,,BTC-CS-28JUN24-70000_90000,
1107,284387531,2024-02-16 15:17:36,2,0.069,0.0697491,64.93,BTC-28JUN24-70000-C,51847.22,sell,0.7,0.7,,,,
1108,284387532,2024-02-16 15:17:36,3,0.069,0.0697491,64.93,BTC-28JUN24-70000-C,51847.22,sell,4.3,4.3,,,,
1109,284398752,2024-02-16 16:07:28,0,0.07,0.07053352,64.96,BTC-28JUN24-70000-C,52037.31,buy,0.1,0.1,,,,
1110,284568585,2024-02-18 01:43:57,2,0.068,0.06869919,65.42,BTC-28JUN24-70000-C,51629.81,buy,0.2,0.2,,,,
1111,284570507,2024-02-18 02:09:29,2,0.067,0.06785881,65.38,BTC-28JUN24-70000-C,51446.16,buy,0.2,0.2,,,,
1112,284570822,2024-02-18 02:17:26,0,0.068,0.06833454,65.71,BTC-28JUN24-70000-C,51501.65,sell,0.1,0.1,,,,
1113,284584153,2024-02-18 07:14:19,2,0.0655,0.0665205,64.34,BTC-28JUN24-70000-C,51578.54,buy,0.4,0.4,,,,
1114,284584282,2024-02-18 07:16:48,0,0.066,0.06668372,64.5,BTC-28JUN24-70000-C,51610.31,buy,0.4,0.4,,,,
1115,284584474,2024-02-18 07:19:44,0,0.0665,0.06687857,64.69,BTC-28JUN24-70000-C,51624.42,buy,0.4,0.4,,,,
1116,284585028,2024-02-18 07:24:53,1,0.0665,0.06757636,64.36,BTC-28JUN24-70000-C,51740.87,sell,0.1,0.1,,,,
1117,284585029,2024-02-18 07:24:53,1,0.0665,0.06757636,64.36,BTC-28JUN24-70000-C,51740.87,sell,0.3,0.3,,,,
1118,284585311,2024-02-18 07:27:54,2,0.065,0.0671362,63.75,BTC-28JUN24-70000-C,51703.8,sell,0.4,0.4,,,,
1119,284601491,2024-02-18 10:43:34,0,0.0675,0.06865997,64.6,BTC-28JUN24-70000-C,51819.67,buy,0.1,0.1,,,,
1120,284601493,2024-02-18 10:43:43,1,0.0675,0.06862464,64.6,BTC-28JUN24-70000-C,51819.6,buy,0.1,0.1,,,,
1121,284601655,2024-02-18 10:49:44,2,0.0665,0.06824439,64.08,BTC-28JUN24-70000-C,51850.6,sell,0.1,0.1,,,,
1122,284601750,2024-02-18 10:52:47,0,0.0675,0.06813666,64.53,BTC-28JUN24-70000-C,51858.03,buy,0.1,0.1,,,,
1123,284601805,2024-02-18 10:56:21,2,0.0665,0.06799002,64.1,BTC-28JUN24-70000-C,51844.99,sell,0.1,0.1,,,,
1124,284652064,2024-02-19 01:00:39,0,0.072,0.07255639,65.8,BTC-28JUN24-70000-C,52182.86,sell,0.3,0.3,,,,
1125,284654075,2024-02-19 01:34:29,2,0.071,0.07132842,65.71,BTC-28JUN24-70000-C,52042.83,buy,0.3,0.3,,,,
1126,284660884,2024-02-19 03:54:55,3,0.071,0.07105426,65.64,BTC-28JUN24-70000-C,52047.49,buy,0.3,0.3,,,,
1127,284661582,2024-02-19 04:21:05,3,0.071,0.07109269,65.53,BTC-28JUN24-70000-C,52094.63,buy,0.3,0.3,,,,
1128,284663943,2024-02-19 05:08:02,2,0.0705,0.07085544,65.41,BTC-28JUN24-70000-C,52038.78,buy,0.3,0.3,,,,
1129,284668906,2024-02-19 06:11:49,0,0.072,0.07204075,65.51,BTC-28JUN24-70000-C,52298.95,buy,0.3,0.3,,,,
1130,284682593,2024-02-19 08:21:19,2,0.0715,0.07189452,65.28,BTC-28JUN24-70000-C,52305.15,sell,0.7,0.7,,,,
1131,284689627,2024-02-19 09:25:09,2,0.071,0.07197283,65.09,BTC-28JUN24-70000-C,52279.45,buy,1.0,1.0,,,,
1132,284697225,2024-02-19 10:38:24,0,0.0715,0.07241311,64.96,BTC-28JUN24-70000-C,52380.74,sell,2.0,2.0,,,,
1133,284700497,2024-02-19 11:06:36,0,0.0725,0.07275151,65.45,BTC-28JUN24-70000-C,52374.46,buy,0.3,0.3,,,,
1134,284761420,2024-02-19 21:48:00,1,0.0725,0.07238762,66.94,BTC-28JUN24-70000-C,51805.64,buy,6.0,6.0,,,,
1135,284761544,2024-02-19 21:49:39,2,0.072,0.07241266,66.69,BTC-28JUN24-70000-C,51821.45,sell,0.1,0.1,,,,
1136,284761643,2024-02-19 21:50:27,2,0.0715,0.07231991,66.51,BTC-28JUN24-70000-C,51794.26,buy,3.2,3.2,,,,
1137,284761644,2024-02-19 21:50:27,3,0.0715,0.07231991,66.51,BTC-28JUN24-70000-C,51794.26,buy,0.8,0.8,,,,
1138,284761708,2024-02-19 21:51:43,2,0.0705,0.0718171,66.07,BTC-28JUN24-70000-C,51789.13,sell,100.0,100.0,126648,,,
1139,284761709,2024-02-19 21:51:47,0,0.071,0.07180366,66.3,BTC-28JUN24-70000-C,51788.98,buy,0.7,0.7,,,,
1140,284790192,2024-02-20 02:56:06,2,0.0705,0.07135554,66.33,BTC-28JUN24-70000-C,51722.77,sell,0.1,0.1,,,,
1141,284807906,2024-02-20 07:49:44,3,0.0705,0.07165086,66.06,BTC-28JUN24-70000-C,51827.91,sell,0.2,0.2,,,,
1142,284874708,2024-02-20 15:04:39,0,0.0715,0.07063527,66.27,BTC-28JUN24-70000-C,52001.31,buy,1.7,1.7,,,,
1143,284874709,2024-02-20 15:04:39,1,0.0715,0.07063527,66.27,BTC-28JUN24-70000-C,52001.31,buy,1.3,1.3,,,,
1144,284874710,2024-02-20 15:04:39,1,0.0715,0.07063527,66.27,BTC-28JUN24-70000-C,52001.31,sell,2.0,2.0,,,,
1145,284950437,2024-02-20 22:46:50,2,0.0705,0.0707185,65.37,BTC-28JUN24-70000-C,52266.4,buy,0.1,0.1,,,,
1146,284953301,2024-02-20 23:11:10,0,0.071,0.07117531,65.23,BTC-28JUN24-70000-C,52430.88,buy,0.1,0.1,,,,
1147,284953327,2024-02-20 23:11:12,1,0.071,0.07121407,65.21,BTC-28JUN24-70000-C,52439.58,buy,0.1,0.1,,,,
1148,284953457,2024-02-20 23:11:21,1,0.071,0.07128254,65.17,BTC-28JUN24-70000-C,52453.63,buy,0.3,0.3,,,,
1149,285019488,2024-02-21 10:13:31,2,0.0625,0.06270714,64.92,BTC-28JUN24-70000-C,50989.64,sell,0.1,0.1,,,,
1150,285020665,2024-02-21 10:17:34,0,0.063,0.06335971,64.77,BTC-28JUN24-70000-C,51148.35,sell,0.8,0.8,,,,
1151,285047546,2024-02-21 13:01:14,0,0.0635,0.06390859,64.65,BTC-28JUN24-70000-C,51329.66,buy,1.7,1.7,,,,
1152,285047629,2024-02-21 13:02:34,2,0.063,0.0637171,64.45,BTC-28JUN24-70000-C,51317.53,sell,1.6,1.6,,,,
1153,285047630,2024-02-21 13:02:34,3,0.063,0.0637171,64.45,BTC-28JUN24-70000-C,51317.53,sell,4.0,4.0,,,,
1154,285047631,2024-02-21 13:02:34,3,0.063,0.0637171,64.45,BTC-28JUN24-70000-C,51317.53,sell,0.8,0.8,,,,
1155,285047632,2024-02-21 13:02:34,3,0.063,0.0637171,64.45,BTC-28JUN24-70000-C,51317.53,buy,3.6,3.6,,,,
1156,285069993,2024-02-21 15:06:34,2,0.0615,0.06182586,64.51,BTC-28JUN24-70000-C,51037.63,buy,0.2,0.2,,,,
1157,285096793,2024-02-21 18:25:14,0,0.063,0.06296566,65.16,BTC-28JUN24-70000-C,51021.33,sell,0.3,0.3,,,,
1158,285096969,2024-02-21 18:26:05,1,0.063,0.06263757,65.35,BTC-28JUN24-70000-C,50933.92,sell,0.3,0.3,,,,
1159,285097124,2024-02-21 18:26:37,1,0.063,0.06257215,65.41,BTC-28JUN24-70000-C,50911.88,sell,1.9,1.9,,,,
1160,285097292,2024-02-21 18:26:54,1,0.063,0.0625044,65.44,BTC-28JUN24-70000-C,50905.59,sell,0.5,0.5,,,,
1161,285097335,2024-02-21 18:27:12,1,0.063,0.06258994,65.41,BTC-28JUN24-70000-C,50923.17,sell,0.2,0.2,,,,
1162,285098139,2024-02-21 18:30:27,1,0.063,0.06251904,65.61,BTC-28JUN24-70000-C,50839.96,sell,0.3,0.3,,,,
1163,285102023,2024-02-21 19:00:10,1,0.063,0.0630149,65.58,BTC-28JUN24-70000-C,50849.69,sell,12.0,12.0,,,,
1164,285102228,2024-02-21 19:00:29,1,0.063,0.06272506,65.73,BTC-28JUN24-70000-C,50780.8,sell,14.0,14.0,,,,
1165,285102239,2024-02-21 19:00:30,1,0.063,0.06270512,65.74,BTC-28JUN24-70000-C,50774.09,sell,1.9,1.9,,,,
1166,285102301,2024-02-21 19:00:32,1,0.063,0.06269992,65.82,BTC-28JUN24-70000-C,50744.91,sell,25.0,25.0,,,,
1167,285102350,2024-02-21 19:00:33,1,0.063,0.06266878,65.82,BTC-28JUN24-70000-C,50744.91,sell,18.6,18.6,,,,
1168,285117557,2024-02-21 20:43:52,0,0.0635,0.063695,65.4,BTC-28JUN24-70000-C,51054.51,sell,0.9,0.9,,,,
1169,285117558,2024-02-21 20:43:52,1,0.0635,0.063695,65.4,BTC-28JUN24-70000-C,51054.51,buy,2.1,2.1,,,,
1170,285120241,2024-02-21 21:02:50,0,0.064,0.06359197,65.81,BTC-28JUN24-70000-C,50985.32,sell,1.0,1.0,,,,
1171,285129412,2024-02-21 21:47:53,0,0.0655,0.06492241,65.75,BTC-28JUN24-70000-C,51302.69,buy,0.4,0.4,,,,
1172,285129413,2024-02-21 21:47:53,1,0.0655,0.06492241,65.75,BTC-28JUN24-70000-C,51302.69,buy,0.6,0.6,,,,
1173,285137293,2024-02-21 23:09:28,0,0.066,0.06627632,65.07,BTC-28JUN24-70000-C,51667.85,sell,0.2,0.2,,,,
1174,285165427,2024-02-22 04:41:47,2,0.0635,0.06421854,64.31,BTC-28JUN24-70000-C,51511.1,sell,1.0,1.0,,,,
1175,285205101,2024-02-22 11:16:34,0,0.066,0.06517458,65.19,BTC-28JUN24-70000-C,51614.32,buy,0.1,0.1,,,,
1176,285206349,2024-02-22 11:30:35,0,0.0665,0.06587192,65.4,BTC-28JUN24-70000-C,51617.31,buy,0.1,0.1,,,,
1177,285209438,2024-02-22 12:07:44,0,0.0675,0.06738128,65.78,BTC-28JUN24-70000-C,51646.1,buy,0.8,0.8,,,,
1178,285213824,2024-02-22 13:01:51,2,0.067,0.06667827,65.92,BTC-28JUN24-70000-C,51484.35,buy,0.9,0.9,,,,
1179,285320878,2024-02-23 07:48:44,2,0.0625,0.06213836,65.61,BTC-28JUN24-70000-C,50925.03,sell,0.2,0.2,,,,
1180,285330084,2024-02-23 08:07:11,3,0.0625,0.0620015,65.45,BTC-28JUN24-70000-C,50996.69,buy,0.1,0.1,,,,
1181,285330085,2024-02-23 08:07:11,3,0.0625,0.0620015,65.45,BTC-28JUN24-70000-C,50996.69,sell,0.2,0.2,,,,
1182,285330089,2024-02-23 08:07:13,3,0.0625,0.06199994,65.46,BTC-28JUN24-70000-C,50995.49,sell,0.1,0.1,,,,
1183,285330100,2024-02-23 08:07:31,3,0.0625,0.06203097,65.45,BTC-28JUN24-70000-C,50996.3,sell,2.0,2.0,,,,
1184,285330101,2024-02-23 08:07:31,3,0.0625,0.06203097,65.45,BTC-28JUN24-70000-C,50996.3,sell,0.3,0.3,,,,
1185,285330496,2024-02-23 08:08:52,0,0.063,0.06230741,65.6,BTC-28JUN24-70000-C,51046.45,buy,2.2,2.2,,,,
1186,285340514,2024-02-23 09:27:52,2,0.06,0.06091069,64.53,BTC-28JUN24-70000-C,50917.94,sell,0.1,0.1,,,,
1187,285362262,2024-02-23 14:11:32,3,0.06,0.05979597,64.42,BTC-28JUN24-70000-C,50947.96,buy,1.0,1.0,,,,
1188,285362409,2024-02-23 14:14:22,2,0.0595,0.05995343,64.11,BTC-28JUN24-70000-C,50978.53,sell,1.8,1.8,,,,
1189,285383739,2024-02-23 15:55:08,3,0.0595,0.05945642,64.06,BTC-28JUN24-70000-C,51012.86,buy,0.1,0.1,,,,
1190,285388985,2024-02-23 16:16:31,2,0.058,0.05837201,64.03,BTC-28JUN24-70000-C,50688.29,sell,0.1,0.1,,,,
1191,285389000,2024-02-23 16:16:39,3,0.058,0.05831569,64.07,BTC-28JUN24-70000-C,50675.22,sell,0.1,0.1,,,,
1192,285389021,2024-02-23 16:16:40,3,0.058,0.05831569,64.08,BTC-28JUN24-70000-C,50667.13,sell,0.1,0.1,,,,
1193,285389042,2024-02-23 16:16:40,3,0.058,0.05831569,64.08,BTC-28JUN24-70000-C,50667.13,sell,0.1,0.1,,,,
1194,285389244,2024-02-23 16:17:22,0,0.0585,0.05849302,64.23,BTC-28JUN24-70000-C,50711.8,buy,1.1,1.1,,,,
1195,285424922,2024-02-24 01:19:21,2,0.058,0.05881096,63.89,BTC-28JUN24-70000-C,50764.91,sell,0.1,0.1,,,,
1196,285424923,2024-02-24 01:19:21,3,0.058,0.05881096,63.89,BTC-28JUN24-70000-C,50764.91,buy,0.1,0.1,,,,
1197,285453694,2024-02-24 14:08:37,0,0.061,0.06000006,64.65,BTC-28JUN24-70000-C,51107.43,buy,0.2,0.2,,,,
1198,285553265,2024-02-25 22:18:45,0,0.063,0.0631114,64.17,BTC-28JUN24-70000-C,51770.36,buy,0.3,0.3,,,,
1199,285556433,2024-02-25 23:22:53,0,0.064,0.06296858,64.79,BTC-28JUN24-70000-C,51712.32,buy,0.1,0.1,,,,
1200,285583532,2024-02-26 07:59:53,2,0.0615,0.06172415,64.89,BTC-28JUN24-70000-C,51295.76,sell,0.2,0.2,,,,
1201,285583533,2024-02-26 07:59:56,3,0.0615,0.06173135,64.88,BTC-28JUN24-70000-C,51295.76,sell,0.2,0.2,,,,
1202,285583534,2024-02-26 07:59:59,3,0.0615,0.06173204,64.89,BTC-28JUN24-70000-C,51294.35,sell,0.2,0.2,,,,
1203,285584136,2024-02-26 08:03:00,3,0.0615,0.06204161,64.85,BTC-28JUN24-70000-C,51316.04,sell,5.0,5.0,,,,
1204,285584145,2024-02-26 08:03:03,3,0.0615,0.0620412,64.85,BTC-28JUN24-70000-C,51316.16,sell,1.9,1.9,,,,
1205,285604544,2024-02-26 11:29:52,2,0.061,0.06063171,64.97,BTC-28JUN24-70000-C,51177.19,sell,0.1,0.1,,,,
1206,285634195,2024-02-26 15:24:25,0,0.0665,0.0656145,65.14,BTC-28JUN24-70000-C,52216.84,sell,0.1,0.1,,,,
1207,285657209,2024-02-26 16:07:43,0,0.0715,0.07067549,65.55,BTC-28JUN24-70000-C,53056.15,buy,0.1,0.1,,,,
1208,285666397,2024-02-26 16:14:01,0,0.0735,0.07366107,64.98,BTC-28JUN24-70000-C,53555.56,buy,1.8,1.8,,,,
1209,285666398,2024-02-26 16:14:01,1,0.0735,0.07366107,64.98,BTC-28JUN24-70000-C,53555.56,buy,0.1,0.1,,,,
1210,285666409,2024-02-26 16:14:01,1,0.0735,0.07366107,64.98,BTC-28JUN24-70000-C,53560.16,buy,1.8,1.8,,,,
1211,285666410,2024-02-26 16:14:01,1,0.0735,0.07366107,64.98,BTC-28JUN24-70000-C,53560.16,buy,1.3,1.3,,,,
1212,285671549,2024-02-26 16:26:40,2,0.0725,0.07277112,65.07,BTC-28JUN24-70000-C,53351.71,buy,5.0,5.0,,,,
1213,285671557,2024-02-26 16:26:44,3,0.0725,0.07277047,65.07,BTC-28JUN24-70000-C,53357.11,buy,5.0,5.0,,,,
1214,285671602,2024-02-26 16:26:50,3,0.0725,0.07275726,65.1,BTC-28JUN24-70000-C,53339.94,buy,0.1,0.1,,,,
1215,285671603,2024-02-26 16:26:50,3,0.0725,0.07275726,65.1,BTC-28JUN24-70000-C,53339.94,buy,4.9,4.9,,,,
1216,285673842,2024-02-26 16:41:00,3,0.0725,0.0730224,65.16,BTC-28JUN24-70000-C,53301.87,sell,8.0,8.0,,,,
1217,285673843,2024-02-26 16:41:00,3,0.0725,0.0730224,65.16,BTC-28JUN24-70000-C,53301.87,sell,3.8,3.8,,,,
1218,285673844,2024-02-26 16:41:00,3,0.0725,0.0730224,65.16,BTC-28JUN24-70000-C,53301.87,sell,5.0,5.0,,,,
1219,285673845,2024-02-26 16:41:00,3,0.0725,0.0730224,65.16,BTC-28JUN24-70000-C,53301.87,buy,3.2,3.2,,,,
1220,285677159,2024-02-26 17:03:32,2,0.072,0.07272081,64.9,BTC-28JUN24-70000-C,53326.11,buy,2.2,2.2,,,,
1221,285677322,2024-02-26 17:04:10,3,0.072,0.07246855,64.97,BTC-28JUN24-70000-C,53304.3,buy,2.1,2.1,,,,
1222,285677323,2024-02-26 17:04:10,3,0.072,0.07246855,64.97,BTC-28JUN24-70000-C,53304.3,buy,0.1,0.1,,,,
1223,285677324,2024-02-26 17:04:10,3,0.072,0.07246855,64.97,BTC-28JUN24-70000-C,53304.3,buy,0.2,0.2,,,,
1224,285677327,2024-02-26 17:04:12,3,0.072,0.07255733,64.95,BTC-28JUN24-70000-C,53320.75,buy,0.4,0.4,,,,
1225,285697784,2024-02-26 18:16:33,3,0.072,0.0725828,64.45,BTC-28JUN24-70000-C,53526.92,sell,0.3,0.3,,,,
1226,285697788,2024-02-26 18:16:40,3,0.072,0.07258205,64.45,BTC-28JUN24-70000-C,53526.5,sell,0.1,0.1,,,,
1227,285697971,2024-02-26 18:17:55,3,0.072,0.0724759,64.45,BTC-28JUN24-70000-C,53534.91,buy,0.1,0.1,,,,
1228,285701455,2024-02-26 18:42:30,2,0.0715,0.07185236,64.41,BTC-28JUN24-70000-C,53443.18,sell,0.1,0.1,,,,
1229,285709701,2024-02-26 19:15:31,0,0.075,0.07539523,64.42,BTC-28JUN24-70000-C,54097.31,buy,0.1,0.1,,,,
1230,285721924,2024-02-26 19:30:06,0,0.077,0.07628879,64.83,BTC-28JUN24-70000-C,54278.18,buy,2.0,2.0,,,,
1231,285721925,2024-02-26 19:30:06,1,0.077,0.07628879,64.83,BTC-28JUN24-70000-C,54278.18,buy,0.7,0.7,,,,
1232,285723880,2024-02-26 19:36:31,0,0.078,0.07754277,64.96,BTC-28JUN24-70000-C,54421.35,buy,0.1,0.1,,,,
1233,285742974,2024-02-26 20:23:52,0,0.0785,0.07936376,65.2,BTC-28JUN24-70000-C,54423.12,buy,4.8,4.8,,,,
1234,285742975,2024-02-26 20:23:52,1,0.0785,0.07936376,65.2,BTC-28JUN24-70000-C,54423.12,buy,0.2,0.2,,,,
1235,285756337,2024-02-26 21:37:10,0,0.0805,0.0806363,65.47,BTC-28JUN24-70000-C,54684.18,buy,0.1,0.1,,,,
1236,285773650,2024-02-27 00:13:03,0,0.081,0.08090081,65.73,BTC-28JUN24-70000-C,54691.62,sell,0.1,0.1,,,,
1237,285781126,2024-02-27 01:00:10,1,0.081,0.08160421,65.87,BTC-28JUN24-70000-C,54609.78,sell,0.1,0.1,,,,
1238,285781145,2024-02-27 01:00:12,1,0.081,0.08158146,65.87,BTC-28JUN24-70000-C,54606.32,sell,0.1,0.1,,,,
1239,285898995,2024-02-27 07:49:44,0,0.0855,0.08659866,64.2,BTC-28JUN24-70000-C,56109.97,sell,2.6,2.6,,,,
1240,285898996,2024-02-27 07:49:44,1,0.0855,0.08659866,64.2,BTC-28JUN24-70000-C,56109.97,sell,1.7,1.7,,,,
1241,285898997,2024-02-27 07:49:44,1,0.0855,0.08659866,64.2,BTC-28JUN24-70000-C,56109.97,buy,6.7,6.7,,,,
1242,285899063,2024-02-27 07:50:11,1,0.0855,0.08663242,64.16,BTC-28JUN24-70000-C,56129.4,buy,9.0,9.0,,,,
1243,285908737,2024-02-27 08:36:07,0,0.088,0.08765939,64.69,BTC-28JUN24-70000-C,56334.08,buy,1.0,1.0,,,,
1244,285921826,2024-02-27 09:45:36,1,0.088,0.08843893,63.84,BTC-28JUN24-70000-C,56720.77,sell,0.1,0.1,,,,
1245,285921838,2024-02-27 09:45:38,1,0.088,0.08843262,63.85,BTC-28JUN24-70000-C,56716.78,sell,0.1,0.1,,,,
1246,285922155,2024-02-27 09:46:51,0,0.0885,0.0879242,64.32,BTC-28JUN24-70000-C,56622.05,buy,1.4,1.4,,,,
1247,285922246,2024-02-27 09:47:11,0,0.0888,0.08781668,64.5,BTC-28JUN24-70000-C,56608.8,buy,100.0,100.0,127905,,BTC-CS-28JUN24-50000_70000,
1248,285922635,2024-02-27 09:48:59,2,0.0875,0.08808159,63.83,BTC-28JUN24-70000-C,56644.3,sell,11.0,11.0,,,,
1249,285922636,2024-02-27 09:48:59,3,0.0875,0.08808159,63.83,BTC-28JUN24-70000-C,56644.3,sell,1.7,1.7,,,,
1250,285922637,2024-02-27 09:48:59,3,0.0875,0.08808159,63.83,BTC-28JUN24-70000-C,56644.3,buy,2.3,2.3,,,,
1251,285923638,2024-02-27 09:54:33,3,0.0875,0.0882402,63.75,BTC-28JUN24-70000-C,56665.4,sell,1.7,1.7,,,,
1252,285926569,2024-02-27 10:08:58,2,0.087,0.08704334,63.79,BTC-28JUN24-70000-C,56568.78,sell,0.1,0.1,,,,
1253,285926605,2024-02-27 10:09:09,3,0.087,0.08714472,63.74,BTC-28JUN24-70000-C,56589.2,buy,1.1,1.1,,,,
1254,285926727,2024-02-27 10:10:08,3,0.087,0.08718957,63.7,BTC-28JUN24-70000-C,56611.16,sell,0.1,0.1,,,,
1255,285928089,2024-02-27 10:16:56,0,0.088,0.08739623,63.99,BTC-28JUN24-70000-C,56666.04,buy,1.7,1.7,,,,
1256,285938902,2024-02-27 11:26:14,2,0.0879,0.08728269,64.36,BTC-28JUN24-70000-C,56529.88,sell,12.5,12.5,127925,,BTC-CS-28JUN24-50000_70000,
1257,285940191,2024-02-27 11:41:14,2,0.0875,0.08753575,64.15,BTC-28JUN24-70000-C,56527.68,sell,0.1,0.1,,,,
1258,285942216,2024-02-27 11:53:38,0,0.088,0.08730174,64.55,BTC-28JUN24-70000-C,56479.7,sell,1.8,1.8,,,,
1259,285942217,2024-02-27 11:53:38,1,0.088,0.08730174,64.55,BTC-28JUN24-70000-C,56479.7,sell,0.4,0.4,,,,
1260,285944915,2024-02-27 12:09:58,0,0.089,0.08870883,64.43,BTC-28JUN24-70000-C,56686.73,buy,4.0,4.0,,,,
1261,285944916,2024-02-27 12:09:58,1,0.089,0.0886785,64.43,BTC-28JUN24-70000-C,56686.73,sell,0.3,0.3,,,,
1262,285944917,2024-02-27 12:09:58,1,0.089,0.0886785,64.43,BTC-28JUN24-70000-C,56686.73,sell,0.3,0.3,,,,
1263,285944939,2024-02-27 12:10:07,0,0.0895,0.08862322,64.68,BTC-28JUN24-70000-C,56677.22,buy,2.9,2.9,,,,
1264,285944940,2024-02-27 12:10:07,1,0.0895,0.08862322,64.68,BTC-28JUN24-70000-C,56677.22,buy,1.7,1.7,,,,
1265,285944942,2024-02-27 12:10:07,1,0.0895,0.08862912,64.68,BTC-28JUN24-70000-C,56677.22,sell,0.1,0.1,,,,
1266,285944944,2024-02-27 12:10:09,1,0.0895,0.08863162,64.68,BTC-28JUN24-70000-C,56677.42,sell,0.1,0.1,,,,
1267,285944952,2024-02-27 12:10:24,2,0.0892,0.0886547,64.56,BTC-28JUN24-70000-C,56672.86,buy,13.0,13.0,127929,,BTC-CS-28JUN24-50000_70000,
1268,285945229,2024-02-27 12:14:23,2,0.0891,0.08877692,64.62,BTC-28JUN24-70000-C,56642.59,buy,25.0,25.0,127932,,BTC-CS-28JUN24-50000_70000,
1269,285948441,2024-02-27 12:27:16,0,0.0915,0.0909035,64.82,BTC-28JUN24-70000-C,56986.54,sell,0.1,0.1,,,,
1270,285948781,2024-02-27 12:27:51,2,0.091,0.09034122,64.9,BTC-28JUN24-70000-C,56868.03,sell,0.1,0.1,,,,
1271,285952763,2024-02-27 12:36:08,0,0.0925,0.09231283,64.77,BTC-28JUN24-70000-C,57179.63,buy,80.0,80.0,127949,,BTC-CS-28JUN24-50000_70000,
1272,285964163,2024-02-27 13:01:14,2,0.0905,0.09068842,65.02,BTC-28JUN24-70000-C,56690.79,sell,0.1,0.1,,,,
1273,285976509,2024-02-27 13:42:38,0,0.093,0.09233392,65.49,BTC-28JUN24-70000-C,56982.37,buy,0.7,0.7,,,,
1274,285988653,2024-02-27 14:45:24,2,0.09,0.09060215,64.42,BTC-28JUN24-70000-C,56910.04,sell,0.1,0.1,,,,
1275,285988790,2024-02-27 14:45:56,2,0.0895,0.09004217,64.41,BTC-28JUN24-70000-C,56823.6,sell,0.1,0.1,,,,
1276,285989045,2024-02-27 14:46:46,2,0.089,0.08946397,64.42,BTC-28JUN24-70000-C,56726.66,sell,0.1,0.1,,,,
1277,285989448,2024-02-27 14:47:52,0,0.0899,0.08956033,64.7,BTC-28JUN24-70000-C,56785.28,buy,107.0,107.0,128052,,BTC-CS-28JUN24-50000_70000,
1278,286002327,2024-02-27 15:47:28,2,0.0885,0.08861913,64.06,BTC-28JUN24-70000-C,56825.09,sell,0.1,0.1,,,,
1279,286024149,2024-02-27 17:03:23,0,0.09,0.09017221,64.12,BTC-28JUN24-70000-C,57032.15,sell,0.5,0.5,,,,
1280,286035069,2024-02-27 18:30:43,1,0.09,0.08992838,64.23,BTC-28JUN24-70000-C,57011.49,sell,0.6,0.6,,,,
1281,286040167,2024-02-27 19:17:52,1,0.09,0.08963178,64.31,BTC-28JUN24-70000-C,56937.76,sell,0.1,0.1,,,,
1282,286040438,2024-02-27 19:22:21,2,0.0895,0.08966038,64.05,BTC-28JUN24-70000-C,56946.85,sell,0.1,0.1,,,,
1283,286051055,2024-02-27 20:20:37,0,0.09,0.0898701,64.11,BTC-28JUN24-70000-C,57066.85,sell,0.1,0.1,,,,
1284,286054018,2024-02-27 20:41:43,2,0.0885,0.08831831,63.97,BTC-28JUN24-70000-C,56874.36,sell,0.1,0.1,,,,
1285,286057972,2024-02-27 21:01:43,2,0.088,0.08853788,63.52,BTC-28JUN24-70000-C,56946.34,sell,125.0,125.0,128096,,,
1286,286058352,2024-02-27 21:05:06,2,0.0864,0.08756951,63.18,BTC-28JUN24-70000-C,56800.86,sell,95.0,95.0,128097,,,
1287,286060737,2024-02-27 21:43:08,0,0.089,0.08792617,64.11,BTC-28JUN24-70000-C,56869.03,buy,0.6,0.6,,,,
1288,286060738,2024-02-27 21:43:08,1,0.089,0.08792617,64.11,BTC-28JUN24-70000-C,56869.03,buy,1.7,1.7,,,,
1289,286060739,2024-02-27 21:43:08,1,0.089,0.08792617,64.11,BTC-28JUN24-70000-C,56869.03,buy,3.0,3.0,,,,
1290,286060740,2024-02-27 21:43:08,0,0.0895,0.08792617,64.33,BTC-28JUN24-70000-C,56869.03,buy,3.4,3.4,,,,
1291,286060741,2024-02-27 21:43:08,1,0.0895,0.08792617,64.33,BTC-28JUN24-70000-C,56869.03,buy,11.0,11.0,,,,
1292,286060742,2024-02-27 21:43:08,1,0.0895,0.08792617,64.33,BTC-28JUN24-70000-C,56869.03,buy,4.0,4.0,,,,
1293,286060743,2024-02-27 21:43:08,1,0.0895,0.08792617,64.33,BTC-28JUN24-70000-C,56869.03,sell,1.0,1.0,,,,
1294,286060744,2024-02-27 21:43:08,1,0.0895,0.08792617,64.33,BTC-28JUN24-70000-C,56869.03,sell,3.0,3.0,,,,
1295,286060745,2024-02-27 21:43:08,1,0.0895,0.08792617,64.33,BTC-28JUN24-70000-C,56869.03,sell,1.4,1.4,,,,
1296,286060746,2024-02-27 21:43:08,1,0.0895,0.08792617,64.33,BTC-28JUN24-70000-C,56869.03,sell,0.4,0.4,,,,
1297,286060769,2024-02-27 21:43:23,1,0.0895,0.08819067,64.29,BTC-28JUN24-70000-C,56882.44,sell,0.4,0.4,,,,
1298,286060782,2024-02-27 21:43:33,1,0.0895,0.08839493,64.32,BTC-28JUN24-70000-C,56867.76,sell,20.1,20.1,,,,
1299,286060793,2024-02-27 21:43:52,1,0.0895,0.08847432,64.32,BTC-28JUN24-70000-C,56865.13,buy,4.9,4.9,,,,
1300,286060954,2024-02-27 21:47:42,1,0.0895,0.08950361,64.35,BTC-28JUN24-70000-C,56844.7,sell,45.1,45.1,,,,
1301,286060955,2024-02-27 21:47:42,1,0.0895,0.08950361,64.35,BTC-28JUN24-70000-C,56844.7,sell,2.0,2.0,,,,
1302,286061008,2024-02-27 21:47:44,1,0.0895,0.08949188,64.33,BTC-28JUN24-70000-C,56854.04,buy,2.9,2.9,,,,
1303,286082933,2024-02-28 02:48:48,2,0.0855,0.08639656,62.48,BTC-28JUN24-70000-C,56942.97,buy,30.0,30.0,,,,
1304,286113113,2024-02-28 07:36:15,0,0.087,0.08639004,61.49,BTC-28JUN24-70000-C,57666.96,sell,0.5,0.5,,,,
1305,286159337,2024-02-28 09:14:25,0,0.0992,0.09886752,62.58,BTC-28JUN24-70000-C,59329.64,sell,12.5,12.5,128198,,BTC-CS-28JUN24-70000_85000,
1306,286159425,2024-02-28 09:14:41,2,0.099,0.0987579,62.55,BTC-28JUN24-70000-C,59295.43,sell,0.1,0.1,,,,
1307,286159779,2024-02-28 09:15:42,0,0.0998,0.09874788,62.92,BTC-28JUN24-70000-C,59289.45,buy,75.0,75.0,128199,,,
1308,286168263,2024-02-28 09:45:43,2,0.0975,0.09728713,62.41,BTC-28JUN24-70000-C,59146.66,sell,1.5,1.5,,,,
1309,286171501,2024-02-28 09:53:36,0,0.098,0.0982231,62.24,BTC-28JUN24-70000-C,59330.18,sell,0.2,0.2,,,,
1310,286172605,2024-02-28 09:58:40,0,0.0985,0.09788309,62.59,BTC-28JUN24-70000-C,59285.93,buy,0.2,0.2,,,,
1311,286172675,2024-02-28 09:59:06,2,0.098,0.09809083,62.28,BTC-28JUN24-70000-C,59320.32,sell,0.2,0.2,,,,
1312,286173172,2024-02-28 10:01:15,2,0.0975,0.09803678,62.01,BTC-28JUN24-70000-C,59343.64,buy,0.1,0.1,,,,
1313,286173323,2024-02-28 10:01:31,3,0.0975,0.0978565,62.09,BTC-28JUN24-70000-C,59309.92,buy,4.7,4.7,,,,
1314,286173378,2024-02-28 10:01:45,0,0.098,0.0978776,62.29,BTC-28JUN24-70000-C,59320.65,sell,0.2,0.2,,,,
1315,286175053,2024-02-28 10:10:11,2,0.0975,0.09725721,62.35,BTC-28JUN24-70000-C,59201.45,buy,75.0,75.0,128210,,,
1316,286180344,2024-02-28 10:34:50,0,0.0985,0.09731213,62.7,BTC-28JUN24-70000-C,59217.92,buy,0.1,0.1,,,,
1317,286193160,2024-02-28 11:38:37,2,0.097,0.09685443,62.0,BTC-28JUN24-70000-C,59253.89,sell,0.1,0.1,,,,
1318,286197994,2024-02-28 11:52:54,2,0.095,0.09436203,62.46,BTC-28JUN24-70000-C,58723.13,sell,0.1,0.1,,,,
1319,286204066,2024-02-28 12:18:14,0,0.097,0.09709687,61.93,BTC-28JUN24-70000-C,59272.67,buy,7.5,7.5,,,,
1320,286204067,2024-02-28 12:18:14,1,0.097,0.09709687,61.93,BTC-28JUN24-70000-C,59272.67,sell,0.3,0.3,,,,
1321,286205794,2024-02-28 12:34:55,0,0.0975,0.09798697,61.81,BTC-28JUN24-70000-C,59414.17,sell,1.7,1.7,,,,
1322,286212612,2024-02-28 13:06:39,0,0.1,0.09984892,61.94,BTC-28JUN24-70000-C,59783.39,buy,1.0,1.0,,,,
1323,286230456,2024-02-28 13:25:57,0,0.1095,0.10588868,63.4,BTC-28JUN24-70000-C,60671.93,buy,4.3,4.3,,,,
1324,286230457,2024-02-28 13:25:57,1,0.1095,0.10588868,63.4,BTC-28JUN24-70000-C,60671.93,sell,13.6,13.6,,,,
1325,286232693,2024-02-28 13:27:25,2,0.106,0.10545822,62.54,BTC-28JUN24-70000-C,60395.49,sell,1.3,1.3,,,,
1326,286232694,2024-02-28 13:27:25,3,0.106,0.10545822,62.54,BTC-28JUN24-70000-C,60395.49,buy,3.7,3.7,,,,
1327,286255120,2024-02-28 14:14:37,0,0.1081,0.10831426,63.36,BTC-28JUN24-70000-C,60456.63,sell,6.5,6.5,128314,,,
1328,286256626,2024-02-28 14:18:52,2,0.108,0.10846914,63.21,BTC-28JUN24-70000-C,60541.38,buy,0.1,0.1,,,,
1329,286283412,2024-02-28 14:48:54,2,0.107,0.10599455,63.6,BTC-28JUN24-70000-C,60371.53,buy,0.7,0.7,,,,
1330,286283413,2024-02-28 14:48:54,3,0.107,0.10599455,63.6,BTC-28JUN24-70000-C,60371.53,buy,1.3,1.3,,,,
1331,286296075,2024-02-28 15:00:46,0,0.111,0.10976352,64.03,BTC-28JUN24-70000-C,60940.22,buy,0.1,0.1,,,,
1332,286299169,2024-02-28 15:05:57,2,0.1105,0.10964951,64.2,BTC-28JUN24-70000-C,60746.24,buy,0.1,0.1,,,,
1333,286299174,2024-02-28 15:05:57,3,0.1105,0.10964951,64.2,BTC-28JUN24-70000-C,60756.64,buy,0.1,0.1,,,,
1334,286303498,2024-02-28 15:13:04,3,0.1105,0.11072095,63.82,BTC-28JUN24-70000-C,60909.0,sell,1.0,1.0,,,,
1335,286316378,2024-02-28 15:25:22,0,0.1129,0.11146329,64.58,BTC-28JUN24-70000-C,61130.56,buy,0.1,0.1,,286316376,BTC-CS-28JUN24-70000_120000,
1336,286323322,2024-02-28 15:34:58,2,0.1115,0.11179289,63.97,BTC-28JUN24-70000-C,61141.71,buy,1.0,1.0,,,,
1337,286337250,2024-02-28 16:05:21,0,0.113,0.11301879,64.4,BTC-28JUN24-70000-C,61202.35,sell,0.1,0.1,,,,
1338,286338402,2024-02-28 16:08:15,0,0.1135,0.11362782,64.36,BTC-28JUN24-70000-C,61295.61,sell,0.1,0.1,,,,
1339,286338714,2024-02-28 16:08:36,2,0.113,0.11320226,64.3,BTC-28JUN24-70000-C,61201.79,sell,0.1,0.1,,,,
1340,286339164,2024-02-28 16:08:52,2,0.1125,0.113015,64.27,BTC-28JUN24-70000-C,61120.64,sell,0.1,0.1,,,,
1341,286339374,2024-02-28 16:09:21,2,0.112,0.11217411,64.3,BTC-28JUN24-70000-C,61067.16,sell,0.1,0.1,,,,
1342,286341603,2024-02-28 16:17:59,0,0.1135,0.11276631,64.74,BTC-28JUN24-70000-C,61155.12,buy,0.1,0.1,,,,
1343,286343009,2024-02-28 16:22:13,1,0.1135,0.11308954,64.62,BTC-28JUN24-70000-C,61207.73,sell,0.1,0.1,,,,
1344,286343708,2024-02-28 16:24:53,0,0.114,0.1139204,64.54,BTC-28JUN24-70000-C,61289.93,sell,0.1,0.1,,,,
1345,286348294,2024-02-28 16:32:00,0,0.1145,0.11455038,64.5,BTC-28JUN24-70000-C,61386.33,sell,0.1,0.1,,,,
1346,286352730,2024-02-28 16:39:30,0,0.117,0.11676439,64.56,BTC-28JUN24-70000-C,61751.88,sell,0.1,0.1,,,,
1347,286375772,2024-02-28 17:11:00,0,0.127,0.12627576,66.38,BTC-28JUN24-70000-C,62613.42,sell,0.1,0.1,,,,
1348,286376192,2024-02-28 17:11:24,2,0.1265,0.12553724,66.39,BTC-28JUN24-70000-C,62535.95,sell,0.1,0.1,,,,
1349,286403491,2024-02-28 17:23:21,0,0.133,0.13224025,67.43,BTC-28JUN24-70000-C,63076.81,sell,0.1,0.1,,,,
1350,286403849,2024-02-28 17:23:26,2,0.132,0.13154147,67.44,BTC-28JUN24-70000-C,62910.61,sell,0.1,0.1,,,,
1351,286403875,2024-02-28 17:23:26,2,0.1315,0.13154147,67.22,BTC-28JUN24-70000-C,62910.61,sell,0.1,0.1,,,,
1352,286406869,2024-02-28 17:25:03,2,0.131,0.1301483,67.49,BTC-28JUN24-70000-C,62776.8,sell,0.1,0.1,,,,
1353,286407208,2024-02-28 17:25:05,2,0.13,0.12976494,67.24,BTC-28JUN24-70000-C,62623.4,sell,0.1,0.1,,,,
1354,286407666,2024-02-28 17:25:08,2,0.128,0.12867625,67.12,BTC-28JUN24-70000-C,62332.74,sell,0.1,0.1,,,,
1355,286410809,2024-02-28 17:25:57,2,0.126,0.12617883,67.36,BTC-28JUN24-70000-C,62029.58,sell,0.1,0.1,,,,
1356,286413548,2024-02-28 17:26:37,0,0.1265,0.12602035,67.57,BTC-28JUN24-70000-C,62027.32,sell,0.2,0.2,,,,
1357,286413549,2024-02-28 17:26:37,1,0.1265,0.12602035,67.57,BTC-28JUN24-70000-C,62027.32,sell,0.1,0.1,,,,
1358,286413553,2024-02-28 17:26:37,1,0.1265,0.12602035,67.57,BTC-28JUN24-70000-C,62027.32,sell,0.1,0.1,,,,
1359,286413554,2024-02-28 17:26:37,1,0.1265,0.12602035,67.57,BTC-28JUN24-70000-C,62027.32,sell,0.1,0.1,,,,
1360,286469871,2024-02-28 17:53:05,2,0.123,0.12005316,68.92,BTC-28JUN24-70000-C,61236.27,buy,0.1,0.1,,,,
1361,286472496,2024-02-28 17:55:27,0,0.1245,0.12203233,69.19,BTC-28JUN24-70000-C,61398.74,buy,0.1,0.1,,,,
1362,286472505,2024-02-28 17:55:28,1,0.1245,0.12203494,69.19,BTC-28JUN24-70000-C,61398.74,buy,0.1,0.1,,,,
1363,286472507,2024-02-28 17:55:28,1,0.1245,0.12203494,69.19,BTC-28JUN24-70000-C,61402.54,buy,0.1,0.1,,,,
1364,286472515,2024-02-28 17:55:28,1,0.1245,0.12201362,69.19,BTC-28JUN24-70000-C,61402.54,buy,0.1,0.1,,,,
1365,286472519,2024-02-28 17:55:29,1,0.1245,0.12201362,69.19,BTC-28JUN24-70000-C,61402.54,buy,0.1,0.1,,,,
1366,286472921,2024-02-28 17:56:04,2,0.124,0.12275118,68.8,BTC-28JUN24-70000-C,61465.17,sell,0.9,0.9,,,,
1367,286485891,2024-02-28 18:07:15,2,0.121,0.12025914,68.58,BTC-28JUN24-70000-C,61134.25,sell,0.1,0.1,,,,
1368,286493645,2024-02-28 18:14:07,2,0.114,0.11631221,66.9,BTC-28JUN24-70000-C,60577.85,sell,1.0,1.0,,,,
1369,286493646,2024-02-28 18:14:07,2,0.1135,0.11631221,66.68,BTC-28JUN24-70000-C,60577.85,sell,2.8,2.8,,,,
1370,286493647,2024-02-28 18:14:07,2,0.113,0.11631221,66.46,BTC-28JUN24-70000-C,60577.85,sell,2.9,2.9,,,,
1371,286493654,2024-02-28 18:14:07,3,0.113,0.11631221,66.46,BTC-28JUN24-70000-C,60577.85,buy,74.6,74.6,,,,
1372,286493682,2024-02-28 18:14:08,3,0.113,0.11644083,66.45,BTC-28JUN24-70000-C,60587.27,buy,18.7,18.7,,,,
1373,286495375,2024-02-28 18:16:36,3,0.113,0.11358945,66.47,BTC-28JUN24-70000-C,60563.45,sell,0.1,0.1,,,,
1374,286495700,2024-02-28 18:17:30,2,0.111,0.11321348,65.53,BTC-28JUN24-70000-C,60601.71,sell,1.5,1.5,,,,
1375,286495701,2024-02-28 18:17:30,2,0.1105,0.11321348,65.31,BTC-28JUN24-70000-C,60601.71,sell,0.5,0.5,,,,
1376,286495702,2024-02-28 18:17:30,3,0.1105,0.11321348,65.31,BTC-28JUN24-70000-C,60601.71,sell,1.3,1.3,,,,
1377,286495703,2024-02-28 18:17:30,2,0.11,0.11321348,65.09,BTC-28JUN24-70000-C,60601.71,sell,1.2,1.2,,,,
1378,286497068,2024-02-28 18:19:23,2,0.108,0.10959834,64.67,BTC-28JUN24-70000-C,60427.58,sell,1.5,1.5,,,,
1379,286512989,2024-02-28 18:30:17,3,0.108,0.10755356,65.21,BTC-28JUN24-70000-C,60138.97,buy,0.1,0.1,,,,
1380,286512991,2024-02-28 18:30:17,3,0.108,0.10755356,65.2,BTC-28JUN24-70000-C,60152.85,buy,0.1,0.1,,,,
1381,286512992,2024-02-28 18:30:17,3,0.108,0.10755356,65.2,BTC-28JUN24-70000-C,60152.85,buy,0.1,0.1,,,,
1382,286513015,2024-02-28 18:30:20,3,0.108,0.10763375,65.17,BTC-28JUN24-70000-C,60152.9,buy,0.1,0.1,,,,
1383,286513390,2024-02-28 18:30:32,3,0.108,0.10724742,65.33,BTC-28JUN24-70000-C,60093.04,buy,0.6,0.6,,,,
1384,286533671,2024-02-28 19:14:28,0,0.114,0.11282921,65.38,BTC-28JUN24-70000-C,61123.97,sell,0.6,0.6,,,,
1385,286533673,2024-02-28 19:14:30,1,0.114,0.11288484,65.36,BTC-28JUN24-70000-C,61128.28,buy,0.1,0.1,,,,
1386,286533680,2024-02-28 19:14:35,1,0.114,0.11292249,65.36,BTC-28JUN24-70000-C,61132.75,buy,0.1,0.1,,,,
1387,286541122,2024-02-28 19:33:08,2,0.1125,0.11306388,64.69,BTC-28JUN24-70000-C,61087.8,sell,0.1,0.1,,,,
1388,286542385,2024-02-28 19:38:07,2,0.112,0.11244366,64.76,BTC-28JUN24-70000-C,60974.53,sell,0.1,0.1,,,,
1389,286542386,2024-02-28 19:38:07,3,0.112,0.11244366,64.76,BTC-28JUN24-70000-C,60974.53,sell,0.5,0.5,,,,
1390,286548748,2024-02-28 20:01:22,0,0.1125,0.113149,64.61,BTC-28JUN24-70000-C,61094.86,sell,1.0,1.0,,,,
1391,286549070,2024-02-28 20:01:53,2,0.112,0.11275761,64.5,BTC-28JUN24-70000-C,61060.9,sell,0.5,0.5,,,,
1392,286561341,2024-02-28 20:30:00,2,0.1055,0.10610606,64.56,BTC-28JUN24-70000-C,59948.0,sell,0.5,0.5,,,,
1393,286587294,2024-02-28 22:08:10,0,0.114,0.11251135,65.6,BTC-28JUN24-70000-C,60954.6,buy,1.8,1.8,,,,
1394,286587295,2024-02-28 22:08:10,1,0.114,0.11251135,65.6,BTC-28JUN24-70000-C,60954.6,sell,11.0,11.0,,,,
1395,286587296,2024-02-28 22:08:10,1,0.114,0.11251135,65.6,BTC-28JUN24-70000-C,60954.6,sell,11.2,11.2,,,,
1396,286589490,2024-02-28 22:22:35,0,0.115,0.11479533,65.52,BTC-28JUN24-70000-C,61128.48,sell,0.5,0.5,,,,
1397,286637118,2024-02-29 01:31:27,0,0.1175,0.11723222,66.38,BTC-28JUN24-70000-C,61250.9,sell,1.3,1.3,,,,
1398,286639101,2024-02-29 01:38:16,0,0.119,0.11896255,66.38,BTC-28JUN24-70000-C,61501.09,sell,0.7,0.7,,,,
1399,286639102,2024-02-29 01:38:16,1,0.119,0.11896255,66.38,BTC-28JUN24-70000-C,61501.09,sell,0.5,0.5,,,,
1400,286640039,2024-02-29 01:43:28,1,0.119,0.11925174,66.3,BTC-28JUN24-70000-C,61515.55,sell,0.5,0.5,,,,
1401,286640085,2024-02-29 01:43:31,1,0.119,0.1193292,66.26,BTC-28JUN24-70000-C,61524.67,sell,0.5,0.5,,,,
1402,286640904,2024-02-29 01:46:48,2,0.1185,0.11868635,66.33,BTC-28JUN24-70000-C,61435.45,sell,0.5,0.5,,,,
1403,286660814,2024-02-29 04:10:01,0,0.119,0.11849102,66.45,BTC-28JUN24-70000-C,61415.33,sell,2.0,2.0,,,,
1404,286668567,2024-02-29 04:49:17,0,0.126,0.12509007,66.68,BTC-28JUN24-70000-C,62438.49,buy,5.0,5.0,,,,
1405,286668572,2024-02-29 04:49:24,1,0.126,0.12508225,66.68,BTC-28JUN24-70000-C,62437.85,buy,2.0,2.0,,,,
1406,286668573,2024-02-29 04:49:24,1,0.126,0.12508225,66.68,BTC-28JUN24-70000-C,62437.85,buy,3.0,3.0,,,,
1407,286677404,2024-02-29 05:18:42,2,0.1235,0.12295639,66.87,BTC-28JUN24-70000-C,61965.31,sell,7.0,7.0,,,,
1408,286678610,2024-02-29 05:24:36,2,0.123,0.12298945,66.68,BTC-28JUN24-70000-C,61956.87,buy,0.1,0.1,,,,
1409,286678786,2024-02-29 05:26:20,2,0.1225,0.12319209,66.34,BTC-28JUN24-70000-C,62000.98,buy,0.3,0.3,,,,
1410,286686249,2024-02-29 06:04:00,0,0.1295,0.12846496,67.33,BTC-28JUN24-70000-C,62750.04,sell,1.2,1.2,,,,
1411,286686426,2024-02-29 06:04:29,0,0.13,0.12876004,67.48,BTC-28JUN24-70000-C,62778.61,buy,7.0,7.0,,,,
1412,286686708,2024-02-29 06:04:58,0,0.1305,0.12942052,67.44,BTC-28JUN24-70000-C,62855.78,sell,1.7,1.7,,,,
1413,286686709,2024-02-29 06:04:58,1,0.1305,0.12942052,67.44,BTC-28JUN24-70000-C,62855.78,sell,0.3,0.3,,,,
1414,286686717,2024-02-29 06:04:59,1,0.1305,0.12941625,67.45,BTC-28JUN24-70000-C,62852.59,sell,1.7,1.7,,,,
1415,286686718,2024-02-29 06:04:59,1,0.1305,0.12941625,67.45,BTC-28JUN24-70000-C,62852.59,sell,0.3,0.3,,,,
1416,286686763,2024-02-29 06:05:03,1,0.1305,0.12941725,67.44,BTC-28JUN24-70000-C,62854.19,sell,1.8,1.8,,,,
1417,286686764,2024-02-29 06:05:03,1,0.1305,0.12941725,67.44,BTC-28JUN24-70000-C,62854.19,sell,0.4,0.4,,,,
1418,286687186,2024-02-29 06:05:56,1,0.1305,0.12971697,67.38,BTC-28JUN24-70000-C,62867.16,sell,1.7,1.7,,,,
1419,286687187,2024-02-29 06:05:56,1,0.1305,0.12971697,67.38,BTC-28JUN24-70000-C,62867.16,sell,0.3,0.3,,,,
1420,286687197,2024-02-29 06:05:57,1,0.1305,0.12971697,67.47,BTC-28JUN24-70000-C,62830.64,sell,3.6,3.6,,,,
1421,286690272,2024-02-29 06:13:15,0,0.1325,0.13174698,67.73,BTC-28JUN24-70000-C,63059.8,sell,1.2,1.2,,,,
1422,286690711,2024-02-29 06:13:55,0,0.1335,0.13277622,67.86,BTC-28JUN24-70000-C,63161.76,sell,20.0,20.0,,,,
1423,286691084,2024-02-29 06:14:14,1,0.1335,0.13332055,67.64,BTC-28JUN24-70000-C,63238.82,sell,5.0,5.0,,,,
1424,286691089,2024-02-29 06:14:14,1,0.1335,0.13332055,67.64,BTC-28JUN24-70000-C,63238.82,sell,3.8,3.8,,,,
1425,286691364,2024-02-29 06:14:39,0,0.134,0.13309538,67.95,BTC-28JUN24-70000-C,63226.64,sell,7.0,7.0,,,,
1426,286691365,2024-02-29 06:14:39,1,0.134,0.13309538,67.95,BTC-28JUN24-70000-C,63226.64,sell,7.0,7.0,,,,
1427,286691372,2024-02-29 06:14:40,1,0.134,0.13309407,67.95,BTC-28JUN24-70000-C,63227.69,sell,0.1,0.1,,,,
1428,286691373,2024-02-29 06:14:40,1,0.134,0.13309407,67.95,BTC-28JUN24-70000-C,63227.69,sell,1.2,1.2,,,,
1429,286691375,2024-02-29 06:14:41,1,0.134,0.13309407,67.95,BTC-28JUN24-70000-C,63227.69,sell,4.7,4.7,,,,
1430,286691873,2024-02-29 06:15:34,2,0.1335,0.13289046,67.94,BTC-28JUN24-70000-C,63156.56,sell,7.0,7.0,,,,
1431,286692248,2024-02-29 06:16:52,0,0.1345,0.13320239,68.26,BTC-28JUN24-70000-C,63194.68,sell,7.0,7.0,,,,
1432,286692249,2024-02-29 06:16:52,1,0.1345,0.13320239,68.26,BTC-28JUN24-70000-C,63194.68,sell,1.2,1.2,,,,
1433,286692319,2024-02-29 06:17:03,1,0.1345,0.1333698,68.3,BTC-28JUN24-70000-C,63179.99,sell,1.6,1.6,,,,
1434,286692320,2024-02-29 06:17:03,1,0.1345,0.1333698,68.3,BTC-28JUN24-70000-C,63179.99,sell,0.3,0.3,,,,
1435,286692781,2024-02-29 06:18:17,0,0.1355,0.13418754,68.5,BTC-28JUN24-70000-C,63263.5,buy,7.0,7.0,,,,
1436,286692782,2024-02-29 06:18:17,1,0.1355,0.13418754,68.5,BTC-28JUN24-70000-C,63263.5,sell,1.0,1.0,,,,
1437,286692783,2024-02-29 06:18:17,1,0.1355,0.13418754,68.5,BTC-28JUN24-70000-C,63263.5,sell,2.7,2.7,,,,
1438,286692784,2024-02-29 06:18:17,1,0.1355,0.13418754,68.5,BTC-28JUN24-70000-C,63263.5,sell,2.3,2.3,,,,
1439,286693801,2024-02-29 06:20:58,0,0.1365,0.13527865,68.63,BTC-28JUN24-70000-C,63366.55,sell,1.5,1.5,,,,
1440,286693819,2024-02-29 06:21:00,1,0.1365,0.13529437,68.66,BTC-28JUN24-70000-C,63358.06,sell,0.6,0.6,,,,
1441,286693822,2024-02-29 06:21:00,1,0.1365,0.13529437,68.66,BTC-28JUN24-70000-C,63357.28,sell,0.1,0.1,,,,
1442,286693824,2024-02-29 06:21:00,1,0.1365,0.13524641,68.66,BTC-28JUN24-70000-C,63357.28,sell,1.7,1.7,,,,
1443,286693838,2024-02-29 06:21:02,1,0.1365,0.13524835,68.66,BTC-28JUN24-70000-C,63355.11,sell,1.5,1.5,,,,
1444,286693840,2024-02-29 06:21:02,1,0.1365,0.13524835,68.66,BTC-28JUN24-70000-C,63355.11,sell,0.3,0.3,,,,
1445,286693841,2024-02-29 06:21:02,1,0.1365,0.13524835,68.66,BTC-28JUN24-70000-C,63355.11,sell,0.1,0.1,,,,
1446,286693855,2024-02-29 06:21:02,1,0.1365,0.13524835,68.66,BTC-28JUN24-70000-C,63355.11,sell,4.1,4.1,,,,
1447,286694434,2024-02-29 06:21:53,2,0.1355,0.13438538,68.79,BTC-28JUN24-70000-C,63138.98,buy,1.5,1.5,,,,
1448,286694438,2024-02-29 06:21:53,3,0.1355,0.13438538,68.79,BTC-28JUN24-70000-C,63138.98,sell,0.4,0.4,,,,
1449,286694440,2024-02-29 06:21:53,3,0.1355,0.13438538,68.79,BTC-28JUN24-70000-C,63138.98,sell,0.1,0.1,,,,
1450,286694442,2024-02-29 06:21:53,3,0.1355,0.13438538,68.79,BTC-28JUN24-70000-C,63114.67,sell,0.2,0.2,,,,
1451,286694443,2024-02-29 06:21:53,3,0.1355,0.13438538,68.79,BTC-28JUN24-70000-C,63114.67,sell,0.1,0.1,,,,
1452,286694444,2024-02-29 06:21:53,3,0.1355,0.13438538,68.79,BTC-28JUN24-70000-C,63114.67,sell,1.5,1.5,,,,
1453,286694446,2024-02-29 06:21:54,3,0.1355,0.13438538,68.79,BTC-28JUN24-70000-C,63114.67,sell,0.1,0.1,,,,
1454,286694448,2024-02-29 06:21:54,3,0.1355,0.13423552,68.86,BTC-28JUN24-70000-C,63114.67,sell,0.4,0.4,,,,
1455,286694450,2024-02-29 06:21:54,3,0.1355,0.13423552,68.86,BTC-28JUN24-70000-C,63114.67,sell,7.0,7.0,,,,
1456,286694454,2024-02-29 06:21:54,3,0.1355,0.13423552,68.86,BTC-28JUN24-70000-C,63114.67,sell,3.7,3.7,,,,
1457,286699197,2024-02-29 06:37:42,0,0.1365,0.13579538,68.86,BTC-28JUN24-70000-C,63304.98,sell,2.0,2.0,,,,
1458,286703368,2024-02-29 06:47:05,0,0.1385,0.13769437,68.84,BTC-28JUN24-70000-C,63628.85,buy,0.4,0.4,,,,
1459,286703369,2024-02-29 06:47:05,1,0.1385,0.13769437,68.84,BTC-28JUN24-70000-C,63628.85,sell,0.1,0.1,,,,
1460,286703372,2024-02-29 06:47:06,1,0.1385,0.13769437,68.84,BTC-28JUN24-70000-C,63628.85,sell,0.1,0.1,,,,
1461,286703480,2024-02-29 06:47:15,0,0.139,0.13784936,69.0,BTC-28JUN24-70000-C,63657.24,buy,0.7,0.7,,,,
1462,286703489,2024-02-29 06:47:15,1,0.139,0.13784936,69.0,BTC-28JUN24-70000-C,63657.24,sell,0.1,0.1,,,,
1463,286703499,2024-02-29 06:47:16,1,0.139,0.13788885,69.0,BTC-28JUN24-70000-C,63657.24,sell,0.1,0.1,,,,
1464,286703507,2024-02-29 06:47:16,1,0.139,0.13788885,68.97,BTC-28JUN24-70000-C,63641.56,sell,7.0,7.0,,,,
1465,286703591,2024-02-29 06:47:26,2,0.1385,0.13777486,68.84,BTC-28JUN24-70000-C,63618.32,sell,1.7,1.7,,,,
1466,286703592,2024-02-29 06:47:26,3,0.1385,0.13777486,68.84,BTC-28JUN24-70000-C,63618.32,sell,0.1,0.1,,,,
1467,286703593,2024-02-29 06:47:26,3,0.1385,0.13777486,68.84,BTC-28JUN24-70000-C,63618.32,sell,0.4,0.4,,,,
1468,286703646,2024-02-29 06:47:31,3,0.1385,0.13759093,68.92,BTC-28JUN24-70000-C,63587.36,sell,1.7,1.7,,,,
1469,286703647,2024-02-29 06:47:31,3,0.1385,0.13759093,68.92,BTC-28JUN24-70000-C,63587.36,sell,0.4,0.4,,,,
1470,286739114,2024-02-29 08:34:23,2,0.132,0.13133339,68.43,BTC-28JUN24-70000-C,62710.1,buy,0.1,0.1,,,,
1471,286741756,2024-02-29 08:45:25,2,0.1315,0.131466,68.24,BTC-28JUN24-70000-C,62669.95,sell,3.0,3.0,128710,,,
1472,286743225,2024-02-29 08:54:06,0,0.1325,0.13224894,68.41,BTC-28JUN24-70000-C,62777.11,buy,0.9,0.9,,,,
1473,286743226,2024-02-29 08:54:06,1,0.1325,0.13224894,68.41,BTC-28JUN24-70000-C,62777.11,buy,0.9,0.9,,,,
1474,286743227,2024-02-29 08:54:06,1,0.1325,0.13224894,68.41,BTC-28JUN24-70000-C,62777.11,buy,0.9,0.9,,,,
1475,286743228,2024-02-29 08:54:06,1,0.1325,0.13224894,68.41,BTC-28JUN24-70000-C,62777.11,buy,0.9,0.9,,,,
1476,286743229,2024-02-29 08:54:06,1,0.1325,0.13224894,68.41,BTC-28JUN24-70000-C,62777.11,buy,0.9,0.9,,,,
1477,286743253,2024-02-29 08:54:16,1,0.1325,0.13232281,68.41,BTC-28JUN24-70000-C,62777.34,buy,0.9,0.9,,,,
1478,286744541,2024-02-29 08:59:59,0,0.133,0.13253888,68.57,BTC-28JUN24-70000-C,62803.79,buy,0.1,0.1,,,,
1479,286744901,2024-02-29 09:01:16,2,0.132,0.13203583,68.35,BTC-28JUN24-70000-C,62731.04,buy,0.9,0.9,,,,
1480,286746325,2024-02-29 09:09:37,0,0.1335,0.13363032,68.34,BTC-28JUN24-70000-C,62958.95,sell,0.6,0.6,,,,
1481,286750893,2024-02-29 09:27:30,2,0.1315,0.13103987,68.83,BTC-28JUN24-70000-C,62490.49,sell,0.1,0.1,,,,
1482,286752097,2024-02-29 09:32:46,2,0.131,0.13090604,68.57,BTC-28JUN24-70000-C,62503.5,buy,0.9,0.9,,,,
1483,286752098,2024-02-29 09:32:46,3,0.131,0.13090604,68.57,BTC-28JUN24-70000-C,62503.5,buy,0.9,0.9,,,,
1484,286752099,2024-02-29 09:32:46,3,0.131,0.13090604,68.57,BTC-28JUN24-70000-C,62503.5,buy,0.9,0.9,,,,
1485,286756461,2024-02-29 10:04:47,3,0.131,0.13124771,68.44,BTC-28JUN24-70000-C,62567.71,sell,0.9,0.9,,,,
1486,286756462,2024-02-29 10:04:47,3,0.131,0.13124771,68.44,BTC-28JUN24-70000-C,62567.71,sell,0.5,0.5,,,,
1487,286757712,2024-02-29 10:15:40,2,0.13,0.1296047,68.62,BTC-28JUN24-70000-C,62345.64,sell,0.3,0.3,,,,
1488,286765162,2024-02-29 11:23:10,0,0.1325,0.13246862,68.17,BTC-28JUN24-70000-C,62924.35,buy,0.1,0.1,,,,
1489,286765251,2024-02-29 11:23:31,1,0.1325,0.13251812,68.11,BTC-28JUN24-70000-C,62946.19,buy,0.1,0.1,,,,
1490,286765278,2024-02-29 11:23:31,1,0.1325,0.13251812,68.11,BTC-28JUN24-70000-C,62946.19,buy,0.1,0.1,,,,
1491,286765295,2024-02-29 11:23:31,1,0.1325,0.13251812,68.11,BTC-28JUN24-70000-C,62946.19,buy,1.7,1.7,,,,
1492,286765296,2024-02-29 11:23:31,1,0.1325,0.13251812,68.11,BTC-28JUN24-70000-C,62946.19,buy,0.3,0.3,,,,
1493,286765327,2024-02-29 11:23:37,1,0.1325,0.13270628,68.03,BTC-28JUN24-70000-C,62976.77,buy,1.0,1.0,,,,
1494,286765336,2024-02-29 11:23:39,1,0.1325,0.1327303,68.01,BTC-28JUN24-70000-C,62981.68,buy,1.6,1.6,,,,
1495,286765337,2024-02-29 11:23:39,1,0.1325,0.1327303,68.01,BTC-28JUN24-70000-C,62981.68,buy,0.1,0.1,,,,
1496,286766135,2024-02-29 11:29:16,1,0.1325,0.13226088,67.97,BTC-28JUN24-70000-C,63006.35,buy,0.1,0.1,,,,
1497,286766922,2024-02-29 11:31:59,1,0.1325,0.13231087,67.93,BTC-28JUN24-70000-C,63033.52,buy,0.1,0.1,,,,
1498,286766931,2024-02-29 11:31:59,1,0.1325,0.13231087,67.93,BTC-28JUN24-70000-C,63033.52,buy,0.1,0.1,,,,
1499,286766934,2024-02-29 11:31:59,1,0.1325,0.13231087,67.93,BTC-28JUN24-70000-C,63033.52,buy,0.1,0.1,,,,
1500,286766945,2024-02-29 11:31:59,1,0.1325,0.13231087,67.93,BTC-28JUN24-70000-C,63033.52,buy,0.1,0.1,,,,
1501,286766946,2024-02-29 11:32:00,1,0.1325,0.13231087,67.93,BTC-28JUN24-70000-C,63033.52,buy,0.2,0.2,,,,
1502,286767002,2024-02-29 11:32:00,1,0.1325,0.13231087,67.91,BTC-28JUN24-70000-C,63033.52,buy,1.7,1.7,,,,
1503,286767003,2024-02-29 11:32:00,1,0.1325,0.13231087,67.91,BTC-28JUN24-70000-C,63033.52,buy,0.1,0.1,,,,
1504,286781714,2024-02-29 12:29:12,2,0.132,0.13277303,68.6,BTC-28JUN24-70000-C,62714.74,sell,1.0,1.0,,,,
1505,286781715,2024-02-29 12:29:12,3,0.132,0.13277303,68.6,BTC-28JUN24-70000-C,62714.74,buy,4.0,4.0,,,,
1506,286783621,2024-02-29 12:46:21,2,0.1305,0.13177787,68.6,BTC-28JUN24-70000-C,62500.76,sell,1.4,1.4,,,,
1507,286789586,2024-02-29 13:26:49,3,0.1305,0.13049476,68.9,BTC-28JUN24-70000-C,62360.81,sell,0.5,0.5,,,,
1508,286791933,2024-02-29 13:34:19,0,0.1335,0.13212465,69.58,BTC-28JUN24-70000-C,62602.83,buy,1.1,1.1,,,,
1509,286793961,2024-02-29 13:41:49,1,0.1335,0.13449467,68.72,BTC-28JUN24-70000-C,62910.19,buy,0.2,0.2,,,,
1510,286793965,2024-02-29 13:41:49,1,0.1335,0.13445598,68.72,BTC-28JUN24-70000-C,62910.19,buy,0.1,0.1,,,,
1511,286793973,2024-02-29 13:41:49,1,0.1335,0.13445598,68.72,BTC-28JUN24-70000-C,62910.19,buy,4.7,4.7,,,,
1512,286805077,2024-02-29 14:32:44,0,0.1375,0.13697517,69.15,BTC-28JUN24-70000-C,63373.02,sell,5.0,5.0,,,,
1513,286812523,2024-02-29 14:48:29,2,0.133,0.13376655,68.5,BTC-28JUN24-70000-C,62862.07,sell,1.5,1.5,,,,
1514,286818755,2024-02-29 15:08:48,2,0.132,0.13266844,68.09,BTC-28JUN24-70000-C,62879.9,sell,7.0,7.0,,,,
1515,286872591,2024-02-29 17:36:52,2,0.1175,0.1210409,65.7,BTC-28JUN24-70000-C,61483.05,sell,0.1,0.1,,286872589,BTC-RR-28JUN24-60000_70000,
1516,286892076,2024-02-29 18:11:01,0,0.12,0.11983076,67.09,BTC-28JUN24-70000-C,61326.38,sell,0.1,0.1,,,,
1517,286896319,2024-02-29 18:29:36,2,0.1175,0.11733305,66.97,BTC-28JUN24-70000-C,60951.1,sell,0.1,0.1,,,,
1518,286898774,2024-02-29 18:34:52,2,0.116,0.11514657,67.28,BTC-28JUN24-70000-C,60615.73,buy,0.1,0.1,,,,
1519,286898782,2024-02-29 18:34:52,3,0.116,0.11514657,67.26,BTC-28JUN24-70000-C,60615.73,buy,0.1,0.1,,,,
1520,286899139,2024-02-29 18:35:45,3,0.116,0.11513213,67.28,BTC-28JUN24-70000-C,60618.61,buy,0.1,0.1,,,,
1521,286899360,2024-02-29 18:36:02,3,0.116,0.11527757,67.24,BTC-28JUN24-70000-C,60632.86,buy,0.1,0.1,,,,
1522,286899363,2024-02-29 18:36:02,3,0.116,0.11527757,67.24,BTC-28JUN24-70000-C,60632.86,buy,0.1,0.1,,,,
1523,286899368,2024-02-29 18:36:02,3,0.116,0.11527757,67.24,BTC-28JUN24-70000-C,60632.86,buy,0.1,0.1,,,,
1524,286952321,2024-02-29 21:19:33,0,0.118,0.11776954,66.49,BTC-28JUN24-70000-C,61338.36,sell,0.5,0.5,,,,
1525,286956260,2024-02-29 21:33:32,2,0.116,0.11601041,66.56,BTC-28JUN24-70000-C,60953.88,sell,0.7,0.7,,,,
1526,286956938,2024-02-29 21:34:39,2,0.1155,0.1151151,66.67,BTC-28JUN24-70000-C,60854.69,sell,0.7,0.7,,,,
1527,286957415,2024-02-29 21:35:19,3,0.1155,0.1147994,66.8,BTC-28JUN24-70000-C,60794.03,buy,0.1,0.1,,,,
1528,286957425,2024-02-29 21:35:19,3,0.1155,0.11483602,66.8,BTC-28JUN24-70000-C,60838.69,buy,0.1,0.1,,,,
1529,286958900,2024-02-29 21:38:36,3,0.1155,0.11468486,66.9,BTC-28JUN24-70000-C,60773.33,buy,0.1,0.1,,,,
1530,286958901,2024-02-29 21:38:36,3,0.1155,0.11468486,66.9,BTC-28JUN24-70000-C,60773.33,buy,0.1,0.1,,,,
1531,286959319,2024-02-29 21:39:46,0,0.1165,0.11636438,66.65,BTC-28JUN24-70000-C,61029.58,sell,0.7,0.7,,,,
1532,287002381,2024-03-01 02:27:11,2,0.116,0.11514038,66.48,BTC-28JUN24-70000-C,60928.36,buy,0.1,0.1,,,,
1533,287002384,2024-03-01 02:27:11,3,0.116,0.11514038,66.48,BTC-28JUN24-70000-C,60933.48,buy,0.1,0.1,,,,
1534,287002395,2024-03-01 02:27:15,3,0.116,0.11519326,66.46,BTC-28JUN24-70000-C,60936.98,buy,0.1,0.1,,,,
1535,287006420,2024-03-01 02:51:25,2,0.115,0.115367,65.99,BTC-28JUN24-70000-C,60924.22,sell,1.4,1.4,,,,
1536,287027746,2024-03-01 07:18:28,0,0.1195,0.11901556,65.88,BTC-28JUN24-70000-C,61694.58,sell,1.4,1.4,,,,
1537,287032064,2024-03-01 07:33:31,2,0.118,0.1184109,65.85,BTC-28JUN24-70000-C,61459.71,sell,0.5,0.5,,,,
1538,287032437,2024-03-01 07:34:12,2,0.1175,0.11849936,65.58,BTC-28JUN24-70000-C,61472.8,sell,1.8,1.8,,,,
1539,287032482,2024-03-01 07:34:15,3,0.1175,0.11844602,65.6,BTC-28JUN24-70000-C,61473.51,sell,1.0,1.0,,,,
1540,287047577,2024-03-01 08:05:26,2,0.116,0.11654878,64.9,BTC-28JUN24-70000-C,61485.05,sell,7.0,7.0,,,,
1541,287084838,2024-03-01 12:57:00,0,0.122,0.12219425,65.45,BTC-28JUN24-70000-C,62331.23,sell,0.1,0.1,,,,
1542,287085089,2024-03-01 12:57:47,2,0.1215,0.12172206,65.43,BTC-28JUN24-70000-C,62257.48,sell,0.1,0.1,,,,
1543,287088655,2024-03-01 13:29:58,0,0.123,0.12347743,65.26,BTC-28JUN24-70000-C,62571.27,buy,1.0,1.0,,,,
1544,287094376,2024-03-01 14:32:58,2,0.1225,0.12245037,65.83,BTC-28JUN24-70000-C,62292.97,sell,0.1,0.1,,,,
1545,287094545,2024-03-01 14:33:32,2,0.122,0.12211594,65.75,BTC-28JUN24-70000-C,62236.66,sell,0.1,0.1,,,,
1546,287109340,2024-03-01 15:33:26,2,0.1185,0.11828772,65.52,BTC-28JUN24-70000-C,61756.77,sell,0.5,0.5,,,,
1547,287139622,2024-03-01 17:48:35,0,0.12,0.12009112,65.68,BTC-28JUN24-70000-C,62071.47,sell,0.5,0.5,,,,
1548,287153416,2024-03-01 19:56:34,0,0.1205,0.12100226,65.6,BTC-28JUN24-70000-C,62219.44,sell,0.1,0.1,,,,
1549,287166939,2024-03-01 20:56:53,0,0.1255,0.12552373,65.7,BTC-28JUN24-70000-C,63043.49,sell,0.1,0.1,,,,
1550,287262666,2024-03-02 13:33:27,2,0.121,0.12044528,66.61,BTC-28JUN24-70000-C,61935.78,buy,0.3,0.3,,,,
1551,287262680,2024-03-02 13:33:57,3,0.121,0.12054083,66.56,BTC-28JUN24-70000-C,61957.67,buy,0.2,0.2,,,,
1552,287262777,2024-03-02 13:36:15,3,0.121,0.12063059,66.47,BTC-28JUN24-70000-C,61990.04,buy,0.1,0.1,,,,
1553,287298401,2024-03-02 23:36:57,0,0.1215,0.1228052,66.6,BTC-28JUN24-70000-C,62065.25,buy,0.3,0.3,,,,
1554,287363582,2024-03-03 12:33:44,0,0.131,0.12594194,69.48,BTC-28JUN24-70000-C,62362.03,sell,1.1,1.1,,,,
1555,287373710,2024-03-03 14:05:04,2,0.128,0.12793664,68.37,BTC-28JUN24-70000-C,62301.29,buy,1.0,1.0,,,,
1556,287374344,2024-03-03 14:17:50,0,0.129,0.12777243,68.64,BTC-28JUN24-70000-C,62359.53,buy,1.0,1.0,,,,
1557,287376225,2024-03-03 14:37:10,2,0.1245,0.12698154,67.09,BTC-28JUN24-70000-C,62203.18,sell,0.1,0.1,,,,
1558,287397903,2024-03-03 17:59:13,0,0.132,0.1332123,69.16,BTC-28JUN24-70000-C,62624.42,sell,0.1,0.1,,,,
1559,287439396,2024-03-04 00:30:31,0,0.142,0.14225949,69.83,BTC-28JUN24-70000-C,63792.13,sell,0.3,0.3,,,,
1560,287446009,2024-03-04 00:41:51,0,0.143,0.1447047,69.17,BTC-28JUN24-70000-C,64054.13,sell,0.3,0.3,,,,
1561,287446404,2024-03-04 00:42:49,0,0.144,0.14509169,69.42,BTC-28JUN24-70000-C,64118.18,sell,0.1,0.1,,,,
1562,287446577,2024-03-04 00:42:50,1,0.144,0.14509169,69.42,BTC-28JUN24-70000-C,64086.4,sell,0.7,0.7,,,,
1563,287479540,2024-03-04 01:28:26,2,0.1425,0.14367062,70.67,BTC-28JUN24-70000-C,63730.32,buy,0.1,0.1,,,,
1564,287479559,2024-03-04 01:28:28,3,0.1425,0.14366406,70.66,BTC-28JUN24-70000-C,63735.16,buy,0.1,0.1,,,,
1565,287479562,2024-03-04 01:28:29,3,0.1425,0.14368175,70.64,BTC-28JUN24-70000-C,63739.1,buy,0.1,0.1,,,,
1566,287482374,2024-03-04 01:40:26,2,0.1405,0.14261848,69.82,BTC-28JUN24-70000-C,63735.26,sell,0.5,0.5,,,,
1567,287501472,2024-03-04 03:45:39,2,0.1385,0.13937903,69.44,BTC-28JUN24-70000-C,63570.73,sell,0.2,0.2,,,,
1568,287501473,2024-03-04 03:45:39,3,0.1385,0.13937903,69.44,BTC-28JUN24-70000-C,63570.73,sell,0.2,0.2,,,,
1569,287501529,2024-03-04 03:46:10,3,0.1385,0.13948512,69.38,BTC-28JUN24-70000-C,63590.97,sell,0.1,0.1,,,,
1570,287501533,2024-03-04 03:46:17,3,0.1385,0.13945184,69.4,BTC-28JUN24-70000-C,63585.21,sell,0.1,0.1,,,,
1571,287501537,2024-03-04 03:46:20,3,0.1385,0.13948382,69.38,BTC-28JUN24-70000-C,63586.93,sell,0.1,0.1,,,,
1572,287501561,2024-03-04 03:46:27,3,0.1385,0.13945775,69.39,BTC-28JUN24-70000-C,63588.36,sell,0.1,0.1,,,,
1573,287501568,2024-03-04 03:46:37,3,0.1385,0.13949966,69.36,BTC-28JUN24-70000-C,63600.91,sell,0.1,0.1,,,,
1574,287501569,2024-03-04 03:46:38,3,0.1385,0.13951969,69.36,BTC-28JUN24-70000-C,63602.0,sell,0.1,0.1,,,,
1575,287501615,2024-03-04 03:46:59,2,0.138,0.13920183,69.27,BTC-28JUN24-70000-C,63551.39,sell,0.1,0.1,,,,
1576,287501616,2024-03-04 03:46:59,3,0.138,0.13920183,69.27,BTC-28JUN24-70000-C,63551.39,sell,0.1,0.1,,,,
1577,287501624,2024-03-04 03:47:00,3,0.138,0.13920183,69.27,BTC-28JUN24-70000-C,63545.35,sell,0.1,0.1,,,,
1578,287502881,2024-03-04 03:57:10,2,0.137,0.13801163,69.23,BTC-28JUN24-70000-C,63410.3,sell,0.2,0.2,,,,
1579,287505200,2024-03-04 04:28:54,0,0.138,0.13883013,69.07,BTC-28JUN24-70000-C,63615.56,sell,1.2,1.2,,,,
1580,287505201,2024-03-04 04:28:54,1,0.138,0.13883013,69.07,BTC-28JUN24-70000-C,63615.56,sell,0.9,0.9,,,,
1581,287508649,2024-03-04 05:06:32,0,0.1395,0.1389182,69.57,BTC-28JUN24-70000-C,63655.87,sell,0.1,0.1,,,,
1582,287523109,2024-03-04 07:11:26,2,0.1375,0.13824389,68.86,BTC-28JUN24-70000-C,63540.67,sell,0.1,0.1,,,,
1583,287523278,2024-03-04 07:12:29,3,0.1375,0.13807336,68.93,BTC-28JUN24-70000-C,63533.32,sell,0.1,0.1,,,,
1584,287523279,2024-03-04 07:12:29,3,0.1375,0.13807637,68.93,BTC-28JUN24-70000-C,63533.32,sell,0.1,0.1,,,,
1585,287523333,2024-03-04 07:13:02,3,0.1375,0.13807989,68.92,BTC-28JUN24-70000-C,63528.69,sell,0.3,0.3,,,,
1586,287529258,2024-03-04 07:44:40,0,0.141,0.14208435,68.78,BTC-28JUN24-70000-C,64112.3,sell,0.5,0.5,,,,
1587,287529396,2024-03-04 07:45:09,0,0.1415,0.14227514,68.94,BTC-28JUN24-70000-C,64129.43,sell,0.1,0.1,,,,
1588,287530341,2024-03-04 07:46:36,0,0.142,0.14307682,68.79,BTC-28JUN24-70000-C,64252.93,sell,0.1,0.1,,,,
1589,287530349,2024-03-04 07:46:36,1,0.142,0.14307682,68.79,BTC-28JUN24-70000-C,64252.93,sell,0.1,0.1,,,,
1590,287530353,2024-03-04 07:46:37,1,0.142,0.14311428,68.8,BTC-28JUN24-70000-C,64237.39,sell,0.1,0.1,,,,
1591,287530363,2024-03-04 07:46:37,1,0.142,0.14311428,68.84,BTC-28JUN24-70000-C,64237.39,sell,0.1,0.1,,,,
1592,287530364,2024-03-04 07:46:37,1,0.142,0.14311428,68.84,BTC-28JUN24-70000-C,64237.39,sell,0.1,0.1,,,,
1593,287530376,2024-03-04 07:46:37,1,0.142,0.14311428,68.84,BTC-28JUN24-70000-C,64237.39,sell,0.1,0.1,,,,
1594,287530382,2024-03-04 07:46:38,1,0.142,0.14311428,68.84,BTC-28JUN24-70000-C,64226.94,sell,0.1,0.1,,,,
1595,287530387,2024-03-04 07:46:38,1,0.142,0.14308281,68.84,BTC-28JUN24-70000-C,64226.94,sell,0.1,0.1,,,,
1596,287530398,2024-03-04 07:46:38,1,0.142,0.14308281,68.84,BTC-28JUN24-70000-C,64226.94,sell,0.1,0.1,,,,
1597,287530412,2024-03-04 07:46:38,1,0.142,0.14308281,68.84,BTC-28JUN24-70000-C,64226.94,sell,0.1,0.1,,,,
1598,287536598,2024-03-04 08:02:42,2,0.1419,0.14319866,69.1,BTC-28JUN24-70000-C,64160.15,sell,3.0,3.0,129275,,,
1599,287537409,2024-03-04 08:04:43,0,0.142,0.14343718,69.09,BTC-28JUN24-70000-C,64170.83,sell,0.1,0.1,,,,
1600,287537501,2024-03-04 08:05:02,1,0.142,0.14348998,69.06,BTC-28JUN24-70000-C,64175.35,sell,0.1,0.1,,,,
1601,287537532,2024-03-04 08:05:04,1,0.142,0.14345343,69.08,BTC-28JUN24-70000-C,64172.21,sell,0.1,0.1,,,,
1602,287537562,2024-03-04 08:05:05,1,0.142,0.14343095,69.1,BTC-28JUN24-70000-C,64166.59,sell,0.1,0.1,,,,
1603,287537602,2024-03-04 08:05:06,1,0.142,0.14343095,69.1,BTC-28JUN24-70000-C,64166.59,sell,0.1,0.1,,,,
1604,287538718,2024-03-04 08:07:27,0,0.1435,0.14491891,69.1,BTC-28JUN24-70000-C,64407.96,sell,0.1,0.1,,,,
1605,287538797,2024-03-04 08:07:33,1,0.1435,0.144909,69.11,BTC-28JUN24-70000-C,64422.77,sell,0.1,0.1,,,,
1606,287538809,2024-03-04 08:07:33,1,0.1435,0.144909,69.11,BTC-28JUN24-70000-C,64422.77,sell,0.2,0.2,,,,
1607,287538811,2024-03-04 08:07:33,1,0.1435,0.144909,69.11,BTC-28JUN24-70000-C,64422.77,sell,0.1,0.1,,,,
1608,287538817,2024-03-04 08:07:33,1,0.1435,0.144909,69.11,BTC-28JUN24-70000-C,64422.77,sell,0.1,0.1,,,,
1609,287540437,2024-03-04 08:08:15,0,0.1455,0.14655525,69.24,BTC-28JUN24-70000-C,64697.54,sell,0.1,0.1,,,,
1610,287542832,2024-03-04 08:11:50,0,0.1475,0.14780601,69.77,BTC-28JUN24-70000-C,64775.31,sell,0.1,0.1,,,,
1611,287542838,2024-03-04 08:11:50,1,0.1475,0.14768852,69.83,BTC-28JUN24-70000-C,64732.16,sell,0.1,0.1,,,,
1612,287543412,2024-03-04 08:12:59,2,0.1454,0.14711301,69.08,BTC-28JUN24-70000-C,64703.77,sell,4.0,4.0,129285,,,
1613,287545277,2024-03-04 08:17:05,0,0.1475,0.14837819,69.71,BTC-28JUN24-70000-C,64828.02,sell,0.1,0.1,,,,
1614,287545283,2024-03-04 08:17:05,1,0.1475,0.14820144,69.71,BTC-28JUN24-70000-C,64828.02,sell,0.1,0.1,,,,
1615,287545289,2024-03-04 08:17:06,1,0.1475,0.14820144,69.71,BTC-28JUN24-70000-C,64783.33,sell,0.2,0.2,,,,
1616,287590412,2024-03-04 09:36:52,0,0.1595,0.15925966,73.18,BTC-28JUN24-70000-C,65414.71,sell,5.0,5.0,,,,
1617,287592366,2024-03-04 09:39:37,0,0.1615,0.15934507,74.2,BTC-28JUN24-70000-C,65391.36,sell,0.1,0.1,,,,
1618,287602692,2024-03-04 10:03:02,2,0.1595,0.15935035,73.88,BTC-28JUN24-70000-C,65208.69,sell,0.2,0.2,,,,
1619,287633923,2024-03-04 11:57:17,2,0.159,0.15906228,73.7,BTC-28JUN24-70000-C,65111.9,sell,0.5,0.5,,,,
1620,287635486,2024-03-04 12:03:35,2,0.1585,0.15932284,73.41,BTC-28JUN24-70000-C,65122.87,sell,4.0,4.0,,,,
1621,287635489,2024-03-04 12:03:35,0,0.159,0.15932284,73.64,BTC-28JUN24-70000-C,65116.71,buy,2.1,2.1,,,,
1622,287635490,2024-03-04 12:03:35,1,0.159,0.15932284,73.64,BTC-28JUN24-70000-C,65116.71,buy,0.1,0.1,,,,
1623,287635491,2024-03-04 12:03:35,1,0.159,0.15932284,73.64,BTC-28JUN24-70000-C,65116.71,buy,0.1,0.1,,,,
1624,287654183,2024-03-04 13:26:03,0,0.16,0.15936191,74.0,BTC-28JUN24-70000-C,65251.88,sell,0.4,0.4,,,,
1625,287665715,2024-03-04 13:58:23,2,0.1595,0.15938184,74.04,BTC-28JUN24-70000-C,65145.96,sell,0.1,0.1,,,,
1626,287665716,2024-03-04 13:58:23,3,0.1595,0.15938184,74.04,BTC-28JUN24-70000-C,65145.96,sell,0.4,0.4,,,,
1627,287674264,2024-03-04 14:08:23,2,0.1575,0.15764742,73.85,BTC-28JUN24-70000-C,64981.37,sell,0.8,0.8,,,,
1628,287675775,2024-03-04 14:11:11,0,0.159,0.15847404,74.18,BTC-28JUN24-70000-C,65104.7,sell,0.6,0.6,,,,
1629,287676208,2024-03-04 14:12:19,1,0.159,0.15843158,74.18,BTC-28JUN24-70000-C,65104.41,sell,0.6,0.6,,,,
1630,287676338,2024-03-04 14:12:38,1,0.159,0.1584976,74.18,BTC-28JUN24-70000-C,65111.75,sell,0.6,0.6,,,,
1631,287677323,2024-03-04 14:14:32,0,0.16,0.15995718,73.98,BTC-28JUN24-70000-C,65314.56,sell,0.6,0.6,,,,
1632,287678384,2024-03-04 14:16:18,0,0.1605,0.15979272,74.19,BTC-28JUN24-70000-C,65311.39,buy,0.6,0.6,,,,
1633,287679348,2024-03-04 14:18:05,2,0.1595,0.15930519,74.02,BTC-28JUN24-70000-C,65201.54,sell,0.6,0.6,,,,
1634,287681560,2024-03-04 14:21:14,2,0.159,0.15876632,74.04,BTC-28JUN24-70000-C,65132.3,sell,0.6,0.6,,,,
1635,287683122,2024-03-04 14:24:12,3,0.159,0.15891958,73.93,BTC-28JUN24-70000-C,65168.88,sell,0.6,0.6,,,,
1636,287685524,2024-03-04 14:28:54,0,0.1605,0.16031149,74.09,BTC-28JUN24-70000-C,65342.34,sell,0.6,0.6,,,,
1637,287686178,2024-03-04 14:30:24,0,0.161,0.16097596,73.92,BTC-28JUN24-70000-C,65490.93,sell,0.6,0.6,,,,
1638,287691146,2024-03-04 14:37:14,0,0.165,0.16330187,74.61,BTC-28JUN24-70000-C,65876.09,buy,0.1,0.1,,,,
1639,287701273,2024-03-04 14:50:06,0,0.1655,0.16478687,74.21,BTC-28JUN24-70000-C,66069.75,sell,0.2,0.2,,,,
1640,287714113,2024-03-04 15:16:19,0,0.168,0.16714205,74.7,BTC-28JUN24-70000-C,66257.5,sell,0.1,0.1,,,,
1641,287714114,2024-03-04 15:16:19,1,0.168,0.16714205,74.7,BTC-28JUN24-70000-C,66257.5,sell,0.1,0.1,,,,
1642,287714118,2024-03-04 15:16:19,1,0.168,0.16714205,74.72,BTC-28JUN24-70000-C,66257.5,sell,0.1,0.1,,,,
1643,287714142,2024-03-04 15:16:22,1,0.168,0.16704483,74.76,BTC-28JUN24-70000-C,66254.74,sell,0.1,0.1,,,,
1644,287714143,2024-03-04 15:16:22,1,0.168,0.16704483,74.76,BTC-28JUN24-70000-C,66254.74,sell,0.1,0.1,,,,
1645,287714147,2024-03-04 15:16:22,1,0.168,0.16704483,74.73,BTC-28JUN24-70000-C,66261.18,sell,0.1,0.1,,,,
1646,287714148,2024-03-04 15:16:23,1,0.168,0.1670944,74.71,BTC-28JUN24-70000-C,66261.76,sell,0.1,0.1,,,,
1647,287714161,2024-03-04 15:16:25,1,0.168,0.16726386,74.68,BTC-28JUN24-70000-C,66272.72,sell,0.9,0.9,,,,
1648,287714164,2024-03-04 15:16:25,1,0.168,0.16726386,74.68,BTC-28JUN24-70000-C,66272.72,sell,0.5,0.5,,,,
1649,287714196,2024-03-04 15:16:25,1,0.168,0.16729273,74.68,BTC-28JUN24-70000-C,66272.72,sell,0.2,0.2,,,,
1650,287714207,2024-03-04 15:16:25,1,0.168,0.16729273,74.68,BTC-28JUN24-70000-C,66272.72,sell,0.1,0.1,,,,
1651,287714211,2024-03-04 15:16:26,1,0.168,0.16729273,74.68,BTC-28JUN24-70000-C,66272.72,sell,0.3,0.3,,,,
1652,287714227,2024-03-04 15:16:26,1,0.168,0.16729273,74.68,BTC-28JUN24-70000-C,66272.72,sell,0.1,0.1,,,,
1653,287714233,2024-03-04 15:16:26,1,0.168,0.16729273,74.68,BTC-28JUN24-70000-C,66272.72,sell,0.1,0.1,,,,
1654,287714239,2024-03-04 15:16:26,1,0.168,0.16729273,74.68,BTC-28JUN24-70000-C,66272.72,sell,0.2,0.2,,,,
1655,287714250,2024-03-04 15:16:26,1,0.168,0.16729273,74.68,BTC-28JUN24-70000-C,66272.72,sell,0.2,0.2,,,,
1656,287714254,2024-03-04 15:16:26,1,0.168,0.16729273,74.68,BTC-28JUN24-70000-C,66272.72,sell,0.2,0.2,,,,
1657,287714258,2024-03-04 15:16:26,1,0.168,0.16729273,74.68,BTC-28JUN24-70000-C,66272.72,sell,0.4,0.4,,,,
1658,287714263,2024-03-04 15:16:26,1,0.168,0.16729273,74.67,BTC-28JUN24-70000-C,66328.45,sell,0.1,0.1,,,,
1659,287714287,2024-03-04 15:16:27,1,0.168,0.16738352,74.52,BTC-28JUN24-70000-C,66357.63,sell,0.1,0.1,,,,
1660,287714288,2024-03-04 15:16:27,1,0.168,0.16738352,74.52,BTC-28JUN24-70000-C,66357.63,sell,0.1,0.1,,,,
1661,287714368,2024-03-04 15:16:31,1,0.168,0.16791253,74.46,BTC-28JUN24-70000-C,66341.11,sell,0.1,0.1,,,,
1662,287714410,2024-03-04 15:16:35,1,0.168,0.16779364,74.49,BTC-28JUN24-70000-C,66339.87,sell,0.1,0.1,,,,
1663,287714415,2024-03-04 15:16:35,1,0.168,0.16779364,74.49,BTC-28JUN24-70000-C,66339.87,sell,0.1,0.1,,,,
1664,287714936,2024-03-04 15:18:17,1,0.168,0.16766074,74.68,BTC-28JUN24-70000-C,66264.4,sell,1.2,1.2,,,,
1665,287715972,2024-03-04 15:20:49,1,0.168,0.16771248,74.76,BTC-28JUN24-70000-C,66218.66,sell,5.0,5.0,,,,
1666,287715986,2024-03-04 15:20:50,1,0.168,0.16771248,74.76,BTC-28JUN24-70000-C,66218.66,sell,0.3,0.3,,,,
1667,287726956,2024-03-04 15:50:35,0,0.17,0.16880535,75.51,BTC-28JUN24-70000-C,66326.69,buy,0.1,0.1,,,,
1668,287728578,2024-03-04 15:53:19,0,0.173,0.17087556,76.07,BTC-28JUN24-70000-C,66610.4,buy,0.1,0.1,,,,
1669,287729393,2024-03-04 15:55:04,2,0.1695,0.16954358,75.04,BTC-28JUN24-70000-C,66412.9,buy,1.7,1.7,,,,
1670,287729394,2024-03-04 15:55:04,3,0.1695,0.16954358,75.04,BTC-28JUN24-70000-C,66412.9,buy,0.1,0.1,,,,
1671,287729395,2024-03-04 15:55:04,3,0.1695,0.16954358,75.04,BTC-28JUN24-70000-C,66412.9,buy,0.3,0.3,,,,
1672,287729416,2024-03-04 15:55:05,3,0.1695,0.16946558,75.04,BTC-28JUN24-70000-C,66431.34,buy,3.2,3.2,,,,
1673,287729417,2024-03-04 15:55:05,3,0.1695,0.16946558,75.04,BTC-28JUN24-70000-C,66431.34,buy,0.4,0.4,,,,
1674,287729423,2024-03-04 15:55:07,3,0.1695,0.16955907,74.92,BTC-28JUN24-70000-C,66457.69,buy,1.6,1.6,,,,
1675,287729424,2024-03-04 15:55:07,3,0.1695,0.16955907,74.92,BTC-28JUN24-70000-C,66457.69,buy,0.4,0.4,,,,
1676,287729434,2024-03-04 15:55:08,3,0.1695,0.16965019,74.92,BTC-28JUN24-70000-C,66457.36,buy,1.7,1.7,,,,
1677,287729791,2024-03-04 15:56:38,3,0.1695,0.16968001,74.9,BTC-28JUN24-70000-C,66460.91,buy,0.6,0.6,,,,
1678,287733987,2024-03-04 16:03:28,2,0.169,0.1697572,74.77,BTC-28JUN24-70000-C,66406.18,sell,1.5,1.5,,,,
1679,287733988,2024-03-04 16:03:28,3,0.169,0.1697572,74.77,BTC-28JUN24-70000-C,66406.18,buy,3.6,3.6,,,,
1680,287733992,2024-03-04 16:03:28,3,0.169,0.1697572,74.77,BTC-28JUN24-70000-C,66406.18,buy,2.1,2.1,,,,
1681,287734000,2024-03-04 16:03:28,3,0.169,0.1697572,74.75,BTC-28JUN24-70000-C,66402.01,buy,0.1,0.1,,,,
1682,287734027,2024-03-04 16:03:32,3,0.169,0.16968387,74.8,BTC-28JUN24-70000-C,66384.5,buy,1.8,1.8,,,,
1683,287734036,2024-03-04 16:03:35,3,0.169,0.16975595,74.76,BTC-28JUN24-70000-C,66409.69,buy,0.9,0.9,,,,
1684,287739726,2024-03-04 16:14:46,0,0.171,0.17193742,74.47,BTC-28JUN24-70000-C,66848.84,buy,1.5,1.5,,,,
1685,287739727,2024-03-04 16:14:46,1,0.171,0.17193742,74.47,BTC-28JUN24-70000-C,66848.84,buy,8.5,8.5,,,,
1686,287749957,2024-03-04 16:43:24,2,0.1685,0.16902479,74.6,BTC-28JUN24-70000-C,66397.77,sell,0.1,0.1,,,,
1687,287749961,2024-03-04 16:43:25,3,0.1685,0.16902455,74.6,BTC-28JUN24-70000-C,66397.77,sell,0.1,0.1,,,,
1688,287749993,2024-03-04 16:43:43,3,0.1685,0.16909083,74.56,BTC-28JUN24-70000-C,66405.22,sell,0.1,0.1,,,,
1689,287750010,2024-03-04 16:43:43,3,0.1685,0.16909083,74.56,BTC-28JUN24-70000-C,66399.27,sell,0.1,0.1,,,,
1690,287750029,2024-03-04 16:43:48,3,0.1685,0.16900812,74.6,BTC-28JUN24-70000-C,66391.41,sell,0.1,0.1,,,,
1691,287750031,2024-03-04 16:43:48,3,0.1685,0.16900812,74.6,BTC-28JUN24-70000-C,66391.41,sell,0.1,0.1,,,,
1692,287753340,2024-03-04 16:58:01,0,0.1695,0.16974961,74.6,BTC-28JUN24-70000-C,66567.96,sell,0.1,0.1,,,,
1693,287753730,2024-03-04 16:59:59,0,0.17,0.17003014,74.68,BTC-28JUN24-70000-C,66613.88,sell,0.1,0.1,,,,
1694,287753954,2024-03-04 17:00:14,0,0.1705,0.17034652,74.78,BTC-28JUN24-70000-C,66662.8,sell,0.5,0.5,,,,
1695,287754013,2024-03-04 17:00:31,1,0.1705,0.17028018,74.8,BTC-28JUN24-70000-C,66648.19,sell,0.6,0.6,,,,
1696,287761695,2024-03-04 17:24:16,0,0.1725,0.17089944,75.36,BTC-28JUN24-70000-C,66811.59,buy,1.5,1.5,,,,
1697,287761696,2024-03-04 17:24:16,1,0.1725,0.17089944,75.36,BTC-28JUN24-70000-C,66811.59,buy,4.0,4.0,,,,
1698,287761697,2024-03-04 17:24:16,0,0.173,0.17089944,75.59,BTC-28JUN24-70000-C,66811.59,buy,0.8,0.8,,,,
1699,287761698,2024-03-04 17:24:16,1,0.173,0.17089944,75.59,BTC-28JUN24-70000-C,66811.59,sell,8.4,8.4,,,,
1700,287761699,2024-03-04 17:24:16,1,0.173,0.17089944,75.59,BTC-28JUN24-70000-C,66811.59,sell,0.3,0.3,,,,
1701,287761980,2024-03-04 17:24:47,0,0.1735,0.17171015,75.45,BTC-28JUN24-70000-C,66958.81,buy,1.5,1.5,,,,
1702,287761981,2024-03-04 17:24:47,0,0.174,0.17171015,75.68,BTC-28JUN24-70000-C,66958.81,sell,11.4,11.4,,,,
1703,287761982,2024-03-04 17:24:47,1,0.174,0.17171015,75.68,BTC-28JUN24-70000-C,66958.81,sell,2.1,2.1,,,,
1704,287762046,2024-03-04 17:25:11,0,0.1745,0.17213151,75.73,BTC-28JUN24-70000-C,67005.39,buy,1.5,1.5,,,,
1705,287762047,2024-03-04 17:25:11,1,0.1745,0.17213151,75.73,BTC-28JUN24-70000-C,67005.39,buy,1.5,1.5,,,,
1706,287762048,2024-03-04 17:25:11,1,0.1745,0.17213151,75.73,BTC-28JUN24-70000-C,67005.39,buy,4.0,4.0,,,,
1707,287762049,2024-03-04 17:25:11,1,0.1745,0.17213151,75.73,BTC-28JUN24-70000-C,67005.39,buy,0.8,0.8,,,,
1708,287762050,2024-03-04 17:25:11,1,0.1745,0.17213151,75.73,BTC-28JUN24-70000-C,67005.39,sell,4.2,4.2,,,,
1709,287765768,2024-03-04 17:29:58,0,0.175,0.1749047,74.71,BTC-28JUN24-70000-C,67431.55,sell,0.1,0.1,,,,
1710,287765773,2024-03-04 17:29:58,1,0.175,0.1749047,74.71,BTC-28JUN24-70000-C,67431.55,sell,0.1,0.1,,,,
1711,287765797,2024-03-04 17:29:58,1,0.175,0.1749047,74.71,BTC-28JUN24-70000-C,67431.55,sell,0.1,0.1,,,,
1712,287765823,2024-03-04 17:30:00,1,0.175,0.17493892,74.75,BTC-28JUN24-70000-C,67408.47,sell,0.1,0.1,,,,
1713,287765846,2024-03-04 17:30:00,1,0.175,0.17493892,74.75,BTC-28JUN24-70000-C,67408.47,sell,0.1,0.1,,,,
1714,287765852,2024-03-04 17:30:01,1,0.175,0.17493892,74.75,BTC-28JUN24-70000-C,67408.47,sell,0.1,0.1,,,,
1715,287765857,2024-03-04 17:30:01,1,0.175,0.17493892,74.8,BTC-28JUN24-70000-C,67399.73,sell,0.1,0.1,,,,
1716,287765873,2024-03-04 17:30:02,1,0.175,0.17479302,74.8,BTC-28JUN24-70000-C,67387.93,sell,0.1,0.1,,,,
1717,287765880,2024-03-04 17:30:02,1,0.175,0.17479302,74.8,BTC-28JUN24-70000-C,67387.93,sell,0.1,0.1,,,,
1718,287765885,2024-03-04 17:30:02,1,0.175,0.17479302,74.8,BTC-28JUN24-70000-C,67387.93,sell,0.1,0.1,,,,
1719,287778272,2024-03-04 17:55:34,0,0.176,0.17684921,75.65,BTC-28JUN24-70000-C,67195.87,sell,0.1,0.1,,,,
1720,287778273,2024-03-04 17:55:35,1,0.176,0.17685234,75.65,BTC-28JUN24-70000-C,67198.54,sell,0.1,0.1,,,,
1721,287778415,2024-03-04 17:56:18,2,0.1755,0.17648238,75.6,BTC-28JUN24-70000-C,67113.15,sell,0.1,0.1,,,,
1722,287778417,2024-03-04 17:56:18,3,0.1755,0.17648238,75.6,BTC-28JUN24-70000-C,67113.15,sell,0.1,0.1,,,,
1723,287791763,2024-03-04 18:32:50,2,0.1685,0.16967319,74.73,BTC-28JUN24-70000-C,66393.69,sell,0.5,0.5,,,,
1724,287791764,2024-03-04 18:32:50,3,0.1685,0.16967319,74.73,BTC-28JUN24-70000-C,66393.69,sell,1.4,1.4,,,,
1725,287791816,2024-03-04 18:32:58,0,0.1687,0.16946477,74.87,BTC-28JUN24-70000-C,66378.62,sell,100.0,100.0,129536,,,
1726,287796057,2024-03-04 18:41:52,2,0.1685,0.16838805,74.86,BTC-28JUN24-70000-C,66409.23,sell,0.6,0.6,,,,
1727,287796365,2024-03-04 18:42:57,0,0.169,0.16902747,74.79,BTC-28JUN24-70000-C,66539.88,sell,0.6,0.6,,,,
1728,287796902,2024-03-04 18:44:22,1,0.169,0.16892981,74.83,BTC-28JUN24-70000-C,66506.82,sell,0.6,0.6,,,,
1729,287796965,2024-03-04 18:44:35,1,0.169,0.16888674,74.84,BTC-28JUN24-70000-C,66504.33,sell,0.1,0.1,,,,
1730,287796996,2024-03-04 18:44:45,1,0.169,0.1688078,74.85,BTC-28JUN24-70000-C,66497.73,sell,0.5,0.5,,,,
1731,287797282,2024-03-04 18:45:29,0,0.17,0.16970026,74.94,BTC-28JUN24-70000-C,66613.77,sell,0.1,0.1,,,,
1732,287797310,2024-03-04 18:45:37,1,0.17,0.1697408,74.9,BTC-28JUN24-70000-C,66627.04,sell,0.1,0.1,,,,
1733,287797311,2024-03-04 18:45:37,1,0.17,0.1697408,74.9,BTC-28JUN24-70000-C,66627.04,sell,0.1,0.1,,,,
1734,287797339,2024-03-04 18:45:41,1,0.17,0.16972421,74.91,BTC-28JUN24-70000-C,66622.99,sell,0.1,0.1,,,,
1735,287797341,2024-03-04 18:45:42,1,0.17,0.16972421,74.91,BTC-28JUN24-70000-C,66622.99,sell,0.1,0.1,,,,
1736,287797383,2024-03-04 18:45:49,1,0.17,0.16970848,74.93,BTC-28JUN24-70000-C,66613.29,sell,0.1,0.1,,,,
1737,287797423,2024-03-04 18:45:55,1,0.17,0.16965803,74.95,BTC-28JUN24-70000-C,66602.95,sell,0.1,0.1,,,,
1738,287797424,2024-03-04 18:45:55,1,0.17,0.16965803,74.95,BTC-28JUN24-70000-C,66602.95,sell,0.1,0.1,,,,
1739,287797429,2024-03-04 18:45:55,1,0.17,0.16965803,74.95,BTC-28JUN24-70000-C,66602.95,sell,0.1,0.1,,,,
1740,287797432,2024-03-04 18:45:56,1,0.17,0.16965803,74.95,BTC-28JUN24-70000-C,66602.95,sell,0.1,0.1,,,,
1741,287797433,2024-03-04 18:45:56,1,0.17,0.16965803,74.95,BTC-28JUN24-70000-C,66602.95,sell,0.2,0.2,,,,
1742,287798181,2024-03-04 18:48:39,0,0.1705,0.16999882,74.95,BTC-28JUN24-70000-C,66657.6,sell,0.6,0.6,,,,
1743,287798233,2024-03-04 18:48:58,1,0.1705,0.17004131,74.91,BTC-28JUN24-70000-C,66672.77,sell,0.6,0.6,,,,
1744,287798911,2024-03-04 18:51:42,2,0.17,0.16964656,74.84,BTC-28JUN24-70000-C,66600.54,sell,0.6,0.6,,,,
1745,287798994,2024-03-04 18:52:01,3,0.17,0.16961472,74.84,BTC-28JUN24-70000-C,66603.74,sell,0.6,0.6,,,,
1746,287799906,2024-03-04 18:54:45,3,0.17,0.16872498,74.88,BTC-28JUN24-70000-C,66596.79,sell,0.6,0.6,,,,
1747,287799960,2024-03-04 18:55:04,3,0.17,0.16877547,74.83,BTC-28JUN24-70000-C,66636.9,sell,0.6,0.6,,,,
1748,287800224,2024-03-04 18:56:38,2,0.168,0.16863317,73.93,BTC-28JUN24-70000-C,66626.41,sell,0.5,0.5,,,,
1749,287800421,2024-03-04 18:57:48,0,0.1695,0.16845295,74.58,BTC-28JUN24-70000-C,66652.84,buy,0.6,0.6,,,,
1750,287800488,2024-03-04 18:58:06,0,0.17,0.16846025,74.8,BTC-28JUN24-70000-C,66651.75,buy,0.6,0.6,,,,
1751,287800943,2024-03-04 19:00:51,2,0.1695,0.1684333,74.51,BTC-28JUN24-70000-C,66658.3,buy,0.6,0.6,,,,
1752,287801629,2024-03-04 19:03:53,3,0.1695,0.16776084,74.85,BTC-28JUN24-70000-C,66545.13,buy,0.6,0.6,,,,
1753,287802035,2024-03-04 19:06:55,3,0.1695,0.16817836,74.69,BTC-28JUN24-70000-C,66598.84,buy,0.6,0.6,,,,
1754,287803572,2024-03-04 19:09:57,2,0.1685,0.16762838,74.5,BTC-28JUN24-70000-C,66487.03,buy,0.6,0.6,,,,
1755,287803800,2024-03-04 19:11:06,2,0.168,0.16677745,74.56,BTC-28JUN24-70000-C,66400.07,buy,0.6,0.6,,,,
1756,287804158,2024-03-04 19:14:16,0,0.1685,0.16803431,74.26,BTC-28JUN24-70000-C,66566.39,sell,0.6,0.6,,,,
1757,287804196,2024-03-04 19:14:40,1,0.1685,0.16780222,74.37,BTC-28JUN24-70000-C,66531.08,sell,0.6,0.6,,,,
1758,287804205,2024-03-04 19:14:43,1,0.1685,0.1677913,74.39,BTC-28JUN24-70000-C,66527.03,sell,0.6,0.6,,,,
1759,287804983,2024-03-04 19:19:15,0,0.17,0.16886176,74.69,BTC-28JUN24-70000-C,66662.5,buy,0.6,0.6,,,,
1760,287805295,2024-03-04 19:20:05,2,0.1695,0.16969761,74.1,BTC-28JUN24-70000-C,66781.71,sell,0.6,0.6,,,,
1761,287805296,2024-03-04 19:20:05,3,0.1695,0.16969761,74.1,BTC-28JUN24-70000-C,66781.71,sell,0.6,0.6,,,,
1762,287805335,2024-03-04 19:20:13,3,0.1695,0.16981084,74.09,BTC-28JUN24-70000-C,66782.04,buy,0.6,0.6,,,,
1763,287805347,2024-03-04 19:20:14,3,0.1695,0.1697052,74.09,BTC-28JUN24-70000-C,66783.64,buy,0.6,0.6,,,,
1764,287805350,2024-03-04 19:20:17,3,0.1695,0.16979075,74.06,BTC-28JUN24-70000-C,66795.23,buy,0.6,0.6,,,,
1765,287805360,2024-03-04 19:20:18,3,0.1695,0.16979075,74.06,BTC-28JUN24-70000-C,66801.77,buy,1.7,1.7,,,,
1766,287805394,2024-03-04 19:20:24,0,0.17,0.16978782,74.28,BTC-28JUN24-70000-C,66790.03,sell,0.1,0.1,,,,
1767,287805419,2024-03-04 19:20:30,2,0.1695,0.16962929,74.12,BTC-28JUN24-70000-C,66774.59,sell,0.5,0.5,,,,
1768,287805420,2024-03-04 19:20:30,3,0.1695,0.16962929,74.12,BTC-28JUN24-70000-C,66774.59,sell,0.6,0.6,,,,
1769,287805432,2024-03-04 19:20:40,3,0.1695,0.16958364,74.14,BTC-28JUN24-70000-C,66767.85,sell,0.6,0.6,,,,
1770,287805523,2024-03-04 19:21:04,0,0.17,0.16984155,74.26,BTC-28JUN24-70000-C,66803.76,sell,0.6,0.6,,,,
1771,287805573,2024-03-04 19:21:09,2,0.1695,0.1696625,74.11,BTC-28JUN24-70000-C,66774.94,sell,0.6,0.6,,,,
1772,287805742,2024-03-04 19:21:54,0,0.17,0.16994826,74.21,BTC-28JUN24-70000-C,66820.52,sell,0.6,0.6,,,,
1773,287805819,2024-03-04 19:22:36,1,0.17,0.17010381,74.11,BTC-28JUN24-70000-C,66856.21,buy,0.6,0.6,,,,
1774,287806221,2024-03-04 19:24:50,1,0.17,0.1695142,74.1,BTC-28JUN24-70000-C,66867.14,buy,0.6,0.6,,,,
1775,287806415,2024-03-04 19:25:36,0,0.1705,0.17006848,74.24,BTC-28JUN24-70000-C,66897.44,sell,0.6,0.6,,,,
1776,287806416,2024-03-04 19:25:36,1,0.1705,0.17006848,74.24,BTC-28JUN24-70000-C,66897.44,sell,0.6,0.6,,,,
1777,287819202,2024-03-04 20:11:07,0,0.172,0.17285181,73.63,BTC-28JUN24-70000-C,67428.64,sell,1.5,1.5,,,,
1778,287819207,2024-03-04 20:11:07,2,0.1705,0.17285181,72.93,BTC-28JUN24-70000-C,67428.64,buy,5.0,5.0,,,,
1779,287819208,2024-03-04 20:11:07,3,0.1705,0.17285181,72.93,BTC-28JUN24-70000-C,67428.64,buy,0.2,0.2,,,,
1780,287821048,2024-03-04 20:15:23,2,0.1694,0.17060638,72.35,BTC-28JUN24-70000-C,67479.37,sell,12.5,12.5,129551,,BTC-STRD-28JUN24-70000,
1781,287822342,2024-03-04 20:17:42,2,0.1685,0.16991816,72.28,BTC-28JUN24-70000-C,67392.06,sell,1.0,1.0,,,,
1782,287822343,2024-03-04 20:17:42,3,0.1685,0.16991816,72.28,BTC-28JUN24-70000-C,67392.06,sell,1.4,1.4,,,,
1783,287822372,2024-03-04 20:17:42,3,0.1685,0.16991967,72.28,BTC-28JUN24-70000-C,67393.41,buy,0.4,0.4,,,,
1784,287822378,2024-03-04 20:17:42,3,0.1685,0.16991967,72.28,BTC-28JUN24-70000-C,67393.41,buy,47.2,47.2,,,,
1785,287822440,2024-03-04 20:17:43,2,0.1679,0.16991967,72.0,BTC-28JUN24-70000-C,67393.41,sell,13.0,13.0,129552,,BTC-STRD-28JUN24-70000,
1786,287910745,2024-03-05 00:39:47,0,0.17,0.16922411,71.43,BTC-28JUN24-70000-C,67956.17,sell,0.7,0.7,,,,
1787,287910753,2024-03-05 00:39:48,1,0.17,0.16921233,71.43,BTC-28JUN24-70000-C,67956.18,sell,0.3,0.3,,,,
1788,287919714,2024-03-05 01:16:43,0,0.1745,0.17345896,71.55,BTC-28JUN24-70000-C,68608.2,buy,1.0,1.0,,,,
1789,287923921,2024-03-05 01:29:09,2,0.173,0.17396826,70.82,BTC-28JUN24-70000-C,68555.62,sell,0.5,0.5,,,,
1790,287924177,2024-03-05 01:30:34,2,0.1725,0.17344423,70.72,BTC-28JUN24-70000-C,68496.38,sell,0.5,0.5,,,,
1791,287924193,2024-03-05 01:30:47,2,0.172,0.17321051,70.59,BTC-28JUN24-70000-C,68471.94,sell,1.4,1.4,,,,
1792,287925184,2024-03-05 01:35:21,2,0.1715,0.17250303,70.52,BTC-28JUN24-70000-C,68386.07,sell,0.5,0.5,,,,
1793,287945645,2024-03-05 02:38:27,2,0.171,0.17035384,71.33,BTC-28JUN24-70000-C,68083.92,buy,3.0,3.0,,,,
1794,288032576,2024-03-05 07:13:44,2,0.1672,0.16776463,71.44,BTC-28JUN24-70000-C,67259.4,buy,12.0,12.0,129669,,,
1795,288060386,2024-03-05 08:13:57,2,0.1625,0.16253073,71.97,BTC-28JUN24-70000-C,66393.3,buy,0.2,0.2,,,,
1796,288060683,2024-03-05 08:14:36,3,0.1625,0.16269257,71.83,BTC-28JUN24-70000-C,66443.36,buy,2.7,2.7,,,,
1797,288060827,2024-03-05 08:14:43,3,0.1625,0.16290209,71.69,BTC-28JUN24-70000-C,66492.02,buy,1.0,1.0,,,,
1798,288061550,2024-03-05 08:15:12,3,0.1625,0.16306371,71.6,BTC-28JUN24-70000-C,66527.75,buy,0.7,0.7,,,,
1799,288061558,2024-03-05 08:15:12,3,0.1625,0.16306371,71.6,BTC-28JUN24-70000-C,66527.75,buy,0.1,0.1,,,,
1800,288061562,2024-03-05 08:15:13,3,0.1625,0.16306371,71.57,BTC-28JUN24-70000-C,66530.67,buy,0.3,0.3,,,,
1801,288061563,2024-03-05 08:15:13,3,0.1625,0.16306371,71.57,BTC-28JUN24-70000-C,66530.67,buy,0.1,0.1,,,,
1802,288102801,2024-03-05 11:13:35,3,0.1625,0.1635929,70.77,BTC-28JUN24-70000-C,66802.0,buy,1.5,1.5,,,,
1803,288160180,2024-03-05 14:42:37,0,0.1705,0.17074956,70.74,BTC-28JUN24-70000-C,68033.95,buy,0.1,0.1,,,,
1804,288250462,2024-03-05 16:02:34,2,0.1615,0.16261511,70.94,BTC-28JUN24-70000-C,66602.64,sell,2.5,2.5,,,,
1805,288288456,2024-03-05 16:28:48,2,0.157,0.15593555,72.05,BTC-28JUN24-70000-C,65611.98,sell,0.1,0.1,,,,
1806,288288973,2024-03-05 16:29:33,0,0.158,0.15673475,72.18,BTC-28JUN24-70000-C,65741.29,sell,0.1,0.1,,,,
1807,288289769,2024-03-05 16:30:39,0,0.1605,0.15782543,72.87,BTC-28JUN24-70000-C,65884.94,buy,5.0,5.0,,,,
1808,288292274,2024-03-05 16:34:24,2,0.1577,0.15661134,72.21,BTC-28JUN24-70000-C,65631.64,buy,100.0,100.0,129894,,,
1809,288293568,2024-03-05 16:36:27,2,0.155,0.15513088,71.65,BTC-28JUN24-70000-C,65426.82,buy,100.0,100.0,129895,,,
1810,288296052,2024-03-05 16:39:54,2,0.1539,0.15401007,71.67,BTC-28JUN24-70000-C,65331.37,buy,100.0,100.0,129897,,,
1811,288297014,2024-03-05 16:41:46,0,0.1548,0.15444196,71.92,BTC-28JUN24-70000-C,65343.39,buy,50.0,50.0,129898,,,
1812,288336387,2024-03-05 17:18:35,2,0.147,0.14737985,71.35,BTC-28JUN24-70000-C,64303.78,buy,1.4,1.4,,,,
1813,288336398,2024-03-05 17:18:37,2,0.1465,0.14737576,71.13,BTC-28JUN24-70000-C,64292.01,buy,0.5,0.5,,,,
1814,288336546,2024-03-05 17:18:53,0,0.147,0.1478221,71.13,BTC-28JUN24-70000-C,64381.22,buy,0.5,0.5,,,,
1815,288336779,2024-03-05 17:19:12,2,0.146,0.14683822,71.1,BTC-28JUN24-70000-C,64225.87,buy,0.5,0.5,,,,
1816,288336831,2024-03-05 17:19:17,3,0.146,0.14688384,71.08,BTC-28JUN24-70000-C,64233.21,buy,0.5,0.5,,,,
1817,288336903,2024-03-05 17:19:23,3,0.146,0.14694245,71.05,BTC-28JUN24-70000-C,64242.75,buy,0.5,0.5,,,,
1818,288337403,2024-03-05 17:20:05,0,0.1465,0.14695619,71.2,BTC-28JUN24-70000-C,64290.87,buy,0.1,0.1,,,,
1819,288337406,2024-03-05 17:20:06,1,0.1465,0.14698132,71.13,BTC-28JUN24-70000-C,64314.84,buy,0.1,0.1,,,,
1820,288337407,2024-03-05 17:20:06,1,0.1465,0.14698132,71.13,BTC-28JUN24-70000-C,64314.84,buy,0.1,0.1,,,,
1821,288337416,2024-03-05 17:20:06,1,0.1465,0.14698132,71.13,BTC-28JUN24-70000-C,64314.84,buy,0.1,0.1,,,,
1822,288337419,2024-03-05 17:20:06,1,0.1465,0.14698132,71.13,BTC-28JUN24-70000-C,64314.84,buy,0.1,0.1,,,,
1823,288338028,2024-03-05 17:20:36,0,0.1475,0.14791657,71.18,BTC-28JUN24-70000-C,64495.49,buy,0.5,0.5,,,,
1824,288339168,2024-03-05 17:21:40,0,0.1485,0.14902152,71.11,BTC-28JUN24-70000-C,64624.49,buy,0.5,0.5,,,,
1825,288344502,2024-03-05 17:31:00,2,0.147,0.14708349,71.16,BTC-28JUN24-70000-C,64359.4,buy,0.1,0.1,,,,
1826,288374769,2024-03-05 18:42:10,0,0.1485,0.14897403,71.14,BTC-28JUN24-70000-C,64671.54,buy,0.5,0.5,,,,
1827,288376447,2024-03-05 18:47:31,2,0.1465,0.14687431,71.13,BTC-28JUN24-70000-C,64358.47,buy,0.3,0.3,,,,
1828,288376454,2024-03-05 18:47:33,3,0.1465,0.14694054,71.05,BTC-28JUN24-70000-C,64371.59,buy,0.2,0.2,,,,
1829,288376462,2024-03-05 18:47:37,3,0.1465,0.14707333,71.04,BTC-28JUN24-70000-C,64370.5,buy,0.5,0.5,,,,
1830,288376573,2024-03-05 18:48:07,0,0.147,0.1474473,71.16,BTC-28JUN24-70000-C,64408.7,buy,0.5,0.5,,,,
1831,288377029,2024-03-05 18:48:40,2,0.146,0.14642071,71.12,BTC-28JUN24-70000-C,64252.2,buy,0.2,0.2,,,,
1832,288377476,2024-03-05 18:48:49,2,0.145,0.14574952,71.13,BTC-28JUN24-70000-C,64129.86,buy,0.4,0.4,,,,
1833,288377480,2024-03-05 18:48:49,3,0.145,0.14574952,71.13,BTC-28JUN24-70000-C,64129.86,buy,0.1,0.1,,,,
1834,288377605,2024-03-05 18:48:52,0,0.1455,0.14556662,71.19,BTC-28JUN24-70000-C,64153.7,buy,0.4,0.4,,,,
1835,288377886,2024-03-05 18:49:32,0,0.146,0.14621314,71.13,BTC-28JUN24-70000-C,64268.1,buy,0.1,0.1,,,,
1836,288380184,2024-03-05 18:52:00,2,0.143,0.14297651,71.12,BTC-28JUN24-70000-C,63829.57,buy,0.5,0.5,,,,
1837,288380490,2024-03-05 18:52:16,3,0.143,0.14303208,71.15,BTC-28JUN24-70000-C,63817.57,buy,0.5,0.5,,,,
1838,288380901,2024-03-05 18:52:35,0,0.144,0.14370641,71.3,BTC-28JUN24-70000-C,63924.01,buy,0.1,0.1,,,,
1839,288380912,2024-03-05 18:52:36,1,0.144,0.14370641,71.3,BTC-28JUN24-70000-C,63924.01,buy,0.1,0.1,,,,
1840,288382161,2024-03-05 18:55:09,2,0.143,0.14255529,71.21,BTC-28JUN24-70000-C,63836.11,buy,0.3,0.3,,,,
1841,288382165,2024-03-05 18:55:09,3,0.143,0.14255529,71.21,BTC-28JUN24-70000-C,63836.11,buy,0.1,0.1,,,,
1842,288383059,2024-03-05 18:57:20,3,0.143,0.14324827,70.86,BTC-28JUN24-70000-C,63899.0,buy,0.5,0.5,,,,
1843,288383305,2024-03-05 18:57:34,0,0.1435,0.14375478,70.86,BTC-28JUN24-70000-C,63968.36,buy,0.1,0.1,,,,
1844,288383310,2024-03-05 18:57:34,1,0.1435,0.14375478,70.86,BTC-28JUN24-70000-C,63968.36,buy,0.4,0.4,,,,
1845,288383680,2024-03-05 18:57:56,0,0.144,0.14405263,70.89,BTC-28JUN24-70000-C,64101.7,buy,0.1,0.1,,,,
1846,288384705,2024-03-05 19:00:05,2,0.1435,0.14344043,70.75,BTC-28JUN24-70000-C,64032.36,buy,0.4,0.4,,,,
1847,288384706,2024-03-05 19:00:05,3,0.1435,0.14344043,70.75,BTC-28JUN24-70000-C,64032.36,buy,1.2,1.2,,,,
1848,288386861,2024-03-05 19:03:53,0,0.144,0.14421821,70.48,BTC-28JUN24-70000-C,64200.32,buy,0.5,0.5,,,,
1849,288387054,2024-03-05 19:04:39,1,0.144,0.14411812,70.5,BTC-28JUN24-70000-C,64205.8,buy,0.5,0.5,,,,
1850,288387254,2024-03-05 19:05:05,1,0.144,0.14403862,70.5,BTC-28JUN24-70000-C,64190.69,sell,0.1,0.1,,,,
1851,288387404,2024-03-05 19:05:27,2,0.1435,0.14347657,70.49,BTC-28JUN24-70000-C,64121.98,buy,0.5,0.5,,,,
1852,288387462,2024-03-05 19:05:33,3,0.1435,0.14354952,70.43,BTC-28JUN24-70000-C,64155.2,buy,0.5,0.5,,,,
1853,288387502,2024-03-05 19:05:43,3,0.1435,0.14360771,70.41,BTC-28JUN24-70000-C,64148.32,buy,0.1,0.1,,,,
1854,288387503,2024-03-05 19:05:43,3,0.1435,0.14360771,70.41,BTC-28JUN24-70000-C,64148.32,buy,0.4,0.4,,,,
1855,288388621,2024-03-05 19:08:06,2,0.1425,0.14254856,70.4,BTC-28JUN24-70000-C,63982.95,buy,0.3,0.3,,,,
1856,288388678,2024-03-05 19:08:13,2,0.142,0.14249951,70.3,BTC-28JUN24-70000-C,63932.71,sell,0.2,0.2,,,,
1857,288388842,2024-03-05 19:08:24,3,0.142,0.14243429,70.3,BTC-28JUN24-70000-C,63897.24,buy,0.1,0.1,,,,
1858,288388843,2024-03-05 19:08:25,3,0.142,0.14243429,70.3,BTC-28JUN24-70000-C,63897.24,buy,0.4,0.4,,,,
1859,288390397,2024-03-05 19:09:55,2,0.141,0.14064424,70.71,BTC-28JUN24-70000-C,63622.98,sell,0.1,0.1,,,,
1860,288395589,2024-03-05 19:13:06,2,0.1405,0.14109917,70.45,BTC-28JUN24-70000-C,63645.07,sell,0.5,0.5,,,,
1861,288395619,2024-03-05 19:13:08,3,0.1405,0.14100104,70.51,BTC-28JUN24-70000-C,63607.74,buy,0.5,0.5,,,,
1862,288395657,2024-03-05 19:13:12,3,0.1405,0.14058238,70.64,BTC-28JUN24-70000-C,63568.7,sell,0.5,0.5,,,,
1863,288395692,2024-03-05 19:13:17,2,0.14,0.14055846,70.46,BTC-28JUN24-70000-C,63556.59,sell,0.5,0.5,,,,
1864,288395773,2024-03-05 19:13:19,3,0.14,0.14049818,70.51,BTC-28JUN24-70000-C,63486.28,buy,0.4,0.4,,,,
1865,288395775,2024-03-05 19:13:19,3,0.14,0.14049818,70.51,BTC-28JUN24-70000-C,63486.28,buy,0.1,0.1,,,,
1866,288395877,2024-03-05 19:13:37,0,0.1405,0.14073142,70.63,BTC-28JUN24-70000-C,63571.82,buy,0.5,0.5,,,,
1867,288395970,2024-03-05 19:13:54,1,0.1405,0.14089465,70.53,BTC-28JUN24-70000-C,63623.02,sell,0.5,0.5,,,,
1868,288395982,2024-03-05 19:13:56,0,0.141,0.14094851,70.72,BTC-28JUN24-70000-C,63619.16,buy,0.5,0.5,,,,
1869,288395999,2024-03-05 19:13:59,1,0.141,0.14088243,70.77,BTC-28JUN24-70000-C,63606.36,buy,0.1,0.1,,,,
1870,288396000,2024-03-05 19:13:59,1,0.141,0.14088243,70.77,BTC-28JUN24-70000-C,63606.36,buy,0.4,0.4,,,,
1871,288396056,2024-03-05 19:14:05,2,0.1405,0.14082184,70.61,BTC-28JUN24-70000-C,63580.35,buy,0.5,0.5,,,,
