trade_seq,trade_id,timestamp,tick_direction,price,mark_price,iv,instrument_name,index_price,direction,amount,block_trade_id,combo_id,combo_trade_id
1,198515776,2022-01-10 13:22:33,1,0.573,0.56444384,86.49,BTC-30SEP22-20000-C,40908.23,buy,0.1,,,
2,200460767,2022-01-24 08:45:29,2,0.4955,0.49756655,76.07,BTC-30SEP22-20000-C,35047.5,sell,7.9,,,
3,200460878,2022-01-24 08:45:30,3,0.4955,0.49685252,76.14,BTC-30SEP22-20000-C,35015.87,sell,5.1,,,
4,209733923,2022-04-10 22:45:23,0,0.5495,0.5496649,80.45,BTC-30SEP22-20000-C,42044.4,sell,2.0,,,
5,212094152,2022-05-05 16:35:03,2,0.482,0.48247152,74.71,BTC-30SEP22-20000-C,36985.5,sell,0.4,,,
6,212094153,2022-05-05 16:35:03,3,0.482,0.48247152,74.71,BTC-30SEP22-20000-C,36985.5,sell,0.3,,,
7,212094154,2022-05-05 16:35:03,3,0.482,0.48247152,74.71,BTC-30SEP22-20000-C,36985.5,sell,0.2,,,
8,212094169,2022-05-05 16:35:03,3,0.482,0.48236587,75.03,BTC-30SEP22-20000-C,36974.67,sell,1.9,,,
9,212094171,2022-05-05 16:35:03,3,0.482,0.48236587,75.03,BTC-30SEP22-20000-C,36974.67,sell,0.3,,,
10,212094175,2022-05-05 16:35:03,3,0.482,0.48236587,75.03,BTC-30SEP22-20000-C,36974.67,sell,0.2,,,
11,212094176,2022-05-05 16:35:03,3,0.482,0.48236587,75.03,BTC-30SEP22-20000-C,36974.67,sell,0.3,,,
12,212094179,2022-05-05 16:35:04,3,0.482,0.48236587,75.03,BTC-30SEP22-20000-C,36974.67,sell,0.5,,,
13,212094180,2022-05-05 16:35:04,3,0.482,0.48236587,75.03,BTC-30SEP22-20000-C,36974.67,sell,0.2,,,
14,212094181,2022-05-05 16:35:04,3,0.482,0.48236587,75.15,BTC-30SEP22-20000-C,36968.86,sell,0.1,,,
15,212094182,2022-05-05 16:35:04,3,0.482,0.48236587,75.15,BTC-30SEP22-20000-C,36968.86,sell,0.1,,,
16,212094183,2022-05-05 16:35:04,3,0.482,0.48236587,75.15,BTC-30SEP22-20000-C,36968.86,sell,0.1,,,
17,212094196,2022-05-05 16:35:05,3,0.482,0.48214171,75.15,BTC-30SEP22-20000-C,36968.86,sell,0.4,,,
18,213016923,2022-05-09 22:28:40,2,0.3985,0.39836162,77.32,BTC-30SEP22-20000-C,30912.67,sell,5.3,,,
19,213016924,2022-05-09 22:28:40,3,0.3985,0.39836162,77.32,BTC-30SEP22-20000-C,30912.67,sell,0.1,,,
20,213016926,2022-05-09 22:28:41,0,0.399,0.39836162,77.83,BTC-30SEP22-20000-C,30905.48,sell,3.6,,,
21,213019796,2022-05-09 22:47:22,0,0.404,0.40340203,77.71,BTC-30SEP22-20000-C,31246.54,sell,9.7,,,
22,213019808,2022-05-09 22:47:23,0,0.4045,0.40339348,78.17,BTC-30SEP22-20000-C,31242.39,sell,5.3,,,
23,213756090,2022-05-11 23:02:17,2,0.3785,0.37928141,87.43,BTC-30SEP22-20000-C,28780.79,buy,0.4,,,
24,213756091,2022-05-11 23:02:17,3,0.3785,0.37928141,87.43,BTC-30SEP22-20000-C,28780.79,buy,0.2,,,
25,213756092,2022-05-11 23:02:17,3,0.3785,0.37928141,87.43,BTC-30SEP22-20000-C,28780.79,buy,0.3,,,
26,213756093,2022-05-11 23:02:19,3,0.3785,0.37918528,87.49,BTC-30SEP22-20000-C,28781.85,buy,0.3,,,
27,213756094,2022-05-11 23:02:19,3,0.3785,0.37918528,87.49,BTC-30SEP22-20000-C,28781.85,buy,0.3,,,
28,213756097,2022-05-11 23:02:20,3,0.3785,0.37920923,87.43,BTC-30SEP22-20000-C,28785.92,buy,0.3,,,
29,213756098,2022-05-11 23:02:20,3,0.3785,0.37920923,87.43,BTC-30SEP22-20000-C,28785.92,buy,0.2,,,
30,213756099,2022-05-11 23:02:20,3,0.3785,0.37920923,87.43,BTC-30SEP22-20000-C,28785.92,buy,0.4,,,
31,213756100,2022-05-11 23:02:20,3,0.3785,0.37921517,87.33,BTC-30SEP22-20000-C,28795.32,buy,1.5,,,
32,213756101,2022-05-11 23:02:20,3,0.3785,0.37921517,87.33,BTC-30SEP22-20000-C,28795.32,buy,1.0,,,
33,213756102,2022-05-11 23:02:21,3,0.3785,0.37921517,87.33,BTC-30SEP22-20000-C,28795.32,buy,0.3,,,
34,213756104,2022-05-11 23:02:21,3,0.3785,0.37921517,87.33,BTC-30SEP22-20000-C,28795.32,buy,0.2,,,
35,213756105,2022-05-11 23:02:21,3,0.3785,0.37921517,87.33,BTC-30SEP22-20000-C,28795.32,buy,0.2,,,
36,213756106,2022-05-11 23:02:21,3,0.3785,0.37921517,87.33,BTC-30SEP22-20000-C,28795.32,buy,0.5,,,
37,213756107,2022-05-11 23:02:21,3,0.3785,0.37921517,87.33,BTC-30SEP22-20000-C,28795.32,buy,0.3,,,
38,213756110,2022-05-11 23:02:21,3,0.3785,0.37921517,87.33,BTC-30SEP22-20000-C,28795.32,buy,0.5,,,
39,213756111,2022-05-11 23:02:21,3,0.3785,0.37921517,87.33,BTC-30SEP22-20000-C,28795.32,buy,1.0,,,
40,213756112,2022-05-11 23:02:21,3,0.3785,0.37921517,87.33,BTC-30SEP22-20000-C,28795.32,buy,1.1,,,
41,213759763,2022-05-11 23:14:46,0,0.379,0.37890047,87.44,BTC-30SEP22-20000-C,28786.22,buy,0.3,,,
42,213759764,2022-05-11 23:14:48,1,0.379,0.37890835,87.4,BTC-30SEP22-20000-C,28789.29,buy,0.1,,,
43,213759765,2022-05-11 23:14:48,1,0.379,0.37890835,87.4,BTC-30SEP22-20000-C,28789.29,buy,0.8,,,
44,213759767,2022-05-11 23:14:48,1,0.379,0.37896541,87.4,BTC-30SEP22-20000-C,28789.29,buy,0.2,,,
45,213759769,2022-05-11 23:14:49,1,0.379,0.37896541,87.42,BTC-30SEP22-20000-C,28788.17,buy,1.0,,,
46,213759770,2022-05-11 23:14:49,1,0.379,0.37896541,87.42,BTC-30SEP22-20000-C,28788.17,buy,0.5,,,
47,213759773,2022-05-11 23:14:49,1,0.379,0.378932,87.42,BTC-30SEP22-20000-C,28788.17,buy,0.3,,,
48,213759781,2022-05-11 23:14:53,1,0.379,0.37879568,87.5,BTC-30SEP22-20000-C,28780.37,buy,0.2,,,
49,213759782,2022-05-11 23:14:53,1,0.379,0.37879568,87.5,BTC-30SEP22-20000-C,28780.37,buy,0.1,,,
50,213759783,2022-05-11 23:14:54,1,0.379,0.37879568,87.5,BTC-30SEP22-20000-C,28781.61,buy,0.3,,,
51,213759784,2022-05-11 23:14:54,1,0.379,0.37879568,87.5,BTC-30SEP22-20000-C,28781.61,buy,0.4,,,
52,213759785,2022-05-11 23:14:54,1,0.379,0.37879568,87.5,BTC-30SEP22-20000-C,28781.61,buy,1.1,,,
53,213759786,2022-05-11 23:14:54,1,0.379,0.37879568,87.5,BTC-30SEP22-20000-C,28781.61,buy,0.3,,,
54,213759787,2022-05-11 23:14:54,1,0.379,0.37879568,87.5,BTC-30SEP22-20000-C,28781.61,buy,0.2,,,
55,213759788,2022-05-11 23:14:54,1,0.379,0.37879568,87.5,BTC-30SEP22-20000-C,28781.61,buy,0.2,,,
56,213903231,2022-05-12 06:01:40,2,0.3635,0.36118105,98.21,BTC-30SEP22-20000-C,26747.71,buy,2.3,,,
57,213903232,2022-05-12 06:01:40,3,0.3635,0.36118105,98.21,BTC-30SEP22-20000-C,26747.71,buy,1.6,,,
58,213903234,2022-05-12 06:01:41,3,0.3635,0.36130057,98.21,BTC-30SEP22-20000-C,26747.71,buy,0.4,,,
59,213903235,2022-05-12 06:01:41,3,0.3635,0.36130057,98.15,BTC-30SEP22-20000-C,26733.6,buy,0.3,,,
60,213903236,2022-05-12 06:01:41,3,0.3635,0.36130057,98.15,BTC-30SEP22-20000-C,26733.6,buy,0.4,,,
61,213903244,2022-05-12 06:01:44,3,0.3635,0.36103658,98.29,BTC-30SEP22-20000-C,26733.06,buy,0.2,,,
62,213903245,2022-05-12 06:01:44,3,0.3635,0.36103658,98.29,BTC-30SEP22-20000-C,26733.06,buy,0.3,,,
63,213904615,2022-05-12 06:03:40,0,0.365,0.3633334,98.25,BTC-30SEP22-20000-C,26835.73,buy,3.5,,,
64,218270307,2022-06-13 19:11:04,2,0.25,0.25004678,83.87,BTC-30SEP22-20000-C,23235.63,sell,1.0,,,
65,218753319,2022-06-14 19:31:07,2,0.2255,0.22348922,83.67,BTC-30SEP22-20000-C,22176.31,buy,0.1,,,
66,218753322,2022-06-14 19:31:07,3,0.2255,0.22348922,83.67,BTC-30SEP22-20000-C,22176.31,buy,0.1,,,
67,218753323,2022-06-14 19:31:07,3,0.2255,0.22348922,83.67,BTC-30SEP22-20000-C,22176.31,buy,0.1,,,
68,218753324,2022-06-14 19:31:07,3,0.2255,0.22348922,83.67,BTC-30SEP22-20000-C,22176.31,buy,0.1,,,
69,218753325,2022-06-14 19:31:07,3,0.2255,0.22348922,83.67,BTC-30SEP22-20000-C,22176.31,buy,0.1,,,
70,218753326,2022-06-14 19:31:07,3,0.2255,0.22348922,83.67,BTC-30SEP22-20000-C,22176.31,buy,0.1,,,
71,218753327,2022-06-14 19:31:07,3,0.2255,0.22348922,83.67,BTC-30SEP22-20000-C,22176.31,buy,0.2,,,
72,218753328,2022-06-14 19:31:07,3,0.2255,0.22348922,83.67,BTC-30SEP22-20000-C,22176.31,buy,0.2,,,
73,218753333,2022-06-14 19:31:07,3,0.2255,0.22348922,83.67,BTC-30SEP22-20000-C,22176.31,buy,0.2,,,
74,218753335,2022-06-14 19:31:07,3,0.2255,0.22348922,83.67,BTC-30SEP22-20000-C,22176.31,buy,0.1,,,
75,218753338,2022-06-14 19:31:07,3,0.2255,0.22348922,83.67,BTC-30SEP22-20000-C,22176.31,buy,0.1,,,
76,218753340,2022-06-14 19:31:07,3,0.2255,0.22348922,83.67,BTC-30SEP22-20000-C,22176.31,buy,0.1,,,
77,218753341,2022-06-14 19:31:07,3,0.2255,0.22348922,83.67,BTC-30SEP22-20000-C,22176.31,buy,0.1,,,
78,218753350,2022-06-14 19:31:08,3,0.2255,0.22358836,83.62,BTC-30SEP22-20000-C,22180.79,buy,0.1,,,
79,218753351,2022-06-14 19:31:08,3,0.2255,0.22358836,83.62,BTC-30SEP22-20000-C,22180.79,buy,0.1,,,
80,218753356,2022-06-14 19:31:08,3,0.2255,0.22358836,83.62,BTC-30SEP22-20000-C,22180.79,buy,0.1,,,
81,218753361,2022-06-14 19:31:08,3,0.2255,0.22358836,83.62,BTC-30SEP22-20000-C,22180.79,buy,0.1,,,
82,218753373,2022-06-14 19:31:09,3,0.2255,0.22359398,83.59,BTC-30SEP22-20000-C,22184.28,buy,0.1,,,
83,218775463,2022-06-14 21:38:20,2,0.212,0.21201143,84.31,BTC-30SEP22-20000-C,21510.5,buy,0.7,,,
84,218775464,2022-06-14 21:38:20,3,0.212,0.21201143,84.31,BTC-30SEP22-20000-C,21510.5,buy,0.3,,,
85,218864999,2022-06-15 07:02:31,2,0.2095,0.20903891,85.37,BTC-30SEP22-20000-C,21293.38,buy,0.1,,,
86,218865293,2022-06-15 07:04:23,3,0.2095,0.20873417,85.02,BTC-30SEP22-20000-C,21332.77,buy,0.2,,,
87,218865294,2022-06-15 07:04:23,3,0.2095,0.20873417,85.02,BTC-30SEP22-20000-C,21332.77,buy,0.1,,,
88,218865303,2022-06-15 07:04:23,3,0.2095,0.2087672,85.02,BTC-30SEP22-20000-C,21332.77,buy,0.1,,,
89,218895790,2022-06-15 08:37:10,2,0.2,0.1999324,88.46,BTC-30SEP22-20000-C,20520.65,sell,0.5,,,
90,218911758,2022-06-15 09:20:41,3,0.2,0.19974615,92.16,BTC-30SEP22-20000-C,20167.13,sell,1.4,,,
91,218911761,2022-06-15 09:20:42,3,0.2,0.19974615,92.16,BTC-30SEP22-20000-C,20167.13,sell,1.6,,,
92,218911762,2022-06-15 09:20:42,3,0.2,0.19974615,92.16,BTC-30SEP22-20000-C,20167.13,sell,1.5,,,
93,218911903,2022-06-15 09:21:22,3,0.2,0.19955122,92.33,BTC-30SEP22-20000-C,20144.75,sell,1.4,,,
94,218923240,2022-06-15 09:49:46,0,0.215,0.21317241,100.01,BTC-30SEP22-20000-C,20103.99,buy,1.0,,,
95,218923241,2022-06-15 09:49:46,1,0.215,0.21317241,100.01,BTC-30SEP22-20000-C,20103.99,buy,1.2,,,
96,218923259,2022-06-15 09:49:48,1,0.215,0.21319378,100.03,BTC-30SEP22-20000-C,20102.51,buy,0.2,,,
97,218928409,2022-06-15 10:02:43,0,0.2175,0.2166215,100.68,BTC-30SEP22-20000-C,20158.53,buy,250.0,41919,,
98,218930430,2022-06-15 10:12:52,0,0.218,0.21804036,100.33,BTC-30SEP22-20000-C,20224.44,sell,1.7,,,
99,218942110,2022-06-15 10:24:33,0,0.2195,0.22115685,98.45,BTC-30SEP22-20000-C,20438.24,sell,5.0,,,
100,218947174,2022-06-15 10:36:39,0,0.2235,0.22318131,98.85,BTC-30SEP22-20000-C,20607.11,buy,0.1,,,
101,218947179,2022-06-15 10:36:40,1,0.2235,0.22318131,98.81,BTC-30SEP22-20000-C,20611.97,buy,0.1,,,
102,218949139,2022-06-15 10:43:56,2,0.2195,0.22099821,96.93,BTC-30SEP22-20000-C,20615.18,buy,150.0,41935,,
103,218949799,2022-06-15 10:47:22,2,0.2175,0.21959255,96.3,BTC-30SEP22-20000-C,20572.89,sell,0.5,,,
104,218953882,2022-06-15 10:59:59,2,0.212,0.21278309,94.17,BTC-30SEP22-20000-C,20532.35,sell,0.5,,,
105,218956328,2022-06-15 11:05:24,2,0.208,0.20863527,92.85,BTC-30SEP22-20000-C,20461.55,sell,6.7,,,
106,218957230,2022-06-15 11:07:54,2,0.206,0.20746069,92.38,BTC-30SEP22-20000-C,20410.15,sell,3.8,,,
107,218957273,2022-06-15 11:07:55,3,0.206,0.20746069,92.38,BTC-30SEP22-20000-C,20410.15,sell,0.2,,,
108,218957291,2022-06-15 11:07:55,3,0.206,0.20746069,92.38,BTC-30SEP22-20000-C,20410.15,sell,0.8,,,
109,218968811,2022-06-15 11:38:44,0,0.2145,0.21341116,89.83,BTC-30SEP22-20000-C,21068.3,buy,0.1,,,
110,218968813,2022-06-15 11:38:44,1,0.2145,0.21341116,89.83,BTC-30SEP22-20000-C,21068.3,buy,0.1,,,
111,218984297,2022-06-15 12:49:02,2,0.2085,0.20928393,84.47,BTC-30SEP22-20000-C,21291.39,sell,6.2,,,
112,218987616,2022-06-15 13:00:50,2,0.204,0.20463014,83.39,BTC-30SEP22-20000-C,21184.4,sell,3.9,,,
113,218987617,2022-06-15 13:00:50,3,0.204,0.20463014,83.39,BTC-30SEP22-20000-C,21184.4,sell,0.1,,,
114,218987618,2022-06-15 13:00:50,3,0.204,0.20463014,83.39,BTC-30SEP22-20000-C,21184.4,sell,0.1,,,
115,219011436,2022-06-15 14:56:26,2,0.1998,0.20078729,82.18,BTC-30SEP22-20000-C,21135.53,buy,100.0,41998,,
116,219014026,2022-06-15 15:09:16,0,0.2055,0.20370761,83.27,BTC-30SEP22-20000-C,21294.47,buy,0.1,,,
117,219014688,2022-06-15 15:16:12,1,0.2055,0.20423442,83.13,BTC-30SEP22-20000-C,21297.55,buy,0.1,,,
118,219014975,2022-06-15 15:20:02,2,0.204,0.2023368,83.26,BTC-30SEP22-20000-C,21216.27,buy,0.1,,,
119,219014978,2022-06-15 15:20:02,3,0.204,0.20232222,83.26,BTC-30SEP22-20000-C,21216.27,buy,0.1,,,
120,219014980,2022-06-15 15:20:03,3,0.204,0.20232222,83.24,BTC-30SEP22-20000-C,21217.88,buy,0.1,,,
121,219015023,2022-06-15 15:20:06,3,0.204,0.20230911,83.3,BTC-30SEP22-20000-C,21211.76,buy,0.1,,,
122,219015103,2022-06-15 15:20:09,3,0.204,0.20218683,83.33,BTC-30SEP22-20000-C,21208.18,buy,0.1,,,
123,219015111,2022-06-15 15:20:10,3,0.204,0.20219629,83.18,BTC-30SEP22-20000-C,21222.43,buy,0.1,,,
124,219022177,2022-06-15 16:21:19,0,0.2055,0.20414546,83.13,BTC-30SEP22-20000-C,21309.04,buy,0.1,,,
125,219022178,2022-06-15 16:21:19,1,0.2055,0.20414546,83.13,BTC-30SEP22-20000-C,21309.04,buy,0.1,,,
126,219034686,2022-06-15 16:58:12,2,0.191,0.19092847,83.04,BTC-30SEP22-20000-C,20623.69,sell,1.6,,,
127,219042650,2022-06-15 17:33:06,0,0.192,0.19119777,84.52,BTC-30SEP22-20000-C,20562.4,buy,5.0,,,
128,219047434,2022-06-15 17:54:02,0,0.198,0.19683586,83.94,BTC-30SEP22-20000-C,20892.84,buy,0.2,,,
129,219047435,2022-06-15 17:54:02,1,0.198,0.19683586,83.94,BTC-30SEP22-20000-C,20892.84,buy,0.2,,,
130,219047436,2022-06-15 17:54:02,1,0.198,0.19683586,83.94,BTC-30SEP22-20000-C,20892.84,buy,0.2,,,
131,219047437,2022-06-15 17:54:02,1,0.198,0.19683586,83.94,BTC-30SEP22-20000-C,20892.84,buy,0.2,,,
132,219047438,2022-06-15 17:54:03,1,0.198,0.19684033,83.94,BTC-30SEP22-20000-C,20892.84,buy,0.1,,,
133,219047439,2022-06-15 17:54:03,1,0.198,0.19684033,83.94,BTC-30SEP22-20000-C,20892.84,buy,0.1,,,
134,219047444,2022-06-15 17:54:03,1,0.198,0.19684033,83.94,BTC-30SEP22-20000-C,20892.84,buy,0.1,,,
135,219047445,2022-06-15 17:54:03,1,0.198,0.19684033,83.94,BTC-30SEP22-20000-C,20892.84,buy,0.1,,,
136,219047446,2022-06-15 17:54:03,1,0.198,0.19684033,83.94,BTC-30SEP22-20000-C,20892.84,buy,0.1,,,
137,219047447,2022-06-15 17:54:03,1,0.198,0.19684033,83.94,BTC-30SEP22-20000-C,20892.84,buy,0.1,,,
138,219047449,2022-06-15 17:54:03,1,0.198,0.19684033,83.94,BTC-30SEP22-20000-C,20892.84,buy,0.1,,,
139,219047450,2022-06-15 17:54:03,1,0.198,0.19684033,83.94,BTC-30SEP22-20000-C,20897.37,buy,0.1,,,
140,219047452,2022-06-15 17:54:03,1,0.198,0.19684033,83.94,BTC-30SEP22-20000-C,20897.37,buy,0.1,,,
141,219047459,2022-06-15 17:54:03,1,0.198,0.19684033,83.94,BTC-30SEP22-20000-C,20897.37,buy,0.1,,,
142,219047460,2022-06-15 17:54:03,1,0.198,0.19684033,83.94,BTC-30SEP22-20000-C,20897.37,buy,0.1,,,
143,219047467,2022-06-15 17:54:03,1,0.198,0.19684033,83.94,BTC-30SEP22-20000-C,20897.37,buy,0.1,,,
144,219202986,2022-06-16 05:14:12,0,0.2065,0.2064418,76.11,BTC-30SEP22-20000-C,22030.86,buy,0.5,,,
145,219277137,2022-06-16 14:04:51,2,0.188,0.18803447,79.26,BTC-30SEP22-20000-C,20837.33,sell,2.0,,,
146,219534238,2022-06-17 14:13:55,0,0.19,0.19187939,83.26,BTC-30SEP22-20000-C,20635.88,sell,2.2,,,
147,219534925,2022-06-17 14:16:02,2,0.1885,0.19013879,83.25,BTC-30SEP22-20000-C,20560.5,sell,2.2,,,
148,219534926,2022-06-17 14:16:02,3,0.1885,0.19013879,83.25,BTC-30SEP22-20000-C,20560.5,sell,8.0,,,
149,219619423,2022-06-18 06:51:45,2,0.168,0.1681744,83.49,BTC-30SEP22-20000-C,19666.8,sell,5.0,,,
150,219646401,2022-06-18 07:10:44,0,0.1755,0.1748428,88.77,BTC-30SEP22-20000-C,19455.39,sell,0.1,,,
151,219720237,2022-06-18 10:42:52,2,0.1635,0.16546571,83.65,BTC-30SEP22-20000-C,19359.95,sell,1.8,,,
152,219720238,2022-06-18 10:42:52,3,0.1635,0.16546571,83.65,BTC-30SEP22-20000-C,19359.95,buy,3.2,,,
153,219726680,2022-06-18 11:43:14,0,0.164,0.16376438,83.64,BTC-30SEP22-20000-C,19380.83,sell,0.1,,,
154,219730123,2022-06-18 12:04:46,2,0.16,0.16044849,83.48,BTC-30SEP22-20000-C,19175.75,buy,0.1,,,
155,219730806,2022-06-18 12:08:48,0,0.1605,0.16073918,83.55,BTC-30SEP22-20000-C,19193.88,buy,0.1,,,
156,219732657,2022-06-18 12:24:09,1,0.1605,0.16103218,83.53,BTC-30SEP22-20000-C,19189.02,buy,0.1,,,
157,219744004,2022-06-18 14:50:45,2,0.158,0.15864181,83.53,BTC-30SEP22-20000-C,19102.17,sell,0.1,,,
158,219744006,2022-06-18 14:50:45,3,0.158,0.15864181,83.53,BTC-30SEP22-20000-C,19102.17,sell,0.1,,,
159,219744008,2022-06-18 14:50:45,3,0.158,0.15864181,83.53,BTC-30SEP22-20000-C,19102.17,sell,0.3,,,
160,219744009,2022-06-18 14:50:45,3,0.158,0.15864181,83.53,BTC-30SEP22-20000-C,19102.17,sell,0.1,,,
161,219744012,2022-06-18 14:50:45,3,0.158,0.15864181,83.53,BTC-30SEP22-20000-C,19102.17,sell,0.1,,,
162,219744013,2022-06-18 14:50:45,3,0.158,0.15864181,83.53,BTC-30SEP22-20000-C,19102.17,sell,0.1,,,
163,219744015,2022-06-18 14:50:45,3,0.158,0.15864181,83.53,BTC-30SEP22-20000-C,19102.17,sell,0.1,,,
164,219744024,2022-06-18 14:50:45,3,0.158,0.1586405,83.53,BTC-30SEP22-20000-C,19102.17,sell,0.1,,,
165,219748006,2022-06-18 15:28:13,0,0.1605,0.15817574,84.95,BTC-30SEP22-20000-C,19080.36,buy,1.9,,,
166,219750156,2022-06-18 16:01:50,2,0.1555,0.15647792,84.12,BTC-30SEP22-20000-C,18913.97,sell,0.1,,,
167,219750157,2022-06-18 16:01:50,3,0.1555,0.15647792,84.12,BTC-30SEP22-20000-C,18913.97,sell,0.1,,,
168,219750158,2022-06-18 16:01:50,3,0.1555,0.15647792,84.12,BTC-30SEP22-20000-C,18913.97,sell,0.1,,,
169,219750159,2022-06-18 16:01:51,3,0.1555,0.15630439,84.16,BTC-30SEP22-20000-C,18909.46,sell,0.1,,,
170,219750164,2022-06-18 16:01:52,3,0.1555,0.15628228,84.17,BTC-30SEP22-20000-C,18908.53,sell,0.1,,,
171,219750166,2022-06-18 16:01:52,3,0.1555,0.15628228,84.17,BTC-30SEP22-20000-C,18908.53,sell,0.1,,,
172,219751672,2022-06-18 16:14:30,0,0.157,0.1566789,84.59,BTC-30SEP22-20000-C,18939.0,sell,0.1,,,
173,219752522,2022-06-18 16:21:39,0,0.1575,0.15807437,84.18,BTC-30SEP22-20000-C,19010.79,sell,0.1,,,
174,219752524,2022-06-18 16:21:39,1,0.1575,0.15807437,84.18,BTC-30SEP22-20000-C,19010.79,sell,0.1,,,
175,219752525,2022-06-18 16:21:39,1,0.1575,0.15807437,84.18,BTC-30SEP22-20000-C,19010.79,sell,0.1,,,
176,219754564,2022-06-18 16:35:29,1,0.1575,0.1579247,84.28,BTC-30SEP22-20000-C,19007.18,sell,0.1,,,
177,219754569,2022-06-18 16:35:30,1,0.1575,0.1579643,84.28,BTC-30SEP22-20000-C,19007.03,sell,0.1,,,
178,219754570,2022-06-18 16:35:31,1,0.1575,0.15794809,84.32,BTC-30SEP22-20000-C,19003.15,sell,0.1,,,
179,219754571,2022-06-18 16:35:31,1,0.1575,0.15794809,84.32,BTC-30SEP22-20000-C,19003.15,sell,0.1,,,
180,219754572,2022-06-18 16:35:31,1,0.1575,0.15794809,84.32,BTC-30SEP22-20000-C,19003.15,sell,0.1,,,
181,219756003,2022-06-18 16:43:00,2,0.156,0.15568051,84.57,BTC-30SEP22-20000-C,18929.98,buy,0.2,,,
182,219756921,2022-06-18 16:45:42,2,0.154,0.15478966,84.1,BTC-30SEP22-20000-C,18863.4,sell,0.1,,,
183,219756922,2022-06-18 16:45:42,3,0.154,0.15478966,84.1,BTC-30SEP22-20000-C,18863.4,sell,0.1,,,
184,219756924,2022-06-18 16:45:42,3,0.154,0.15478966,84.1,BTC-30SEP22-20000-C,18863.4,sell,0.1,,,
185,219756925,2022-06-18 16:45:42,3,0.154,0.15478966,84.1,BTC-30SEP22-20000-C,18863.4,sell,0.1,,,
186,219759922,2022-06-18 16:58:17,2,0.1535,0.15362078,83.89,BTC-30SEP22-20000-C,18842.21,sell,0.1,,,
187,219760415,2022-06-18 17:00:56,2,0.152,0.15243567,83.11,BTC-30SEP22-20000-C,18851.39,sell,0.2,,,
188,219782724,2022-06-18 18:27:13,2,0.144,0.14484715,84.42,BTC-30SEP22-20000-C,18348.17,buy,0.2,,,
189,219795894,2022-06-18 19:22:02,0,0.1445,0.14412675,85.7,BTC-30SEP22-20000-C,18255.08,buy,0.1,,,
190,219796135,2022-06-18 19:22:19,2,0.144,0.14483222,85.18,BTC-30SEP22-20000-C,18283.21,sell,0.1,,,
191,219796136,2022-06-18 19:22:19,3,0.144,0.14483222,85.18,BTC-30SEP22-20000-C,18283.21,sell,0.1,,,
192,219796137,2022-06-18 19:22:19,3,0.144,0.14483222,85.18,BTC-30SEP22-20000-C,18283.21,sell,0.1,,,
193,219796177,2022-06-18 19:22:33,3,0.144,0.14480711,85.19,BTC-30SEP22-20000-C,18283.79,sell,0.1,,,
194,219796193,2022-06-18 19:22:42,3,0.144,0.14486034,85.18,BTC-30SEP22-20000-C,18284.69,sell,0.1,,,
195,219796200,2022-06-18 19:22:46,3,0.144,0.14478828,85.14,BTC-30SEP22-20000-C,18288.53,sell,0.1,,,
196,219796202,2022-06-18 19:22:47,3,0.144,0.14487495,85.18,BTC-30SEP22-20000-C,18284.26,sell,0.1,,,
197,219796204,2022-06-18 19:22:49,3,0.144,0.14473136,85.2,BTC-30SEP22-20000-C,18281.72,sell,0.1,,,
198,219796205,2022-06-18 19:22:49,3,0.144,0.14473136,85.2,BTC-30SEP22-20000-C,18281.72,sell,0.1,,,
199,219796216,2022-06-18 19:23:03,3,0.144,0.14478717,85.16,BTC-30SEP22-20000-C,18285.83,sell,0.1,,,
200,219796217,2022-06-18 19:23:03,3,0.144,0.14478717,85.16,BTC-30SEP22-20000-C,18285.83,sell,0.1,,,
201,219796227,2022-06-18 19:23:04,3,0.144,0.14478243,85.16,BTC-30SEP22-20000-C,18283.57,sell,0.1,,,
202,219796228,2022-06-18 19:23:04,3,0.144,0.14478243,85.16,BTC-30SEP22-20000-C,18283.57,sell,0.1,,,
203,219796619,2022-06-18 19:24:44,0,0.1445,0.14451592,85.47,BTC-30SEP22-20000-C,18276.09,buy,0.1,,,
204,219796803,2022-06-18 19:26:20,2,0.144,0.14445699,85.38,BTC-30SEP22-20000-C,18272.64,sell,0.1,,,
205,219796808,2022-06-18 19:26:20,3,0.144,0.14421034,85.5,BTC-30SEP22-20000-C,18259.12,sell,0.1,,,
206,219796809,2022-06-18 19:26:20,3,0.144,0.14421034,85.5,BTC-30SEP22-20000-C,18259.12,sell,0.1,,,
207,219796810,2022-06-18 19:26:20,3,0.144,0.14421034,85.5,BTC-30SEP22-20000-C,18259.12,sell,0.1,,,
208,219796811,2022-06-18 19:26:20,3,0.144,0.14421034,85.5,BTC-30SEP22-20000-C,18259.12,sell,0.1,,,
209,219797048,2022-06-18 19:27:55,2,0.1425,0.14342159,85.26,BTC-30SEP22-20000-C,18197.61,sell,0.1,,,
210,219798223,2022-06-18 19:41:10,2,0.142,0.1425351,85.58,BTC-30SEP22-20000-C,18145.7,sell,0.1,,,
211,219798224,2022-06-18 19:41:15,3,0.142,0.14254652,85.6,BTC-30SEP22-20000-C,18143.93,sell,0.1,,,
212,219798225,2022-06-18 19:41:15,3,0.142,0.14254652,85.6,BTC-30SEP22-20000-C,18143.93,sell,0.1,,,
213,219798226,2022-06-18 19:41:15,3,0.142,0.14254652,85.6,BTC-30SEP22-20000-C,18143.93,sell,0.1,,,
214,219824770,2022-06-18 20:52:16,2,0.139,0.13992455,88.79,BTC-30SEP22-20000-C,17654.41,sell,0.1,,,
215,219824772,2022-06-18 20:52:16,3,0.139,0.13992455,88.79,BTC-30SEP22-20000-C,17654.41,sell,0.1,,,
216,219824773,2022-06-18 20:52:16,3,0.139,0.13992455,88.79,BTC-30SEP22-20000-C,17654.41,sell,0.1,,,
217,219824774,2022-06-18 20:52:16,3,0.139,0.13988743,88.79,BTC-30SEP22-20000-C,17654.41,sell,0.1,,,
218,219824776,2022-06-18 20:52:16,3,0.139,0.13988743,88.79,BTC-30SEP22-20000-C,17654.41,sell,0.1,,,
219,219824777,2022-06-18 20:52:16,3,0.139,0.13988743,88.8,BTC-30SEP22-20000-C,17636.02,sell,0.1,,,
220,219824778,2022-06-18 20:52:16,3,0.139,0.13988743,88.8,BTC-30SEP22-20000-C,17636.02,sell,0.1,,,
221,219824784,2022-06-18 20:52:18,3,0.139,0.13950221,88.99,BTC-30SEP22-20000-C,17631.37,sell,0.1,,,
222,219824788,2022-06-18 20:52:19,3,0.139,0.13947465,89.08,BTC-30SEP22-20000-C,17627.79,sell,0.1,,,
223,219824852,2022-06-18 20:52:36,3,0.139,0.13898889,89.31,BTC-30SEP22-20000-C,17609.37,sell,0.2,,,
224,219824853,2022-06-18 20:52:36,3,0.139,0.13898889,89.31,BTC-30SEP22-20000-C,17609.37,sell,0.1,,,
225,219824854,2022-06-18 20:52:36,3,0.139,0.13898889,89.31,BTC-30SEP22-20000-C,17609.37,sell,0.1,,,
226,219824855,2022-06-18 20:52:37,3,0.139,0.13898889,89.31,BTC-30SEP22-20000-C,17609.76,sell,0.1,,,
227,219824856,2022-06-18 20:52:37,3,0.139,0.13898889,89.31,BTC-30SEP22-20000-C,17609.76,sell,0.1,,,
228,219825475,2022-06-18 20:54:08,0,0.14,0.14067581,89.43,BTC-30SEP22-20000-C,17649.22,sell,0.2,,,
229,219825476,2022-06-18 20:54:08,1,0.14,0.14067581,89.43,BTC-30SEP22-20000-C,17649.22,sell,0.2,,,
230,219825477,2022-06-18 20:54:08,1,0.14,0.14073823,89.43,BTC-30SEP22-20000-C,17649.22,sell,0.1,,,
231,219825478,2022-06-18 20:54:08,1,0.14,0.14073823,89.43,BTC-30SEP22-20000-C,17649.22,sell,0.1,,,
232,219825479,2022-06-18 20:54:09,1,0.14,0.14073823,89.43,BTC-30SEP22-20000-C,17649.22,sell,0.1,,,
233,219825480,2022-06-18 20:54:09,1,0.14,0.14073823,89.43,BTC-30SEP22-20000-C,17649.22,sell,0.1,,,
234,219825481,2022-06-18 20:54:09,1,0.14,0.14073823,89.43,BTC-30SEP22-20000-C,17649.22,sell,0.1,,,
235,219825482,2022-06-18 20:54:09,1,0.14,0.14073823,89.43,BTC-30SEP22-20000-C,17649.22,sell,0.1,,,
236,219825790,2022-06-18 20:54:49,2,0.139,0.14092506,88.89,BTC-30SEP22-20000-C,17649.23,sell,0.7,,,
237,219825792,2022-06-18 20:54:49,3,0.139,0.14092506,88.89,BTC-30SEP22-20000-C,17649.23,sell,0.9,,,
238,219825793,2022-06-18 20:54:49,3,0.139,0.14092506,88.89,BTC-30SEP22-20000-C,17649.23,sell,0.7,,,
239,219825794,2022-06-18 20:54:49,3,0.139,0.14092506,88.89,BTC-30SEP22-20000-C,17649.23,sell,0.6,,,
240,219825795,2022-06-18 20:54:49,3,0.139,0.14092506,88.89,BTC-30SEP22-20000-C,17649.23,sell,0.4,,,
241,219825796,2022-06-18 20:54:49,3,0.139,0.14092506,88.89,BTC-30SEP22-20000-C,17649.23,sell,0.4,,,
242,219825797,2022-06-18 20:54:49,3,0.139,0.14092506,88.89,BTC-30SEP22-20000-C,17649.23,sell,0.3,,,
243,219825798,2022-06-18 20:54:49,3,0.139,0.14092506,88.89,BTC-30SEP22-20000-C,17649.23,sell,0.2,,,
244,219825799,2022-06-18 20:54:49,3,0.139,0.14092506,88.89,BTC-30SEP22-20000-C,17649.23,sell,0.1,,,
245,219825800,2022-06-18 20:54:49,3,0.139,0.14092506,88.89,BTC-30SEP22-20000-C,17649.23,sell,0.1,,,
246,219825801,2022-06-18 20:54:49,3,0.139,0.14092506,88.89,BTC-30SEP22-20000-C,17649.23,sell,0.1,,,
247,219825802,2022-06-18 20:54:49,3,0.139,0.14092506,88.89,BTC-30SEP22-20000-C,17649.23,sell,0.1,,,
248,219825803,2022-06-18 20:54:49,3,0.139,0.14092506,88.89,BTC-30SEP22-20000-C,17649.23,sell,0.1,,,
249,219825804,2022-06-18 20:54:49,3,0.139,0.14092506,88.89,BTC-30SEP22-20000-C,17649.23,sell,0.1,,,
250,219825805,2022-06-18 20:54:49,3,0.139,0.14092506,88.89,BTC-30SEP22-20000-C,17649.23,sell,0.1,,,
251,219825806,2022-06-18 20:54:49,3,0.139,0.14092506,88.89,BTC-30SEP22-20000-C,17649.23,sell,0.1,,,
252,219825810,2022-06-18 20:54:49,3,0.139,0.14092506,88.89,BTC-30SEP22-20000-C,17649.23,sell,0.1,,,
253,219853845,2022-06-18 21:50:19,0,0.1435,0.14332314,81.88,BTC-30SEP22-20000-C,18605.97,sell,0.3,,,
254,219886884,2022-06-18 23:18:27,0,0.147,0.14618781,80.01,BTC-30SEP22-20000-C,18965.63,sell,0.2,,,
255,219886885,2022-06-18 23:18:27,1,0.147,0.14618781,80.01,BTC-30SEP22-20000-C,18965.63,sell,0.1,,,
256,219886886,2022-06-18 23:18:27,1,0.147,0.14618781,80.01,BTC-30SEP22-20000-C,18965.63,sell,0.7,,,
257,219886893,2022-06-18 23:18:31,1,0.147,0.14633504,79.94,BTC-30SEP22-20000-C,18973.48,sell,0.1,,,
258,219886894,2022-06-18 23:18:31,1,0.147,0.14633504,79.94,BTC-30SEP22-20000-C,18973.48,sell,0.9,,,
259,219886934,2022-06-18 23:18:53,2,0.146,0.14576465,79.76,BTC-30SEP22-20000-C,18939.78,sell,0.1,,,
260,219887055,2022-06-18 23:20:36,0,0.147,0.1465565,79.9,BTC-30SEP22-20000-C,18973.74,sell,0.1,,,
261,219887056,2022-06-18 23:20:36,1,0.147,0.1465565,79.9,BTC-30SEP22-20000-C,18973.74,sell,0.1,,,
262,219887057,2022-06-18 23:20:38,1,0.147,0.14650018,79.91,BTC-30SEP22-20000-C,18974.89,sell,0.1,,,
263,219887058,2022-06-18 23:20:38,1,0.147,0.14650018,79.91,BTC-30SEP22-20000-C,18974.89,sell,0.1,,,
264,219887071,2022-06-18 23:20:42,1,0.147,0.14657441,79.85,BTC-30SEP22-20000-C,18981.09,sell,0.1,,,
265,219890653,2022-06-18 23:44:55,2,0.146,0.14599108,79.31,BTC-30SEP22-20000-C,18967.31,sell,0.1,,,
266,219890654,2022-06-18 23:44:55,3,0.146,0.14599108,79.31,BTC-30SEP22-20000-C,18967.31,sell,0.1,,,
267,219890657,2022-06-18 23:44:56,3,0.146,0.14599108,79.31,BTC-30SEP22-20000-C,18967.31,sell,0.1,,,
268,219890658,2022-06-18 23:44:56,3,0.146,0.14599108,79.31,BTC-30SEP22-20000-C,18967.31,sell,0.1,,,
269,219890659,2022-06-18 23:44:56,3,0.146,0.14599108,79.41,BTC-30SEP22-20000-C,18964.31,sell,0.1,,,
270,219890660,2022-06-18 23:44:56,3,0.146,0.14599108,79.41,BTC-30SEP22-20000-C,18964.31,sell,0.1,,,
271,219890718,2022-06-18 23:44:57,3,0.146,0.14585235,79.49,BTC-30SEP22-20000-C,18959.48,sell,0.3,,,
272,219905131,2022-06-19 01:20:51,2,0.144,0.1454744,80.08,BTC-30SEP22-20000-C,18785.72,sell,0.1,,,
273,219909700,2022-06-19 01:48:39,2,0.14,0.14057757,80.6,BTC-30SEP22-20000-C,18547.02,sell,0.1,,,
274,219909774,2022-06-19 01:49:07,3,0.14,0.14078612,80.61,BTC-30SEP22-20000-C,18551.14,sell,0.2,,,
275,219910244,2022-06-19 01:52:29,3,0.14,0.14077637,80.62,BTC-30SEP22-20000-C,18557.26,sell,0.1,,,
276,219916584,2022-06-19 02:30:40,2,0.135,0.13548082,80.95,BTC-30SEP22-20000-C,18287.16,sell,0.1,,,
277,219916742,2022-06-19 02:31:23,3,0.135,0.13574724,80.9,BTC-30SEP22-20000-C,18285.28,sell,0.1,,,
278,219916743,2022-06-19 02:31:23,3,0.135,0.13574724,80.9,BTC-30SEP22-20000-C,18285.28,sell,0.1,,,
279,219917072,2022-06-19 02:32:43,2,0.134,0.13494622,80.93,BTC-30SEP22-20000-C,18228.72,sell,0.1,,,
280,219917129,2022-06-19 02:33:17,3,0.134,0.13493191,80.93,BTC-30SEP22-20000-C,18229.16,sell,0.3,,,
281,219917130,2022-06-19 02:33:17,3,0.134,0.13493191,80.93,BTC-30SEP22-20000-C,18229.16,sell,0.2,,,
282,219917152,2022-06-19 02:33:21,3,0.134,0.13481141,80.98,BTC-30SEP22-20000-C,18224.37,sell,0.1,,,
283,219923612,2022-06-19 03:08:35,0,0.1395,0.13953929,80.77,BTC-30SEP22-20000-C,18522.78,buy,0.1,,,
284,219928679,2022-06-19 03:52:22,2,0.1365,0.13625706,80.52,BTC-30SEP22-20000-C,18408.1,sell,0.4,,,
285,219928680,2022-06-19 03:52:24,3,0.1365,0.13617762,80.52,BTC-30SEP22-20000-C,18409.81,sell,0.3,,,
286,219928686,2022-06-19 03:52:29,3,0.1365,0.13622396,80.51,BTC-30SEP22-20000-C,18408.88,sell,0.1,,,
287,219928710,2022-06-19 03:52:32,3,0.1365,0.136208,80.51,BTC-30SEP22-20000-C,18407.21,sell,0.2,,,
288,219937576,2022-06-19 04:58:35,0,0.137,0.13617384,80.28,BTC-30SEP22-20000-C,18464.62,sell,2.5,,,
289,219970020,2022-06-19 08:25:33,2,0.133,0.13232205,79.33,BTC-30SEP22-20000-C,18395.58,sell,0.5,,,
290,219975390,2022-06-19 09:15:11,0,0.1365,0.13863711,78.07,BTC-30SEP22-20000-C,18699.99,sell,0.1,,,
291,220028022,2022-06-19 12:16:20,0,0.1665,0.16495202,81.75,BTC-30SEP22-20000-C,19776.02,buy,1.9,,,
292,220072571,2022-06-19 15:49:01,0,0.168,0.16678212,82.59,BTC-30SEP22-20000-C,19786.72,buy,0.1,,,
293,220072572,2022-06-19 15:49:01,1,0.168,0.16678212,82.59,BTC-30SEP22-20000-C,19786.72,buy,0.1,,,
294,220073161,2022-06-19 15:51:03,0,0.1685,0.16743185,82.58,BTC-30SEP22-20000-C,19809.8,buy,0.1,,,
295,220073501,2022-06-19 15:51:38,0,0.17,0.16872743,82.74,BTC-30SEP22-20000-C,19861.31,buy,0.1,,,
296,220073517,2022-06-19 15:51:39,1,0.17,0.16872743,82.74,BTC-30SEP22-20000-C,19861.31,buy,0.1,,,
297,220083855,2022-06-19 16:45:20,2,0.165,0.16418555,82.54,BTC-30SEP22-20000-C,19625.39,buy,0.1,,,
298,220105013,2022-06-19 19:02:09,0,0.176,0.17541215,83.24,BTC-30SEP22-20000-C,20108.61,sell,0.1,,,
299,220141630,2022-06-19 20:53:01,0,0.1845,0.18481411,82.95,BTC-30SEP22-20000-C,20532.15,sell,0.1,,,
300,220153404,2022-06-19 22:17:50,0,0.1855,0.18521209,83.25,BTC-30SEP22-20000-C,20560.63,sell,0.1,,,
301,220153584,2022-06-19 22:18:08,1,0.1855,0.18574422,83.16,BTC-30SEP22-20000-C,20568.01,sell,0.1,,,
302,220153587,2022-06-19 22:18:09,1,0.1855,0.18574422,83.16,BTC-30SEP22-20000-C,20568.01,sell,0.1,,,
303,220153597,2022-06-19 22:18:11,1,0.1855,0.18580134,83.17,BTC-30SEP22-20000-C,20566.58,sell,0.1,,,
304,220153602,2022-06-19 22:18:12,1,0.1855,0.18582151,83.19,BTC-30SEP22-20000-C,20564.39,sell,0.1,,,
305,220153603,2022-06-19 22:18:15,1,0.1855,0.18572309,83.24,BTC-30SEP22-20000-C,20560.31,sell,0.1,,,
306,220153604,2022-06-19 22:18:15,1,0.1855,0.18572309,83.24,BTC-30SEP22-20000-C,20560.31,sell,0.1,,,
307,220153605,2022-06-19 22:18:15,1,0.1855,0.18572309,83.24,BTC-30SEP22-20000-C,20560.31,sell,0.1,,,
308,220153606,2022-06-19 22:18:15,1,0.1855,0.18572309,83.22,BTC-30SEP22-20000-C,20562.03,sell,0.1,,,
309,220153634,2022-06-19 22:18:31,0,0.1865,0.18644637,83.48,BTC-30SEP22-20000-C,20586.49,sell,0.1,,,
310,220153635,2022-06-19 22:18:32,1,0.1865,0.18644637,83.48,BTC-30SEP22-20000-C,20586.49,sell,0.1,,,
311,220153636,2022-06-19 22:18:32,1,0.1865,0.18652365,83.45,BTC-30SEP22-20000-C,20587.39,sell,0.1,,,
312,220153637,2022-06-19 22:18:32,1,0.1865,0.18652365,83.45,BTC-30SEP22-20000-C,20587.39,sell,0.1,,,
313,220153638,2022-06-19 22:18:32,1,0.1865,0.18652365,83.45,BTC-30SEP22-20000-C,20587.39,sell,0.1,,,
314,220153639,2022-06-19 22:18:32,1,0.1865,0.18652365,83.45,BTC-30SEP22-20000-C,20587.39,sell,0.1,,,
315,220153640,2022-06-19 22:18:32,1,0.1865,0.18652365,83.44,BTC-30SEP22-20000-C,20587.39,sell,0.1,,,
316,220153641,2022-06-19 22:18:32,1,0.1865,0.18652365,83.44,BTC-30SEP22-20000-C,20587.39,sell,0.1,,,
317,220153645,2022-06-19 22:18:33,1,0.1865,0.18652365,83.44,BTC-30SEP22-20000-C,20587.39,sell,0.1,,,
318,220153658,2022-06-19 22:18:33,1,0.1865,0.18652365,83.44,BTC-30SEP22-20000-C,20587.39,sell,0.1,,,
319,220153706,2022-06-19 22:18:41,2,0.186,0.18634271,83.36,BTC-30SEP22-20000-C,20572.19,sell,0.1,,,
320,220153710,2022-06-19 22:18:45,3,0.186,0.18631935,83.4,BTC-30SEP22-20000-C,20567.71,sell,0.1,,,
321,220153711,2022-06-19 22:18:45,3,0.186,0.18631935,83.4,BTC-30SEP22-20000-C,20567.71,sell,0.1,,,
322,220153712,2022-06-19 22:18:45,3,0.186,0.18631935,83.4,BTC-30SEP22-20000-C,20567.71,sell,0.1,,,
323,220153713,2022-06-19 22:18:45,3,0.186,0.18631935,83.4,BTC-30SEP22-20000-C,20567.71,sell,0.1,,,
324,220153742,2022-06-19 22:18:51,3,0.186,0.18626345,83.43,BTC-30SEP22-20000-C,20565.08,sell,0.1,,,
325,220153743,2022-06-19 22:18:51,3,0.186,0.18626345,83.43,BTC-30SEP22-20000-C,20565.08,sell,0.1,,,
326,220153745,2022-06-19 22:18:51,3,0.186,0.18626345,83.43,BTC-30SEP22-20000-C,20565.08,sell,0.1,,,
327,220153748,2022-06-19 22:18:51,3,0.186,0.18626345,83.43,BTC-30SEP22-20000-C,20565.08,sell,0.1,,,
328,220153791,2022-06-19 22:19:01,3,0.186,0.18647162,83.37,BTC-30SEP22-20000-C,20568.89,sell,0.1,,,
329,220153922,2022-06-19 22:19:23,0,0.1865,0.18680714,83.44,BTC-30SEP22-20000-C,20588.86,sell,1.0,,,
330,220153964,2022-06-19 22:19:34,1,0.1865,0.18664099,83.5,BTC-30SEP22-20000-C,20582.86,sell,1.0,,,
331,220153965,2022-06-19 22:19:34,2,0.186,0.18664099,83.26,BTC-30SEP22-20000-C,20581.89,sell,1.0,,,
332,220154007,2022-06-19 22:19:47,0,0.1865,0.18662053,83.37,BTC-30SEP22-20000-C,20592.22,sell,0.1,,,
333,220159835,2022-06-19 22:48:04,0,0.187,0.18712932,83.2,BTC-30SEP22-20000-C,20638.69,sell,0.1,,,
334,220159837,2022-06-19 22:48:04,1,0.187,0.18712932,83.24,BTC-30SEP22-20000-C,20635.22,sell,0.1,,,
335,220159838,2022-06-19 22:48:04,1,0.187,0.18712932,83.24,BTC-30SEP22-20000-C,20635.22,sell,0.1,,,
336,220159844,2022-06-19 22:48:06,1,0.187,0.18697567,83.28,BTC-30SEP22-20000-C,20631.56,sell,0.1,,,
337,220159848,2022-06-19 22:48:06,1,0.187,0.18697567,83.28,BTC-30SEP22-20000-C,20631.56,sell,0.1,,,
338,220159849,2022-06-19 22:48:06,1,0.187,0.18697567,83.28,BTC-30SEP22-20000-C,20631.56,sell,0.1,,,
339,220159850,2022-06-19 22:48:06,1,0.187,0.18697567,83.28,BTC-30SEP22-20000-C,20631.56,sell,0.1,,,
340,220159851,2022-06-19 22:48:06,1,0.187,0.18697567,83.28,BTC-30SEP22-20000-C,20631.56,sell,0.1,,,
341,220159852,2022-06-19 22:48:06,1,0.187,0.18697567,83.28,BTC-30SEP22-20000-C,20631.56,sell,0.1,,,
342,220159853,2022-06-19 22:48:06,1,0.187,0.18697567,83.28,BTC-30SEP22-20000-C,20631.56,sell,0.1,,,
343,220159963,2022-06-19 22:48:08,2,0.1865,0.18663857,83.24,BTC-30SEP22-20000-C,20611.86,sell,1.0,,,
344,220160048,2022-06-19 22:48:54,2,0.1855,0.18551476,83.34,BTC-30SEP22-20000-C,20556.24,sell,0.1,,,
345,220160049,2022-06-19 22:48:54,3,0.1855,0.18551476,83.34,BTC-30SEP22-20000-C,20556.24,sell,0.9,,,
346,220165938,2022-06-19 23:56:24,2,0.185,0.18479441,82.89,BTC-30SEP22-20000-C,20550.75,buy,4.5,,,
347,220166092,2022-06-19 23:57:07,3,0.185,0.18499588,82.95,BTC-30SEP22-20000-C,20541.45,buy,0.5,,,
348,220181627,2022-06-20 01:36:07,2,0.1705,0.17144423,83.45,BTC-30SEP22-20000-C,19788.38,sell,0.1,,,
349,220202258,2022-06-20 03:41:21,0,0.177,0.17681139,84.24,BTC-30SEP22-20000-C,20042.74,sell,1.0,,,
350,220217394,2022-06-20 07:14:09,2,0.173,0.17400303,83.05,BTC-30SEP22-20000-C,19980.66,buy,0.6,,,
351,220246616,2022-06-20 10:02:19,0,0.1825,0.18314905,81.9,BTC-30SEP22-20000-C,20566.8,buy,0.3,,,
352,220287185,2022-06-20 16:08:43,2,0.182,0.18189899,81.2,BTC-30SEP22-20000-C,20583.71,buy,0.1,,,
353,220287190,2022-06-20 16:08:45,3,0.182,0.18202135,81.19,BTC-30SEP22-20000-C,20583.77,buy,0.1,,,
354,220287191,2022-06-20 16:08:45,3,0.182,0.18202135,81.19,BTC-30SEP22-20000-C,20583.77,buy,0.1,,,
355,220287192,2022-06-20 16:08:45,3,0.182,0.18202135,81.19,BTC-30SEP22-20000-C,20583.77,buy,0.1,,,
356,220287193,2022-06-20 16:08:45,3,0.182,0.18202135,81.19,BTC-30SEP22-20000-C,20583.77,buy,0.1,,,
357,220287194,2022-06-20 16:08:46,3,0.182,0.18202135,81.16,BTC-30SEP22-20000-C,20586.68,buy,0.1,,,
358,220287196,2022-06-20 16:08:46,3,0.182,0.18209214,81.16,BTC-30SEP22-20000-C,20586.68,buy,0.4,,,
359,220313273,2022-06-20 19:59:30,2,0.172,0.17040409,81.53,BTC-30SEP22-20000-C,20086.13,buy,1.3,,,
360,220314773,2022-06-20 20:13:39,0,0.1725,0.17112079,81.14,BTC-30SEP22-20000-C,20161.33,buy,0.1,,,
361,220314774,2022-06-20 20:13:39,1,0.1725,0.17112079,81.14,BTC-30SEP22-20000-C,20161.33,buy,0.1,,,
362,220315238,2022-06-20 20:17:26,0,0.173,0.17174641,81.26,BTC-30SEP22-20000-C,20177.7,buy,0.1,,,
363,220315265,2022-06-20 20:17:27,0,0.1735,0.17213015,81.36,BTC-30SEP22-20000-C,20191.4,buy,0.1,,,
364,220315267,2022-06-20 20:17:27,1,0.1735,0.17213015,81.36,BTC-30SEP22-20000-C,20191.4,buy,0.1,,,
365,220315268,2022-06-20 20:17:27,1,0.1735,0.17213015,81.36,BTC-30SEP22-20000-C,20191.4,buy,0.1,,,
366,220315273,2022-06-20 20:17:27,1,0.1735,0.17213015,81.36,BTC-30SEP22-20000-C,20191.4,buy,0.1,,,
367,220315279,2022-06-20 20:17:27,1,0.1735,0.17213015,81.36,BTC-30SEP22-20000-C,20191.4,buy,0.1,,,
368,220317076,2022-06-20 20:34:37,0,0.174,0.17286454,81.12,BTC-30SEP22-20000-C,20249.34,buy,0.1,,,
369,220335019,2022-06-20 23:32:59,0,0.18,0.1795003,80.56,BTC-30SEP22-20000-C,20559.85,buy,0.1,,,
370,220361573,2022-06-21 05:21:07,0,0.185,0.18435242,80.85,BTC-30SEP22-20000-C,20791.88,buy,0.1,,,
371,220363088,2022-06-21 05:33:37,1,0.185,0.18465034,80.75,BTC-30SEP22-20000-C,20788.56,buy,0.1,,,
372,220394582,2022-06-21 09:28:23,0,0.191,0.19114141,79.5,BTC-30SEP22-20000-C,21212.39,buy,0.1,,,
373,220394583,2022-06-21 09:28:23,1,0.191,0.19114141,79.51,BTC-30SEP22-20000-C,21212.39,buy,0.1,,,
374,220394585,2022-06-21 09:28:24,1,0.191,0.19113908,79.49,BTC-30SEP22-20000-C,21213.6,buy,0.1,,,
375,220394586,2022-06-21 09:28:24,1,0.191,0.19113908,79.49,BTC-30SEP22-20000-C,21213.6,buy,0.1,,,
376,220394587,2022-06-21 09:28:24,1,0.191,0.19113908,79.49,BTC-30SEP22-20000-C,21213.6,buy,0.1,,,
377,220394589,2022-06-21 09:28:24,1,0.191,0.19113908,79.49,BTC-30SEP22-20000-C,21213.6,buy,0.1,,,
378,220394590,2022-06-21 09:28:24,1,0.191,0.19113908,79.49,BTC-30SEP22-20000-C,21213.6,buy,0.1,,,
379,220394591,2022-06-21 09:28:25,1,0.191,0.19116117,79.49,BTC-30SEP22-20000-C,21217.66,buy,0.1,,,
380,220394592,2022-06-21 09:28:25,1,0.191,0.19116117,79.49,BTC-30SEP22-20000-C,21217.66,buy,0.1,,,
381,220394593,2022-06-21 09:28:26,1,0.191,0.19131199,79.42,BTC-30SEP22-20000-C,21220.57,buy,0.1,,,
382,220434531,2022-06-21 14:26:41,0,0.1993,0.19625047,80.82,BTC-30SEP22-20000-C,21493.24,sell,250.0,42692,,
383,220458482,2022-06-21 18:23:32,2,0.1919,0.19037668,80.54,BTC-30SEP22-20000-C,21172.5,buy,25.0,42709,,
384,220531389,2022-06-22 06:48:58,2,0.1695,0.16899204,80.11,BTC-30SEP22-20000-C,20143.25,sell,0.1,,,
385,220606915,2022-06-22 16:24:32,2,0.168,0.16860753,79.56,BTC-30SEP22-20000-C,20152.9,sell,0.1,,,
386,220607443,2022-06-22 16:30:51,2,0.167,0.16712773,79.56,BTC-30SEP22-20000-C,20117.07,buy,2.8,,,
387,220607444,2022-06-22 16:30:51,3,0.167,0.16712773,79.56,BTC-30SEP22-20000-C,20117.07,buy,1.3,,,
388,220607598,2022-06-22 16:32:37,3,0.167,0.16729123,79.35,BTC-30SEP22-20000-C,20140.3,buy,5.9,,,
389,220669430,2022-06-23 01:44:42,0,0.174,0.17416046,79.43,BTC-30SEP22-20000-C,20437.31,sell,2.6,,,
390,220738491,2022-06-23 15:14:06,0,0.1755,0.17372435,79.63,BTC-30SEP22-20000-C,20570.78,buy,0.1,,,
391,220738558,2022-06-23 15:14:36,1,0.1755,0.17435451,79.36,BTC-30SEP22-20000-C,20587.28,buy,0.1,,,
392,220765437,2022-06-23 19:09:57,2,0.1725,0.17213451,78.66,BTC-30SEP22-20000-C,20498.08,buy,1.0,,,
393,220779619,2022-06-23 20:13:01,0,0.18,0.17980316,77.43,BTC-30SEP22-20000-C,20985.06,buy,1.6,,,
394,220799241,2022-06-23 22:34:31,0,0.184,0.18313007,77.52,BTC-30SEP22-20000-C,21148.39,buy,1.4,,,
395,221016671,2022-06-26 12:22:00,0,0.1935,0.19446357,77.23,BTC-30SEP22-20000-C,21684.19,buy,0.5,,,
396,221085651,2022-06-27 12:59:22,2,0.1828,0.18283017,77.4,BTC-30SEP22-20000-C,21214.5,buy,250.0,43377,,
397,221255043,2022-06-29 05:20:45,2,0.1585,0.15737992,76.1,BTC-30SEP22-20000-C,20265.73,sell,10.0,,,
398,221255407,2022-06-29 05:21:42,0,0.1595,0.15831402,76.11,BTC-30SEP22-20000-C,20303.85,buy,7.4,,,
399,221255408,2022-06-29 05:21:42,1,0.1595,0.15831402,76.11,BTC-30SEP22-20000-C,20303.85,buy,2.6,,,
400,221380779,2022-06-30 02:54:26,2,0.1565,0.15585393,77.79,BTC-30SEP22-20000-C,20045.02,sell,0.1,,,
401,221391700,2022-06-30 06:30:06,2,0.1495,0.1496834,77.89,BTC-30SEP22-20000-C,19716.06,sell,0.5,,,
402,221401062,2022-06-30 06:54:25,2,0.145,0.14506752,78.68,BTC-30SEP22-20000-C,19417.28,sell,0.3,,,
403,221401066,2022-06-30 06:54:25,3,0.145,0.14506752,78.68,BTC-30SEP22-20000-C,19413.11,sell,0.1,,,
404,221401077,2022-06-30 06:54:25,3,0.145,0.14506752,78.68,BTC-30SEP22-20000-C,19413.11,sell,0.5,,,
405,221401081,2022-06-30 06:54:25,3,0.145,0.14506752,78.68,BTC-30SEP22-20000-C,19413.11,sell,0.1,,,
406,221403839,2022-06-30 07:02:39,3,0.145,0.14511363,78.84,BTC-30SEP22-20000-C,19403.27,buy,4.9,,,
407,221403840,2022-06-30 07:02:39,3,0.145,0.14511363,78.84,BTC-30SEP22-20000-C,19403.27,buy,0.1,,,
408,221413205,2022-06-30 08:03:41,3,0.145,0.1451373,79.23,BTC-30SEP22-20000-C,19367.94,sell,0.2,,,
409,221435730,2022-06-30 10:51:52,2,0.136,0.13635305,78.81,BTC-30SEP22-20000-C,18974.69,sell,0.1,,,
410,221435732,2022-06-30 10:51:52,3,0.136,0.13635305,78.81,BTC-30SEP22-20000-C,18974.69,sell,0.2,,,
411,221435733,2022-06-30 10:51:52,3,0.136,0.13635305,78.81,BTC-30SEP22-20000-C,18974.69,sell,0.1,,,
412,221435734,2022-06-30 10:51:52,3,0.136,0.13635305,78.81,BTC-30SEP22-20000-C,18974.69,sell,0.2,,,
413,221435735,2022-06-30 10:51:52,3,0.136,0.13635305,78.81,BTC-30SEP22-20000-C,18974.69,sell,0.1,,,
414,221435736,2022-06-30 10:51:52,3,0.136,0.13635305,78.81,BTC-30SEP22-20000-C,18974.69,sell,0.1,,,
415,221435737,2022-06-30 10:51:53,3,0.136,0.13635305,78.81,BTC-30SEP22-20000-C,18974.69,sell,0.1,,,
416,221435738,2022-06-30 10:51:53,3,0.136,0.13635305,78.81,BTC-30SEP22-20000-C,18974.69,sell,0.1,,,
417,221435739,2022-06-30 10:51:53,3,0.136,0.13635305,78.81,BTC-30SEP22-20000-C,18974.69,sell,0.1,,,
418,221437295,2022-06-30 11:16:06,0,0.138,0.13759615,79.1,BTC-30SEP22-20000-C,19050.98,sell,1.0,,,
419,221457731,2022-06-30 14:07:30,2,0.133,0.13358143,78.33,BTC-30SEP22-20000-C,18878.89,sell,0.5,,,
420,221457732,2022-06-30 14:07:30,3,0.133,0.13358143,78.33,BTC-30SEP22-20000-C,18878.89,sell,0.3,,,
421,221457733,2022-06-30 14:07:30,3,0.133,0.13358143,78.33,BTC-30SEP22-20000-C,18878.89,sell,0.3,,,
422,221457735,2022-06-30 14:07:30,3,0.133,0.13358143,78.33,BTC-30SEP22-20000-C,18878.89,sell,0.1,,,
423,221462962,2022-06-30 14:45:30,0,0.1345,0.13470296,77.77,BTC-30SEP22-20000-C,19014.17,buy,1.5,,,
424,221474802,2022-06-30 17:39:38,0,0.1375,0.13720574,77.64,BTC-30SEP22-20000-C,19168.51,sell,1.3,,,
425,221474803,2022-06-30 17:39:38,1,0.1375,0.13720574,77.64,BTC-30SEP22-20000-C,19168.51,sell,1.0,,,
426,221474804,2022-06-30 17:39:38,1,0.1375,0.13720574,77.64,BTC-30SEP22-20000-C,19168.51,sell,0.8,,,
427,221474805,2022-06-30 17:39:38,1,0.1375,0.13720574,77.64,BTC-30SEP22-20000-C,19168.51,sell,0.6,,,
428,221474806,2022-06-30 17:39:38,1,0.1375,0.13720574,77.64,BTC-30SEP22-20000-C,19168.51,sell,0.5,,,
429,221474807,2022-06-30 17:39:38,1,0.1375,0.13720574,77.64,BTC-30SEP22-20000-C,19168.51,sell,0.4,,,
430,221474808,2022-06-30 17:39:38,1,0.1375,0.13720574,77.64,BTC-30SEP22-20000-C,19168.51,sell,0.3,,,
431,221474809,2022-06-30 17:39:38,1,0.1375,0.13720574,77.64,BTC-30SEP22-20000-C,19168.3,sell,0.2,,,
432,221474810,2022-06-30 17:39:38,1,0.1375,0.13720879,77.64,BTC-30SEP22-20000-C,19168.3,sell,0.1,,,
433,221474811,2022-06-30 17:39:38,1,0.1375,0.13720879,77.64,BTC-30SEP22-20000-C,19168.3,sell,0.1,,,
434,221474812,2022-06-30 17:39:38,1,0.1375,0.13720879,77.64,BTC-30SEP22-20000-C,19168.3,sell,0.1,,,
435,221474813,2022-06-30 17:39:38,1,0.1375,0.13720879,77.64,BTC-30SEP22-20000-C,19168.3,sell,0.1,,,
436,221474814,2022-06-30 17:39:38,1,0.1375,0.13720879,77.64,BTC-30SEP22-20000-C,19168.3,sell,0.1,,,
437,221474815,2022-06-30 17:39:40,1,0.1375,0.13721321,77.65,BTC-30SEP22-20000-C,19168.0,sell,0.1,,,
438,221474816,2022-06-30 17:39:40,1,0.1375,0.13721321,77.65,BTC-30SEP22-20000-C,19168.0,sell,0.1,,,
439,221474817,2022-06-30 17:39:40,1,0.1375,0.13721321,77.65,BTC-30SEP22-20000-C,19168.0,sell,0.1,,,
440,221474818,2022-06-30 17:39:40,1,0.1375,0.13721321,77.65,BTC-30SEP22-20000-C,19168.0,sell,0.2,,,
441,221474819,2022-06-30 17:39:40,1,0.1375,0.13721321,77.65,BTC-30SEP22-20000-C,19168.0,sell,0.2,,,
442,221474820,2022-06-30 17:39:40,1,0.1375,0.13721321,77.65,BTC-30SEP22-20000-C,19168.0,sell,0.1,,,
443,221474821,2022-06-30 17:39:40,1,0.1375,0.13721321,77.65,BTC-30SEP22-20000-C,19168.0,sell,0.1,,,
444,221474822,2022-06-30 17:39:40,1,0.1375,0.13721321,77.65,BTC-30SEP22-20000-C,19168.0,sell,0.1,,,
445,221474823,2022-06-30 17:39:40,1,0.1375,0.13721321,77.65,BTC-30SEP22-20000-C,19168.0,sell,0.1,,,
446,221474824,2022-06-30 17:39:40,1,0.1375,0.13721321,77.65,BTC-30SEP22-20000-C,19168.0,sell,0.1,,,
447,221474825,2022-06-30 17:39:40,1,0.1375,0.13721321,77.65,BTC-30SEP22-20000-C,19168.0,sell,0.1,,,
448,221475773,2022-06-30 17:50:22,2,0.1348,0.13674737,76.71,BTC-30SEP22-20000-C,19133.22,sell,250.0,43684,,
449,221477656,2022-06-30 18:25:36,2,0.134,0.13464596,77.35,BTC-30SEP22-20000-C,19028.81,sell,0.1,,,
450,221477657,2022-06-30 18:25:36,3,0.134,0.13464596,77.35,BTC-30SEP22-20000-C,19028.81,sell,0.1,,,
451,221477658,2022-06-30 18:25:36,3,0.134,0.13464596,77.35,BTC-30SEP22-20000-C,19028.81,sell,0.1,,,
452,221477659,2022-06-30 18:25:36,3,0.134,0.13464596,77.35,BTC-30SEP22-20000-C,19028.81,sell,0.1,,,
453,221477660,2022-06-30 18:25:36,3,0.134,0.13464596,77.35,BTC-30SEP22-20000-C,19028.81,sell,0.1,,,
454,221481882,2022-06-30 19:14:11,2,0.1325,0.13289805,77.76,BTC-30SEP22-20000-C,18917.92,sell,0.1,,,
455,221481883,2022-06-30 19:14:12,3,0.1325,0.13289805,77.76,BTC-30SEP22-20000-C,18917.92,sell,0.1,,,
456,221481884,2022-06-30 19:14:12,3,0.1325,0.13289805,77.76,BTC-30SEP22-20000-C,18917.92,sell,0.1,,,
457,221507121,2022-06-30 22:06:58,2,0.13,0.13003064,78.28,BTC-30SEP22-20000-C,18749.96,sell,2.0,,,
458,221569120,2022-07-01 03:07:11,0,0.1595,0.15999328,77.7,BTC-30SEP22-20000-C,20186.93,sell,2.6,,,
459,221657704,2022-07-01 16:51:59,2,0.141,0.14025855,77.07,BTC-30SEP22-20000-C,19424.54,sell,10.1,,,
460,221657706,2022-07-01 16:52:00,3,0.141,0.14025855,77.07,BTC-30SEP22-20000-C,19424.54,sell,5.6,,,
461,221658223,2022-07-01 17:00:25,2,0.138,0.13936401,76.57,BTC-30SEP22-20000-C,19331.63,sell,0.1,,,
462,221714682,2022-07-02 12:43:20,2,0.137,0.13663905,76.56,BTC-30SEP22-20000-C,19308.84,buy,2.5,,,
463,221727116,2022-07-02 19:22:07,2,0.135,0.13597531,75.76,BTC-30SEP22-20000-C,19288.42,buy,2.0,,,
464,221735200,2022-07-03 01:07:39,2,0.1335,0.13513987,75.85,BTC-30SEP22-20000-C,19206.9,sell,15.0,,,
465,221735201,2022-07-03 01:07:39,3,0.1335,0.13513987,75.85,BTC-30SEP22-20000-C,19206.9,sell,1.0,,,
466,221735202,2022-07-03 01:07:39,3,0.1335,0.13513987,75.85,BTC-30SEP22-20000-C,19206.9,buy,4.0,,,
467,221772749,2022-07-03 16:51:27,0,0.135,0.13421065,77.54,BTC-30SEP22-20000-C,19141.93,sell,0.1,,,
468,221788402,2022-07-03 22:31:25,0,0.1356,0.13729462,76.49,BTC-30SEP22-20000-C,19277.11,sell,10.0,43877,,
469,221795092,2022-07-04 01:38:03,2,0.1335,0.13406366,76.88,BTC-30SEP22-20000-C,19149.47,buy,0.1,,,
470,221804571,2022-07-04 07:44:12,2,0.1309,0.13103176,76.45,BTC-30SEP22-20000-C,19091.16,sell,50.0,43889,,
471,221806216,2022-07-04 08:31:30,0,0.1314,0.1317463,76.23,BTC-30SEP22-20000-C,19134.49,sell,75.0,43892,,
472,221835722,2022-07-04 13:04:02,0,0.1426,0.14275752,75.67,BTC-30SEP22-20000-C,19697.97,sell,100.0,43928,,
473,221884845,2022-07-04 20:58:54,0,0.144,0.14403612,75.85,BTC-30SEP22-20000-C,19741.94,sell,1.0,,,
474,221899721,2022-07-04 22:53:22,0,0.152,0.15254709,75.69,BTC-30SEP22-20000-C,20139.68,sell,0.3,,,
475,221909366,2022-07-04 23:44:16,0,0.154,0.15402713,75.66,BTC-30SEP22-20000-C,20236.74,buy,1.0,,,
476,221909825,2022-07-04 23:50:09,2,0.1535,0.15398557,75.49,BTC-30SEP22-20000-C,20237.54,sell,0.2,,,
477,221909826,2022-07-04 23:50:09,3,0.1535,0.15398557,75.49,BTC-30SEP22-20000-C,20237.54,sell,0.2,,,
478,221909827,2022-07-04 23:50:09,3,0.1535,0.15398557,75.49,BTC-30SEP22-20000-C,20237.54,sell,0.1,,,
479,221909829,2022-07-04 23:50:13,3,0.1535,0.15400764,75.47,BTC-30SEP22-20000-C,20239.71,sell,0.2,,,
480,221909830,2022-07-04 23:50:13,3,0.1535,0.15400764,75.47,BTC-30SEP22-20000-C,20239.71,sell,0.2,,,
481,221909831,2022-07-04 23:50:13,3,0.1535,0.15400764,75.47,BTC-30SEP22-20000-C,20239.71,sell,0.1,,,
482,221909832,2022-07-04 23:50:13,3,0.1535,0.15400764,75.47,BTC-30SEP22-20000-C,20239.71,sell,0.1,,,
483,221909833,2022-07-04 23:50:13,3,0.1535,0.15400764,75.47,BTC-30SEP22-20000-C,20239.71,sell,0.1,,,
484,221957036,2022-07-05 08:20:56,2,0.1495,0.14928074,75.16,BTC-30SEP22-20000-C,20079.87,sell,0.1,,,
485,221963383,2022-07-05 08:46:52,2,0.1445,0.14387346,75.18,BTC-30SEP22-20000-C,19861.49,buy,2.5,,,
486,222016129,2022-07-05 16:53:45,2,0.1385,0.13761075,75.69,BTC-30SEP22-20000-C,19548.45,buy,2.6,,,
487,222016130,2022-07-05 16:53:45,3,0.1385,0.13761075,75.69,BTC-30SEP22-20000-C,19548.45,buy,21.4,,,
488,222016242,2022-07-05 16:56:07,0,0.139,0.13773595,75.95,BTC-30SEP22-20000-C,19549.31,buy,50.0,44028,,
489,222016273,2022-07-05 16:56:18,2,0.1385,0.13764603,75.78,BTC-30SEP22-20000-C,19540.39,sell,11.8,,,
490,222016274,2022-07-05 16:56:18,3,0.1385,0.13763121,75.82,BTC-30SEP22-20000-C,19537.66,sell,4.2,,,
491,222016497,2022-07-05 16:58:03,3,0.1385,0.13756631,75.89,BTC-30SEP22-20000-C,19536.72,buy,15.0,,,
492,222016520,2022-07-05 16:58:11,3,0.1385,0.13747234,75.94,BTC-30SEP22-20000-C,19532.73,buy,2.0,,,
493,222016543,2022-07-05 16:59:13,3,0.1385,0.1377068,75.91,BTC-30SEP22-20000-C,19535.06,buy,0.2,,,
494,222016544,2022-07-05 16:59:13,3,0.1385,0.1377068,75.91,BTC-30SEP22-20000-C,19535.06,sell,2.8,,,
495,222048769,2022-07-05 20:07:36,0,0.1595,0.15966673,76.14,BTC-30SEP22-20000-C,20480.44,buy,0.4,,,
496,222132931,2022-07-06 09:22:22,2,0.1495,0.14867562,73.74,BTC-30SEP22-20000-C,20251.49,sell,0.1,,,
497,222146571,2022-07-06 12:21:15,2,0.146,0.14547351,73.86,BTC-30SEP22-20000-C,20093.74,buy,0.1,,,
498,222154286,2022-07-06 13:36:48,0,0.148,0.14743308,74.12,BTC-30SEP22-20000-C,20171.08,sell,0.1,,,
499,222220904,2022-07-07 08:05:24,0,0.154,0.15432064,74.7,BTC-30SEP22-20000-C,20425.03,buy,1.0,,,
500,222260437,2022-07-07 16:44:05,0,0.17,0.16998384,74.96,BTC-30SEP22-20000-C,21147.29,buy,1.0,,,
501,222605258,2022-07-11 18:12:06,2,0.149,0.14878541,72.48,BTC-30SEP22-20000-C,20554.98,sell,1.0,,,
502,222607779,2022-07-11 19:03:30,2,0.1485,0.14818698,72.44,BTC-30SEP22-20000-C,20532.62,sell,1.0,,,
503,222636707,2022-07-12 03:19:50,2,0.1345,0.13469188,72.73,BTC-30SEP22-20000-C,19902.49,buy,0.3,,,
504,222650029,2022-07-12 06:58:53,2,0.133,0.13303228,72.73,BTC-30SEP22-20000-C,19830.08,buy,0.2,,,
505,222679127,2022-07-12 13:21:46,0,0.1353,0.13518306,73.37,BTC-30SEP22-20000-C,19889.29,sell,12.5,44638,,
506,222731413,2022-07-13 02:22:02,2,0.1285,0.12865005,74.6,BTC-30SEP22-20000-C,19493.1,buy,0.2,,,
507,222736930,2022-07-13 06:08:19,2,0.128,0.12760628,74.43,BTC-30SEP22-20000-C,19490.14,buy,2.0,,,
508,222736931,2022-07-13 06:08:19,3,0.128,0.12760628,74.43,BTC-30SEP22-20000-C,19490.14,buy,8.0,,,
509,222736932,2022-07-13 06:08:19,0,0.1285,0.12760628,74.7,BTC-30SEP22-20000-C,19490.14,buy,3.3,,,
510,222736933,2022-07-13 06:08:19,1,0.1285,0.12760628,74.7,BTC-30SEP22-20000-C,19490.14,sell,10.5,,,
511,222736934,2022-07-13 06:08:19,1,0.1285,0.12760628,74.7,BTC-30SEP22-20000-C,19490.14,sell,0.9,,,
512,222736935,2022-07-13 06:08:19,1,0.1285,0.12760628,74.7,BTC-30SEP22-20000-C,19490.14,sell,0.3,,,
513,222737497,2022-07-13 06:40:36,2,0.128,0.12746356,74.66,BTC-30SEP22-20000-C,19473.79,buy,0.1,,,
514,222739393,2022-07-13 07:09:38,0,0.1285,0.12822099,74.24,BTC-30SEP22-20000-C,19530.44,buy,2.0,,,
515,222739394,2022-07-13 07:09:38,1,0.1285,0.12822099,74.24,BTC-30SEP22-20000-C,19530.44,buy,8.0,,,
516,222739795,2022-07-13 07:23:04,1,0.1285,0.12805173,74.38,BTC-30SEP22-20000-C,19512.9,buy,0.5,,,
517,222739860,2022-07-13 07:23:58,1,0.1285,0.1280902,74.36,BTC-30SEP22-20000-C,19516.03,sell,0.2,,,
518,222739864,2022-07-13 07:24:15,1,0.1285,0.12804655,74.38,BTC-30SEP22-20000-C,19514.61,sell,0.1,,,
519,222740582,2022-07-13 07:38:30,2,0.1275,0.12756253,74.24,BTC-30SEP22-20000-C,19482.97,sell,0.1,,,
520,222741270,2022-07-13 07:40:56,0,0.13,0.12970833,74.35,BTC-30SEP22-20000-C,19587.71,buy,1.9,,,
521,222741388,2022-07-13 07:40:57,0,0.1305,0.12972676,74.61,BTC-30SEP22-20000-C,19602.11,buy,1.0,,,
522,222770249,2022-07-13 12:31:16,2,0.1275,0.12729089,75.11,BTC-30SEP22-20000-C,19395.04,sell,0.1,,,
523,222787130,2022-07-13 12:52:40,2,0.122,0.12134503,75.31,BTC-30SEP22-20000-C,19142.24,buy,1.8,,,
524,222791665,2022-07-13 13:12:03,2,0.1215,0.12126966,74.8,BTC-30SEP22-20000-C,19170.02,buy,1.0,,,
525,222795058,2022-07-13 13:29:03,2,0.118,0.11735686,74.73,BTC-30SEP22-20000-C,19008.13,sell,0.1,,,
526,222852688,2022-07-13 19:04:08,0,0.1325,0.13206915,73.1,BTC-30SEP22-20000-C,19833.37,buy,2.8,,,
527,222863131,2022-07-13 22:22:11,0,0.133,0.13293761,72.53,BTC-30SEP22-20000-C,19914.74,sell,0.6,,,
528,222863132,2022-07-13 22:22:11,1,0.133,0.13293761,72.53,BTC-30SEP22-20000-C,19914.74,sell,0.4,,,
529,222863133,2022-07-13 22:22:11,1,0.133,0.13293761,72.53,BTC-30SEP22-20000-C,19914.74,sell,0.3,,,
530,222863146,2022-07-13 22:22:18,1,0.133,0.13293125,72.53,BTC-30SEP22-20000-C,19915.12,sell,0.1,,,
531,222863147,2022-07-13 22:22:18,1,0.133,0.13293125,72.53,BTC-30SEP22-20000-C,19915.12,sell,0.1,,,
532,222863148,2022-07-13 22:22:18,1,0.133,0.13293125,72.53,BTC-30SEP22-20000-C,19915.12,sell,0.1,,,
533,222863149,2022-07-13 22:22:18,1,0.133,0.13293125,72.53,BTC-30SEP22-20000-C,19915.12,sell,0.4,,,
534,222863150,2022-07-13 22:22:18,1,0.133,0.13293125,72.53,BTC-30SEP22-20000-C,19915.12,sell,0.2,,,
535,222901644,2022-07-14 07:05:19,1,0.133,0.13303208,71.66,BTC-30SEP22-20000-C,19996.91,sell,0.1,,,
536,222901645,2022-07-14 07:05:19,1,0.133,0.13303208,71.66,BTC-30SEP22-20000-C,19996.91,sell,0.1,,,
537,222901648,2022-07-14 07:05:19,1,0.133,0.13303257,71.66,BTC-30SEP22-20000-C,19992.5,sell,0.2,,,
538,222901650,2022-07-14 07:05:19,1,0.133,0.13303257,71.66,BTC-30SEP22-20000-C,19992.5,sell,0.3,,,
539,222901651,2022-07-14 07:05:19,1,0.133,0.13303257,71.66,BTC-30SEP22-20000-C,19992.5,sell,0.3,,,
540,222901679,2022-07-14 07:05:39,2,0.1325,0.13251882,71.66,BTC-30SEP22-20000-C,19971.01,sell,0.1,,,
541,222901683,2022-07-14 07:05:39,3,0.1325,0.13251882,71.66,BTC-30SEP22-20000-C,19971.01,sell,0.3,,,
542,222901684,2022-07-14 07:05:39,3,0.1325,0.13251882,71.66,BTC-30SEP22-20000-C,19971.01,sell,0.3,,,
543,222901685,2022-07-14 07:05:39,3,0.1325,0.13251882,71.66,BTC-30SEP22-20000-C,19971.01,sell,0.3,,,
544,222936397,2022-07-14 13:59:48,2,0.13,0.13065268,73.08,BTC-30SEP22-20000-C,19755.88,sell,0.1,,,
545,222971933,2022-07-14 17:35:31,0,0.148,0.14880772,73.57,BTC-30SEP22-20000-C,20533.24,sell,4.7,,,
546,222987778,2022-07-14 19:58:30,0,0.15,0.14995179,73.47,BTC-30SEP22-20000-C,20633.04,sell,0.4,,,
547,222987779,2022-07-14 19:58:30,1,0.15,0.14995179,73.47,BTC-30SEP22-20000-C,20633.04,sell,0.1,,,
548,222987780,2022-07-14 19:58:30,1,0.15,0.14995179,73.47,BTC-30SEP22-20000-C,20633.04,sell,0.1,,,
549,222987782,2022-07-14 19:58:30,1,0.15,0.14995179,73.47,BTC-30SEP22-20000-C,20633.04,sell,0.3,,,
550,222987783,2022-07-14 19:58:30,1,0.15,0.14995179,73.47,BTC-30SEP22-20000-C,20633.04,sell,0.1,,,
551,222987901,2022-07-14 19:58:35,2,0.1495,0.14973899,73.43,BTC-30SEP22-20000-C,20614.09,sell,1.0,,,
552,222993094,2022-07-14 21:47:57,2,0.1485,0.14776562,73.89,BTC-30SEP22-20000-C,20531.86,buy,0.1,,,
553,223069449,2022-07-15 16:23:09,2,0.146,0.14693697,71.41,BTC-30SEP22-20000-C,20667.02,sell,1.0,,,
554,223115009,2022-07-16 08:03:51,2,0.144,0.14475066,71.17,BTC-30SEP22-20000-C,20623.57,buy,0.1,,,
555,223122557,2022-07-16 13:14:56,0,0.1465,0.14656269,71.28,BTC-30SEP22-20000-C,20722.68,sell,0.5,,,
556,223298559,2022-07-18 06:34:22,0,0.1835,0.18281866,74.74,BTC-30SEP22-20000-C,22134.52,sell,5.0,,,
557,223338884,2022-07-18 12:17:48,2,0.1805,0.18034628,75.48,BTC-30SEP22-20000-C,21975.39,sell,0.1,,,
558,223658869,2022-07-19 20:10:51,0,0.208,0.20880914,76.45,BTC-30SEP22-20000-C,23182.64,buy,0.1,,,
559,223658870,2022-07-19 20:10:52,1,0.208,0.20882445,76.44,BTC-30SEP22-20000-C,23182.11,buy,0.1,,,
560,223658871,2022-07-19 20:10:53,1,0.208,0.20882445,76.44,BTC-30SEP22-20000-C,23182.11,buy,0.1,,,
561,223658872,2022-07-19 20:10:53,1,0.208,0.20882445,76.44,BTC-30SEP22-20000-C,23182.11,buy,1.6,,,
562,223658873,2022-07-19 20:10:53,1,0.208,0.20882445,76.44,BTC-30SEP22-20000-C,23182.11,buy,0.4,,,
563,223836261,2022-07-20 17:56:09,0,0.2215,0.22152753,80.66,BTC-30SEP22-20000-C,23554.55,buy,0.3,,,
564,224535048,2022-07-26 00:25:21,2,0.154,0.15460548,75.4,BTC-30SEP22-20000-C,21125.22,buy,0.1,,,
565,224559216,2022-07-26 04:59:45,3,0.154,0.15394098,75.27,BTC-30SEP22-20000-C,21135.88,sell,2.5,,,
566,224812477,2022-07-27 22:18:58,0,0.1885,0.18889858,73.49,BTC-30SEP22-20000-C,22806.83,buy,1.0,,,
567,224949907,2022-07-28 16:22:35,0,0.2145,0.21721133,74.02,BTC-30SEP22-20000-C,23895.0,sell,0.1,,,
568,225293255,2022-07-30 13:03:39,0,0.229,0.22525122,77.33,BTC-30SEP22-20000-C,24390.18,sell,1.0,,,
569,225295126,2022-07-30 13:06:59,2,0.2285,0.22732752,75.25,BTC-30SEP22-20000-C,24463.83,sell,1.0,,,
570,225298348,2022-07-30 13:11:03,0,0.23,0.22844102,76.06,BTC-30SEP22-20000-C,24490.05,sell,1.0,,,
571,225298647,2022-07-30 13:12:11,0,0.231,0.22880681,76.74,BTC-30SEP22-20000-C,24511.38,sell,1.0,,,
572,225298651,2022-07-30 13:12:18,1,0.231,0.22872005,76.75,BTC-30SEP22-20000-C,24510.53,sell,3.0,,,
573,225351058,2022-07-30 22:39:06,2,0.21,0.21040753,75.61,BTC-30SEP22-20000-C,23691.71,buy,0.1,,,
574,225355918,2022-07-30 23:23:31,2,0.2085,0.20817835,75.78,BTC-30SEP22-20000-C,23615.22,buy,1.0,,,
575,225358929,2022-07-31 00:04:22,2,0.206,0.20757467,74.33,BTC-30SEP22-20000-C,23587.07,sell,1.0,,,
576,225359220,2022-07-31 00:05:08,2,0.203,0.20678012,72.6,BTC-30SEP22-20000-C,23557.11,sell,4.0,,,
577,225359361,2022-07-31 00:06:45,0,0.2075,0.20749539,75.47,BTC-30SEP22-20000-C,23602.17,buy,1.0,,,
578,225719727,2022-08-03 17:18:11,2,0.203,0.20178396,76.85,BTC-30SEP22-20000-C,23483.42,buy,0.1,,,
579,225775739,2022-08-04 09:15:12,2,0.1845,0.18311069,74.63,BTC-30SEP22-20000-C,22845.36,buy,0.1,,,
580,225839221,2022-08-05 04:17:52,0,0.1895,0.19010584,72.78,BTC-30SEP22-20000-C,23164.25,buy,1.6,,,
581,226044663,2022-08-08 12:45:05,0,0.214,0.21386564,76.0,BTC-30SEP22-20000-C,24114.75,sell,0.1,,,
582,226045355,2022-08-08 12:59:50,0,0.2145,0.21459714,76.15,BTC-30SEP22-20000-C,24129.6,buy,0.1,,,
583,226237868,2022-08-10 18:12:26,2,0.2017,0.20193173,70.95,BTC-30SEP22-20000-C,23911.32,sell,25.0,46891,,
584,226237934,2022-08-10 18:14:19,2,0.2016,0.2014023,71.35,BTC-30SEP22-20000-C,23891.24,buy,25.0,46892,,
585,226315242,2022-08-11 13:12:33,0,0.2245,0.22429212,73.55,BTC-30SEP22-20000-C,24778.61,sell,0.1,,,
586,226369816,2022-08-12 02:06:26,2,0.2005,0.20050768,72.23,BTC-30SEP22-20000-C,23887.51,sell,0.1,,,
587,226420834,2022-08-12 16:11:21,0,0.2055,0.2055426,72.4,BTC-30SEP22-20000-C,24047.35,sell,0.2,,,
588,226535790,2022-08-14 16:44:07,0,0.2125,0.21253642,72.15,BTC-30SEP22-20000-C,24446.36,sell,1.6,,,
589,226535791,2022-08-14 16:44:07,1,0.2125,0.21253642,72.15,BTC-30SEP22-20000-C,24446.36,sell,0.2,,,
590,226535795,2022-08-14 16:44:08,1,0.2125,0.21253401,72.39,BTC-30SEP22-20000-C,24437.51,sell,1.7,,,
591,226535796,2022-08-14 16:44:08,1,0.2125,0.21253401,72.39,BTC-30SEP22-20000-C,24437.51,sell,0.1,,,
592,226535797,2022-08-14 16:44:08,1,0.2125,0.21253401,72.39,BTC-30SEP22-20000-C,24437.51,sell,0.1,,,
593,226535802,2022-08-14 16:44:09,1,0.2125,0.21231391,72.39,BTC-30SEP22-20000-C,24437.51,sell,2.3,,,
594,226611626,2022-08-15 13:19:25,2,0.202,0.20216302,70.69,BTC-30SEP22-20000-C,24122.82,buy,0.1,,,
595,226768790,2022-08-17 11:44:52,2,0.193,0.19230891,72.78,BTC-30SEP22-20000-C,23751.26,sell,0.1,,,
596,226826893,2022-08-17 22:35:30,2,0.185,0.18472503,75.34,BTC-30SEP22-20000-C,23354.39,sell,0.2,,,
597,226905925,2022-08-19 00:32:45,2,0.172,0.17238082,75.17,BTC-30SEP22-20000-C,22915.22,buy,0.2,,,
598,226906042,2022-08-19 00:33:15,0,0.1725,0.17271453,75.32,BTC-30SEP22-20000-C,22931.32,buy,0.2,,,
599,226906405,2022-08-19 00:36:17,1,0.1725,0.172646,75.32,BTC-30SEP22-20000-C,22930.91,buy,0.6,,,
600,226919904,2022-08-19 04:06:06,2,0.169,0.16926277,75.97,BTC-30SEP22-20000-C,22782.78,buy,0.1,,,
601,226932675,2022-08-19 06:38:26,2,0.14,0.14368787,74.08,BTC-30SEP22-20000-C,21807.35,sell,0.5,,,
602,227017350,2022-08-19 12:34:38,2,0.1295,0.12941954,72.77,BTC-30SEP22-20000-C,21345.93,buy,0.2,,,
603,227035270,2022-08-19 15:31:56,0,0.131,0.13072223,73.91,BTC-30SEP22-20000-C,21347.67,sell,0.5,,,
604,227035271,2022-08-19 15:31:56,1,0.131,0.13072223,73.91,BTC-30SEP22-20000-C,21347.67,sell,0.4,,,
605,227035272,2022-08-19 15:31:56,1,0.131,0.13072223,73.91,BTC-30SEP22-20000-C,21347.67,sell,0.1,,,
606,227035273,2022-08-19 15:32:00,1,0.131,0.13071163,73.92,BTC-30SEP22-20000-C,21346.9,sell,0.3,,,
607,227035278,2022-08-19 15:32:00,1,0.131,0.13072392,73.91,BTC-30SEP22-20000-C,21347.33,sell,0.2,,,
608,227035279,2022-08-19 15:32:00,1,0.131,0.13072392,73.91,BTC-30SEP22-20000-C,21347.33,sell,0.1,,,
609,227035280,2022-08-19 15:32:00,1,0.131,0.13072392,73.91,BTC-30SEP22-20000-C,21347.33,sell,0.1,,,
610,227035281,2022-08-19 15:32:00,1,0.131,0.13072392,73.91,BTC-30SEP22-20000-C,21347.33,sell,0.1,,,
611,227035282,2022-08-19 15:32:00,1,0.131,0.13072392,73.91,BTC-30SEP22-20000-C,21347.33,sell,0.1,,,
612,227035285,2022-08-19 15:32:03,1,0.131,0.13073073,73.9,BTC-30SEP22-20000-C,21347.43,sell,0.1,,,
613,227035291,2022-08-19 15:32:11,1,0.131,0.13075167,73.89,BTC-30SEP22-20000-C,21347.65,sell,1.0,,,
614,227039703,2022-08-19 16:00:15,0,0.134,0.13369922,74.54,BTC-30SEP22-20000-C,21434.9,sell,1.0,,,
615,227054572,2022-08-19 18:12:59,2,0.1305,0.13075296,73.21,BTC-30SEP22-20000-C,21366.28,sell,0.2,,,
616,227054573,2022-08-19 18:12:59,3,0.1305,0.13075296,73.21,BTC-30SEP22-20000-C,21366.28,sell,0.1,,,
617,227054586,2022-08-19 18:13:00,3,0.1305,0.13070436,73.22,BTC-30SEP22-20000-C,21365.97,sell,0.3,,,
618,227054591,2022-08-19 18:13:00,3,0.1305,0.13070436,73.22,BTC-30SEP22-20000-C,21365.97,sell,0.2,,,
619,227054592,2022-08-19 18:13:01,3,0.1305,0.1306916,73.22,BTC-30SEP22-20000-C,21365.97,sell,0.2,,,
620,227055067,2022-08-19 18:14:52,2,0.13,0.13023759,73.14,BTC-30SEP22-20000-C,21347.34,sell,0.3,,,
621,227055068,2022-08-19 18:14:52,3,0.13,0.13023759,73.14,BTC-30SEP22-20000-C,21347.34,sell,0.1,,,
622,227055069,2022-08-19 18:14:52,3,0.13,0.13023759,73.14,BTC-30SEP22-20000-C,21347.34,sell,0.5,,,
623,227055070,2022-08-19 18:14:52,3,0.13,0.13023759,73.14,BTC-30SEP22-20000-C,21347.34,sell,0.1,,,
624,227088051,2022-08-19 23:45:58,2,0.121,0.12129794,75.07,BTC-30SEP22-20000-C,20875.16,buy,0.1,,,
625,227088052,2022-08-19 23:45:58,3,0.121,0.12129794,75.07,BTC-30SEP22-20000-C,20875.16,buy,0.1,,,
626,227088053,2022-08-19 23:45:58,3,0.121,0.12129794,75.07,BTC-30SEP22-20000-C,20875.16,buy,0.1,,,
627,227088054,2022-08-19 23:45:59,3,0.121,0.12129794,75.07,BTC-30SEP22-20000-C,20875.16,buy,0.8,,,
628,227091195,2022-08-20 00:15:41,0,0.1235,0.12337739,75.88,BTC-30SEP22-20000-C,20944.03,buy,1.3,,,
629,227091257,2022-08-20 00:16:44,1,0.1235,0.12351741,75.77,BTC-30SEP22-20000-C,20949.93,buy,0.1,,,
630,227120546,2022-08-20 11:46:14,0,0.127,0.12677099,73.14,BTC-30SEP22-20000-C,21253.79,sell,0.2,,,
631,227192332,2022-08-21 17:48:52,0,0.133,0.13102118,74.99,BTC-30SEP22-20000-C,21460.87,buy,3.2,,,
632,227192333,2022-08-21 17:48:52,1,0.133,0.13102118,74.99,BTC-30SEP22-20000-C,21460.87,sell,1.8,,,
633,227297252,2022-08-23 06:11:45,2,0.117,0.1172398,74.57,BTC-30SEP22-20000-C,20919.61,sell,0.1,,,
634,227314573,2022-08-23 09:48:38,0,0.1325,0.13229197,75.08,BTC-30SEP22-20000-C,21511.18,buy,1.8,,,
635,227496791,2022-08-26 07:17:43,2,0.1205,0.12074756,70.95,BTC-30SEP22-20000-C,21385.25,buy,4.0,,,
636,227508710,2022-08-26 09:46:54,2,0.1195,0.12014723,68.9,BTC-30SEP22-20000-C,21429.37,buy,0.1,,,
637,227508742,2022-08-26 09:47:22,2,0.119,0.11986115,68.64,BTC-30SEP22-20000-C,21419.02,sell,0.1,,,
638,227508743,2022-08-26 09:47:24,0,0.1195,0.11987741,69.05,BTC-30SEP22-20000-C,21420.25,buy,0.1,,,
639,227508744,2022-08-26 09:47:24,1,0.1195,0.11987741,69.05,BTC-30SEP22-20000-C,21420.25,buy,0.1,,,
640,227509278,2022-08-26 10:04:16,0,0.12,0.12035373,69.03,BTC-30SEP22-20000-C,21443.48,buy,0.1,,,
641,227509284,2022-08-26 10:04:30,1,0.12,0.12036703,69.03,BTC-30SEP22-20000-C,21444.26,buy,0.1,,,
642,227509403,2022-08-26 10:08:14,2,0.1195,0.12016129,68.77,BTC-30SEP22-20000-C,21438.61,buy,1.0,,,
643,227509404,2022-08-26 10:08:15,3,0.1195,0.12014698,68.78,BTC-30SEP22-20000-C,21438.06,buy,1.0,,,
644,227509536,2022-08-26 10:10:50,0,0.12,0.11975534,69.55,BTC-30SEP22-20000-C,21426.11,buy,1.5,,,
645,227509741,2022-08-26 10:16:22,2,0.1185,0.11887828,68.9,BTC-30SEP22-20000-C,21400.87,buy,0.9,,,
646,227511071,2022-08-26 10:44:46,3,0.1185,0.11886101,68.8,BTC-30SEP22-20000-C,21404.11,buy,0.4,,,
647,227532283,2022-08-26 12:56:56,0,0.1255,0.12541178,69.46,BTC-30SEP22-20000-C,21646.67,buy,0.5,,,
648,227579189,2022-08-26 15:15:33,2,0.1015,0.10246105,67.98,BTC-30SEP22-20000-C,20782.72,sell,8.0,,,
649,227582529,2022-08-26 15:17:57,2,0.1005,0.0998701,68.87,BTC-30SEP22-20000-C,20701.86,sell,2.5,,,
650,227582702,2022-08-26 15:18:26,2,0.0995,0.09941421,68.43,BTC-30SEP22-20000-C,20684.48,buy,1.0,,,
651,227584370,2022-08-26 15:21:33,0,0.1,0.09987612,68.71,BTC-30SEP22-20000-C,20688.85,sell,1.0,,,
652,227604253,2022-08-26 17:46:00,2,0.0985,0.09892703,67.56,BTC-30SEP22-20000-C,20693.22,sell,4.3,,,
653,227604254,2022-08-26 17:46:00,3,0.0985,0.09892703,67.56,BTC-30SEP22-20000-C,20693.22,buy,5.7,,,
654,227606194,2022-08-26 18:08:43,2,0.0965,0.09580687,68.6,BTC-30SEP22-20000-C,20555.67,sell,0.1,,,
655,227632903,2022-08-26 23:15:22,2,0.09,0.0895678,67.85,BTC-30SEP22-20000-C,20339.0,sell,1.3,,,
656,227635224,2022-08-26 23:20:06,2,0.086,0.08636418,67.03,BTC-30SEP22-20000-C,20211.26,buy,2.0,,,
657,227636072,2022-08-26 23:25:46,0,0.087,0.08730468,66.82,BTC-30SEP22-20000-C,20263.5,buy,4.5,,,
658,227638097,2022-08-26 23:34:11,2,0.085,0.08504161,66.9,BTC-30SEP22-20000-C,20173.66,buy,2.2,,,
659,227638799,2022-08-26 23:38:29,0,0.0865,0.08681546,66.63,BTC-30SEP22-20000-C,20249.54,buy,0.5,,,
660,227638800,2022-08-26 23:38:29,1,0.0865,0.08681546,66.65,BTC-30SEP22-20000-C,20248.87,buy,0.2,,,
661,227638802,2022-08-26 23:38:29,1,0.0865,0.08681546,66.65,BTC-30SEP22-20000-C,20248.87,buy,0.3,,,
662,227638819,2022-08-26 23:38:39,1,0.0865,0.08667342,66.74,BTC-30SEP22-20000-C,20244.13,buy,3.0,,,
663,227639359,2022-08-26 23:44:07,2,0.086,0.08605482,66.78,BTC-30SEP22-20000-C,20214.67,buy,3.3,,,
664,227639361,2022-08-26 23:44:07,3,0.086,0.08605482,66.78,BTC-30SEP22-20000-C,20214.67,buy,0.1,,,
665,227639365,2022-08-26 23:44:10,3,0.086,0.08616784,66.66,BTC-30SEP22-20000-C,20221.16,buy,3.1,,,
666,227640381,2022-08-26 23:48:56,2,0.084,0.08391321,66.94,BTC-30SEP22-20000-C,20129.26,buy,3.0,,,
667,227640460,2022-08-26 23:49:42,0,0.0845,0.08433875,67.01,BTC-30SEP22-20000-C,20148.18,buy,0.1,,,
668,227640461,2022-08-26 23:49:43,1,0.0845,0.08433764,67.02,BTC-30SEP22-20000-C,20148.22,buy,0.2,,,
669,227640462,2022-08-26 23:49:43,1,0.0845,0.08433764,67.02,BTC-30SEP22-20000-C,20148.22,buy,0.1,,,
670,227640467,2022-08-26 23:49:44,1,0.0845,0.08442029,67.02,BTC-30SEP22-20000-C,20151.87,buy,0.1,,,
671,227640469,2022-08-26 23:49:44,1,0.0845,0.08442029,67.02,BTC-30SEP22-20000-C,20151.87,buy,0.1,,,
672,227640470,2022-08-26 23:49:44,1,0.0845,0.08442029,66.95,BTC-30SEP22-20000-C,20151.87,buy,6.4,,,
673,227640520,2022-08-26 23:50:15,1,0.0845,0.08469322,66.73,BTC-30SEP22-20000-C,20163.67,sell,3.0,,,
674,227651413,2022-08-27 02:48:05,0,0.0865,0.08671509,66.52,BTC-30SEP22-20000-C,20258.22,buy,1.6,,,
675,227657194,2022-08-27 05:11:18,2,0.082,0.0821319,66.83,BTC-30SEP22-20000-C,20064.82,buy,1.0,,,
676,227658043,2022-08-27 05:13:39,2,0.08,0.0801765,66.95,BTC-30SEP22-20000-C,19975.13,buy,5.8,,,
677,227658044,2022-08-27 05:13:39,3,0.08,0.0801765,66.95,BTC-30SEP22-20000-C,19975.13,buy,0.1,,,
678,227659845,2022-08-27 05:22:20,0,0.0815,0.08219461,66.4,BTC-30SEP22-20000-C,20058.49,buy,1.0,,,
679,227662060,2022-08-27 06:08:16,0,0.083,0.08324584,66.57,BTC-30SEP22-20000-C,20111.4,buy,0.2,,,
680,227662097,2022-08-27 06:08:39,1,0.083,0.08324591,66.53,BTC-30SEP22-20000-C,20114.24,buy,0.3,,,
681,227663687,2022-08-27 06:34:16,0,0.084,0.0835399,67.05,BTC-30SEP22-20000-C,20133.11,sell,0.1,,,
682,227664095,2022-08-27 06:35:30,0,0.085,0.0842864,67.07,BTC-30SEP22-20000-C,20192.62,buy,0.2,,,
683,227670725,2022-08-27 08:54:49,2,0.0835,0.08411155,65.22,BTC-30SEP22-20000-C,20217.84,buy,0.1,,,
684,227671052,2022-08-27 09:07:02,2,0.0825,0.0832344,65.0,BTC-30SEP22-20000-C,20179.57,buy,0.1,,,
685,227677894,2022-08-27 13:41:50,0,0.083,0.08363426,64.85,BTC-30SEP22-20000-C,20218.01,sell,0.1,,,
686,227677898,2022-08-27 13:41:57,1,0.083,0.0836991,64.8,BTC-30SEP22-20000-C,20221.71,sell,0.1,,,
687,227677900,2022-08-27 13:41:58,1,0.083,0.08370234,64.79,BTC-30SEP22-20000-C,20222.22,sell,0.1,,,
688,227681526,2022-08-27 15:10:32,2,0.0805,0.08062849,65.49,BTC-30SEP22-20000-C,20080.05,buy,3.7,,,
689,227681531,2022-08-27 15:10:33,3,0.0805,0.08062917,65.49,BTC-30SEP22-20000-C,20080.05,buy,1.3,,,
690,227681560,2022-08-27 15:10:48,0,0.081,0.08075801,65.81,BTC-30SEP22-20000-C,20085.8,sell,2.8,,,
691,227682497,2022-08-27 15:23:57,2,0.0795,0.07919757,66.33,BTC-30SEP22-20000-C,19996.24,buy,0.1,,,
692,227694331,2022-08-27 17:09:18,0,0.0805,0.08103385,67.21,BTC-30SEP22-20000-C,19987.12,sell,1.2,,,
693,227694332,2022-08-27 17:09:18,1,0.0805,0.08103385,67.21,BTC-30SEP22-20000-C,19987.12,buy,1.8,,,
694,227698961,2022-08-27 20:12:24,0,0.082,0.08156441,67.86,BTC-30SEP22-20000-C,20035.91,sell,0.1,,,
695,227699046,2022-08-27 20:18:05,2,0.0815,0.08125677,67.86,BTC-30SEP22-20000-C,20007.63,sell,0.1,,,
696,227706608,2022-08-28 00:57:17,2,0.0795,0.08003055,67.08,BTC-30SEP22-20000-C,19977.32,buy,0.1,,,
697,227707813,2022-08-28 01:56:43,0,0.0805,0.08123908,66.81,BTC-30SEP22-20000-C,20032.17,sell,1.0,,,
698,227711146,2022-08-28 04:34:44,2,0.079,0.0794936,66.55,BTC-30SEP22-20000-C,19996.82,sell,0.1,,,
699,227719343,2022-08-28 11:07:35,3,0.079,0.07909131,67.56,BTC-30SEP22-20000-C,19948.48,sell,3.2,,,
700,227719344,2022-08-28 11:07:35,3,0.079,0.07909131,67.56,BTC-30SEP22-20000-C,19948.48,sell,0.1,,,
701,227719345,2022-08-28 11:07:35,3,0.079,0.07909131,67.56,BTC-30SEP22-20000-C,19948.48,sell,0.1,,,
702,227719346,2022-08-28 11:07:35,3,0.079,0.07909131,67.56,BTC-30SEP22-20000-C,19948.48,sell,0.1,,,
703,227719347,2022-08-28 11:07:35,3,0.079,0.07909131,67.56,BTC-30SEP22-20000-C,19948.48,sell,0.1,,,
704,227719358,2022-08-28 11:07:38,3,0.079,0.07894059,67.51,BTC-30SEP22-20000-C,19950.66,sell,0.1,,,
705,227719359,2022-08-28 11:07:38,3,0.079,0.07894059,67.51,BTC-30SEP22-20000-C,19950.66,sell,0.1,,,
706,227719370,2022-08-28 11:07:41,3,0.079,0.07887947,67.55,BTC-30SEP22-20000-C,19949.13,sell,0.2,,,
707,227722603,2022-08-28 12:58:47,3,0.079,0.07909551,68.12,BTC-30SEP22-20000-C,19932.76,sell,6.0,,,
708,227724150,2022-08-28 13:31:02,0,0.0795,0.07905159,68.18,BTC-30SEP22-20000-C,19950.15,buy,0.1,,,
709,227730852,2022-08-28 16:00:21,0,0.081,0.0812161,67.74,BTC-30SEP22-20000-C,20040.66,buy,1.0,,,
710,227732203,2022-08-28 16:13:16,0,0.0825,0.08295584,67.63,BTC-30SEP22-20000-C,20096.71,sell,0.1,,,
711,227733306,2022-08-28 16:22:48,0,0.0835,0.08362095,67.87,BTC-30SEP22-20000-C,20124.88,buy,0.1,,,
712,227742965,2022-08-28 22:19:18,2,0.08,0.08014667,68.97,BTC-30SEP22-20000-C,19935.49,buy,15.0,48109,BTC-CSR12-30SEP22-20000_24000,
713,227743771,2022-08-28 22:28:21,0,0.0805,0.0795776,70.14,BTC-30SEP22-20000-C,19900.6,buy,15.0,48112,BTC-CSR12-30SEP22-20000_24000,
714,227743939,2022-08-28 22:32:50,2,0.0802,0.08007484,69.54,BTC-30SEP22-20000-C,19927.38,buy,15.0,48113,BTC-CSR12-30SEP22-20000_24000,
715,227744301,2022-08-28 22:39:23,0,0.0806,0.07968502,70.11,BTC-30SEP22-20000-C,19914.1,buy,15.0,48114,BTC-CSR12-30SEP22-20000_24000,
716,227748416,2022-08-28 23:28:24,2,0.0755,0.07458369,69.53,BTC-30SEP22-20000-C,19717.43,buy,10.0,48117,BTC-CSR12-30SEP22-20000_24000,
717,227751992,2022-08-28 23:58:37,2,0.072,0.07129388,69.82,BTC-30SEP22-20000-C,19549.02,buy,6.0,,,
718,227751993,2022-08-28 23:58:37,3,0.072,0.07129388,69.82,BTC-30SEP22-20000-C,19549.02,buy,0.3,,,
719,227754080,2022-08-29 00:18:18,0,0.0735,0.07300035,69.99,BTC-30SEP22-20000-C,19607.97,sell,0.6,,,
720,227754081,2022-08-29 00:18:18,1,0.0735,0.07300035,69.99,BTC-30SEP22-20000-C,19607.97,sell,0.4,,,
721,227761503,2022-08-29 03:17:52,0,0.0765,0.07633988,69.53,BTC-30SEP22-20000-C,19771.22,sell,0.4,,,
722,227761504,2022-08-29 03:17:53,1,0.0765,0.07632436,69.53,BTC-30SEP22-20000-C,19771.45,sell,0.6,,,
723,227761505,2022-08-29 03:17:53,1,0.0765,0.07632436,69.53,BTC-30SEP22-20000-C,19771.45,sell,0.4,,,
724,227761506,2022-08-29 03:17:53,1,0.0765,0.07632436,69.53,BTC-30SEP22-20000-C,19771.45,sell,0.3,,,
725,227761507,2022-08-29 03:17:53,1,0.0765,0.07632436,69.53,BTC-30SEP22-20000-C,19771.45,sell,0.2,,,
726,227761508,2022-08-29 03:17:53,1,0.0765,0.07632436,69.53,BTC-30SEP22-20000-C,19771.45,sell,0.1,,,
727,227761509,2022-08-29 03:17:53,1,0.0765,0.07632436,69.53,BTC-30SEP22-20000-C,19771.45,sell,0.1,,,
728,227761510,2022-08-29 03:17:53,1,0.0765,0.07632436,69.53,BTC-30SEP22-20000-C,19771.45,sell,0.1,,,
729,227764240,2022-08-29 04:03:12,0,0.079,0.07928457,69.16,BTC-30SEP22-20000-C,19898.8,sell,0.1,,,
730,227767916,2022-08-29 05:58:40,2,0.0765,0.07648323,69.56,BTC-30SEP22-20000-C,19760.34,sell,0.2,,,
731,227767918,2022-08-29 05:58:40,3,0.0765,0.07648323,69.56,BTC-30SEP22-20000-C,19760.34,sell,0.8,,,
732,227770147,2022-08-29 07:07:25,0,0.0785,0.07815288,69.17,BTC-30SEP22-20000-C,19869.62,buy,0.1,,,
733,227772740,2022-08-29 08:00:58,1,0.0785,0.07877061,68.41,BTC-30SEP22-20000-C,19913.16,buy,1.2,,,
734,227776523,2022-08-29 09:17:39,2,0.076,0.0764851,68.29,BTC-30SEP22-20000-C,19817.75,sell,0.1,,,
735,227776643,2022-08-29 09:24:30,0,0.0765,0.07676401,68.58,BTC-30SEP22-20000-C,19823.66,sell,0.4,,,
736,227776701,2022-08-29 09:26:10,1,0.0765,0.07681612,68.55,BTC-30SEP22-20000-C,19826.85,sell,0.1,,,
737,227781458,2022-08-29 12:19:25,2,0.0755,0.07619742,67.82,BTC-30SEP22-20000-C,19823.98,sell,0.1,,,
738,227781460,2022-08-29 12:19:26,3,0.0755,0.07619652,67.86,BTC-30SEP22-20000-C,19822.0,sell,0.2,,,
739,227781461,2022-08-29 12:19:26,3,0.0755,0.07619652,67.86,BTC-30SEP22-20000-C,19822.0,sell,0.2,,,
740,227781462,2022-08-29 12:19:26,3,0.0755,0.07619652,67.86,BTC-30SEP22-20000-C,19822.0,sell,0.1,,,
741,227781463,2022-08-29 12:19:26,3,0.0755,0.07619652,67.86,BTC-30SEP22-20000-C,19822.0,sell,0.1,,,
742,227781577,2022-08-29 12:24:33,0,0.076,0.0765148,67.74,BTC-30SEP22-20000-C,19851.85,buy,1.2,,,
743,227781914,2022-08-29 12:26:38,0,0.077,0.07726525,67.89,BTC-30SEP22-20000-C,19887.18,buy,1.0,,,
744,227782589,2022-08-29 12:29:12,0,0.078,0.07828875,67.82,BTC-30SEP22-20000-C,19934.77,sell,0.1,,,
745,227782693,2022-08-29 12:29:20,0,0.0785,0.07830985,67.97,BTC-30SEP22-20000-C,19948.36,buy,0.2,,,
746,227783493,2022-08-29 12:33:09,0,0.08,0.07994268,68.2,BTC-30SEP22-20000-C,19995.36,buy,0.3,,,
747,227783919,2022-08-29 12:35:13,0,0.0805,0.080566,68.17,BTC-30SEP22-20000-C,20018.05,buy,0.8,,,
748,227784500,2022-08-29 12:40:21,2,0.08,0.07997024,68.4,BTC-30SEP22-20000-C,19987.03,sell,0.3,,,
749,227784504,2022-08-29 12:40:22,3,0.08,0.0799745,68.44,BTC-30SEP22-20000-C,19984.83,sell,0.2,,,
750,227784510,2022-08-29 12:40:31,3,0.08,0.07993362,68.44,BTC-30SEP22-20000-C,19983.61,sell,0.1,,,
751,227784511,2022-08-29 12:40:31,3,0.08,0.07993362,68.44,BTC-30SEP22-20000-C,19983.61,sell,0.2,,,
752,227784512,2022-08-29 12:40:31,3,0.08,0.07993362,68.44,BTC-30SEP22-20000-C,19983.61,sell,0.1,,,
753,227784513,2022-08-29 12:40:31,3,0.08,0.07993362,68.44,BTC-30SEP22-20000-C,19983.61,sell,0.1,,,
754,227784514,2022-08-29 12:40:31,3,0.08,0.07993362,68.44,BTC-30SEP22-20000-C,19983.61,sell,0.1,,,
755,227784900,2022-08-29 12:48:39,2,0.078,0.07821265,68.28,BTC-30SEP22-20000-C,19899.89,sell,0.1,,,
756,227784901,2022-08-29 12:48:40,3,0.078,0.07821265,68.28,BTC-30SEP22-20000-C,19899.89,sell,0.3,,,
757,227784902,2022-08-29 12:48:40,3,0.078,0.07821265,68.28,BTC-30SEP22-20000-C,19899.89,sell,0.2,,,
758,227784903,2022-08-29 12:48:40,3,0.078,0.07821265,68.28,BTC-30SEP22-20000-C,19899.89,sell,0.1,,,
759,227784904,2022-08-29 12:48:40,3,0.078,0.07821265,68.28,BTC-30SEP22-20000-C,19899.89,sell,0.1,,,
760,227784911,2022-08-29 12:48:41,3,0.078,0.07821389,68.36,BTC-30SEP22-20000-C,19895.74,sell,0.1,,,
761,227784913,2022-08-29 12:48:42,3,0.078,0.07810682,68.37,BTC-30SEP22-20000-C,19895.15,sell,0.5,,,
762,227784914,2022-08-29 12:48:42,3,0.078,0.07810682,68.37,BTC-30SEP22-20000-C,19895.15,sell,0.3,,,
763,227785121,2022-08-29 12:50:01,3,0.078,0.07806485,68.41,BTC-30SEP22-20000-C,19898.55,sell,0.1,,,
764,227785122,2022-08-29 12:50:01,3,0.078,0.07806485,68.41,BTC-30SEP22-20000-C,19898.55,sell,0.1,,,
765,227785123,2022-08-29 12:50:01,3,0.078,0.07806485,68.41,BTC-30SEP22-20000-C,19898.55,sell,0.1,,,
766,227785840,2022-08-29 12:59:30,3,0.078,0.07826891,68.15,BTC-30SEP22-20000-C,19906.13,sell,0.3,,,
767,227785841,2022-08-29 12:59:30,3,0.078,0.07826891,68.15,BTC-30SEP22-20000-C,19906.13,sell,0.2,,,
768,227785842,2022-08-29 12:59:39,3,0.078,0.07823307,68.19,BTC-30SEP22-20000-C,19904.39,sell,0.1,,,
769,227785843,2022-08-29 12:59:39,3,0.078,0.07823307,68.19,BTC-30SEP22-20000-C,19904.39,sell,0.1,,,
770,227785844,2022-08-29 12:59:45,3,0.078,0.07825277,68.18,BTC-30SEP22-20000-C,19905.45,sell,0.1,,,
771,227785845,2022-08-29 12:59:45,3,0.078,0.07825277,68.18,BTC-30SEP22-20000-C,19905.45,sell,0.1,,,
772,227785846,2022-08-29 12:59:47,3,0.078,0.07823681,68.19,BTC-30SEP22-20000-C,19904.66,sell,0.1,,,
773,227785847,2022-08-29 12:59:47,3,0.078,0.07823681,68.19,BTC-30SEP22-20000-C,19904.66,sell,0.1,,,
774,227785848,2022-08-29 12:59:47,3,0.078,0.07823681,68.19,BTC-30SEP22-20000-C,19904.66,sell,0.1,,,
775,227785853,2022-08-29 12:59:47,3,0.078,0.07823681,68.19,BTC-30SEP22-20000-C,19904.66,sell,0.1,,,
776,227785856,2022-08-29 12:59:48,3,0.078,0.07823681,68.19,BTC-30SEP22-20000-C,19904.66,sell,0.3,,,
777,227785857,2022-08-29 12:59:48,3,0.078,0.07823681,68.19,BTC-30SEP22-20000-C,19904.66,sell,0.1,,,
778,227785858,2022-08-29 12:59:48,3,0.078,0.07823681,68.19,BTC-30SEP22-20000-C,19904.66,sell,0.4,,,
779,227785859,2022-08-29 12:59:48,3,0.078,0.0782337,68.19,BTC-30SEP22-20000-C,19904.66,sell,0.3,,,
780,227785935,2022-08-29 13:00:55,3,0.078,0.07827767,68.14,BTC-30SEP22-20000-C,19907.37,sell,0.1,,,
781,227785936,2022-08-29 13:00:56,3,0.078,0.07829805,68.14,BTC-30SEP22-20000-C,19907.67,sell,0.1,,,
782,227786092,2022-08-29 13:05:15,3,0.078,0.07825731,68.16,BTC-30SEP22-20000-C,19908.82,buy,1.0,,,
783,227787821,2022-08-29 13:34:48,0,0.0815,0.08173828,68.1,BTC-30SEP22-20000-C,20067.14,sell,4.4,,,
784,227787822,2022-08-29 13:34:48,1,0.0815,0.08173828,68.1,BTC-30SEP22-20000-C,20067.14,sell,1.4,,,
785,227788742,2022-08-29 13:40:44,0,0.082,0.08201649,68.22,BTC-30SEP22-20000-C,20089.7,sell,0.6,,,
786,227788743,2022-08-29 13:40:44,1,0.082,0.08201649,68.22,BTC-30SEP22-20000-C,20089.7,sell,0.4,,,
787,227788744,2022-08-29 13:40:44,1,0.082,0.08201649,68.22,BTC-30SEP22-20000-C,20089.7,sell,0.3,,,
788,227788745,2022-08-29 13:40:44,1,0.082,0.08201649,68.22,BTC-30SEP22-20000-C,20089.7,sell,0.2,,,
789,227788746,2022-08-29 13:40:44,1,0.082,0.08201649,68.22,BTC-30SEP22-20000-C,20089.7,sell,0.1,,,
790,227788999,2022-08-29 13:42:03,0,0.0825,0.08280831,67.92,BTC-30SEP22-20000-C,20126.05,buy,0.1,,,
791,227789000,2022-08-29 13:42:04,1,0.0825,0.0828488,67.89,BTC-30SEP22-20000-C,20127.82,buy,0.2,,,
792,227789035,2022-08-29 13:42:10,0,0.083,0.08312473,68.11,BTC-30SEP22-20000-C,20138.33,sell,3.2,,,
793,227789036,2022-08-29 13:42:10,1,0.083,0.08312473,68.11,BTC-30SEP22-20000-C,20138.33,sell,0.1,,,
794,227790330,2022-08-29 14:02:04,2,0.0815,0.08188763,67.78,BTC-30SEP22-20000-C,20088.96,sell,0.3,,,
795,227791749,2022-08-29 14:07:06,0,0.0845,0.08480375,67.93,BTC-30SEP22-20000-C,20207.28,sell,6.2,,,
796,227791901,2022-08-29 14:08:02,2,0.084,0.08413421,67.99,BTC-30SEP22-20000-C,20178.41,sell,0.1,,,
797,227791909,2022-08-29 14:08:05,3,0.084,0.08415369,67.97,BTC-30SEP22-20000-C,20179.17,sell,0.4,,,
798,227792035,2022-08-29 14:09:54,3,0.084,0.0840949,68.09,BTC-30SEP22-20000-C,20171.61,sell,0.1,,,
799,227792452,2022-08-29 14:11:43,0,0.085,0.08526744,67.89,BTC-30SEP22-20000-C,20225.72,buy,0.1,,,
800,227792784,2022-08-29 14:12:37,0,0.0855,0.08560477,68.04,BTC-30SEP22-20000-C,20237.32,sell,0.2,,,
801,227795664,2022-08-29 14:20:42,0,0.0875,0.08788781,67.75,BTC-30SEP22-20000-C,20341.99,buy,0.2,,,
802,227801675,2022-08-29 15:15:49,2,0.083,0.08339791,67.08,BTC-30SEP22-20000-C,20180.41,buy,0.1,,,
803,227805212,2022-08-29 16:05:01,0,0.0891,0.08852596,67.85,BTC-30SEP22-20000-C,20396.41,sell,1.0,,BTC-CSR12-30SEP22-20000_22000,227805210
804,227810822,2022-08-29 17:33:15,2,0.0855,0.085518,67.2,BTC-30SEP22-20000-C,20286.61,buy,0.5,,,
805,227810823,2022-08-29 17:33:15,3,0.0855,0.08565518,67.13,BTC-30SEP22-20000-C,20290.13,buy,0.2,,,
806,227810824,2022-08-29 17:33:15,3,0.0855,0.08565518,67.13,BTC-30SEP22-20000-C,20290.13,buy,0.2,,,
807,227810825,2022-08-29 17:33:15,3,0.0855,0.08565518,67.13,BTC-30SEP22-20000-C,20290.13,buy,0.1,,,
808,227817777,2022-08-29 19:48:31,2,0.0815,0.08127207,67.4,BTC-30SEP22-20000-C,20108.99,sell,0.4,,,
809,227822176,2022-08-29 22:37:53,3,0.0815,0.08233143,66.28,BTC-30SEP22-20000-C,20174.02,sell,1.0,,,
810,227822231,2022-08-29 22:40:46,3,0.0815,0.08235879,66.23,BTC-30SEP22-20000-C,20175.51,sell,1.0,,,
811,227831331,2022-08-30 03:40:04,0,0.083,0.08340336,66.84,BTC-30SEP22-20000-C,20223.54,sell,5.0,,,
812,227831401,2022-08-30 03:40:21,0,0.0835,0.08361331,67.11,BTC-30SEP22-20000-C,20233.04,buy,3.7,,,
813,227831403,2022-08-30 03:40:21,1,0.0835,0.08361331,67.11,BTC-30SEP22-20000-C,20233.04,buy,0.3,,,
814,227831404,2022-08-30 03:40:21,1,0.0835,0.08361331,67.11,BTC-30SEP22-20000-C,20233.04,buy,0.2,,,
815,227831407,2022-08-30 03:40:21,1,0.0835,0.08361331,67.11,BTC-30SEP22-20000-C,20233.04,buy,0.2,,,
816,227831417,2022-08-30 03:40:21,1,0.0835,0.08361331,67.09,BTC-30SEP22-20000-C,20245.65,buy,0.4,,,
817,227831418,2022-08-30 03:40:21,1,0.0835,0.08361331,67.09,BTC-30SEP22-20000-C,20245.65,buy,0.2,,,
818,227834848,2022-08-30 04:33:38,0,0.09,0.09002707,67.32,BTC-30SEP22-20000-C,20496.32,buy,0.2,,,
819,227835158,2022-08-30 04:36:11,1,0.09,0.09028338,66.99,BTC-30SEP22-20000-C,20504.25,sell,0.1,,,
820,227836618,2022-08-30 04:51:09,2,0.0895,0.08991901,66.96,BTC-30SEP22-20000-C,20482.21,sell,2.4,,,
821,227836873,2022-08-30 05:01:43,2,0.089,0.08906953,67.31,BTC-30SEP22-20000-C,20444.61,sell,17.5,,,
822,227842295,2022-08-30 07:34:13,0,0.092,0.09209118,67.67,BTC-30SEP22-20000-C,20554.22,sell,0.1,,,
823,227852085,2022-08-30 11:01:25,2,0.0865,0.08701426,66.58,BTC-30SEP22-20000-C,20398.45,sell,1.0,,,
824,227854594,2022-08-30 12:08:29,3,0.0865,0.08668183,66.98,BTC-30SEP22-20000-C,20385.13,buy,1.0,,,
825,227856320,2022-08-30 12:34:29,2,0.0845,0.08490176,66.75,BTC-30SEP22-20000-C,20307.49,sell,1.0,,,
826,227856336,2022-08-30 12:34:57,0,0.0855,0.08489559,67.66,BTC-30SEP22-20000-C,20302.27,buy,2.0,,,
827,227857885,2022-08-30 13:03:42,0,0.0865,0.08617743,67.39,BTC-30SEP22-20000-C,20363.97,buy,0.3,,,
828,227857988,2022-08-30 13:09:34,0,0.087,0.08667588,67.46,BTC-30SEP22-20000-C,20379.88,buy,0.1,,,
829,227872117,2022-08-30 14:38:30,2,0.0765,0.07613814,67.84,BTC-30SEP22-20000-C,19924.24,sell,2.5,,,
830,227884369,2022-08-30 16:15:19,2,0.074,0.07436666,68.04,BTC-30SEP22-20000-C,19823.97,buy,0.2,,,
831,227885699,2022-08-30 16:29:03,3,0.074,0.07429775,67.83,BTC-30SEP22-20000-C,19838.23,buy,0.7,,,
832,227885962,2022-08-30 16:31:48,2,0.073,0.07315572,67.91,BTC-30SEP22-20000-C,19788.77,sell,0.1,,,
833,227885963,2022-08-30 16:31:49,3,0.073,0.0731576,67.98,BTC-30SEP22-20000-C,19786.97,sell,0.1,,,
834,227885964,2022-08-30 16:31:52,3,0.073,0.07312839,67.96,BTC-30SEP22-20000-C,19787.93,sell,0.1,,,
835,227886015,2022-08-30 16:32:35,0,0.0735,0.07348568,68.1,BTC-30SEP22-20000-C,19803.9,sell,0.1,,,
836,227886016,2022-08-30 16:32:39,1,0.0735,0.0734984,68.09,BTC-30SEP22-20000-C,19804.04,sell,0.1,,,
837,227886209,2022-08-30 16:35:34,2,0.073,0.07310492,68.02,BTC-30SEP22-20000-C,19785.5,sell,0.1,,,
838,227886889,2022-08-30 16:40:54,2,0.0715,0.07165723,68.07,BTC-30SEP22-20000-C,19710.47,sell,0.1,,,
839,227887017,2022-08-30 16:41:08,3,0.0715,0.07120745,68.42,BTC-30SEP22-20000-C,19694.02,sell,0.1,,,
840,227887018,2022-08-30 16:41:08,3,0.0715,0.07120745,68.35,BTC-30SEP22-20000-C,19697.06,sell,0.2,,,
841,227887019,2022-08-30 16:41:08,3,0.0715,0.07120745,68.35,BTC-30SEP22-20000-C,19697.06,sell,0.2,,,
842,227887020,2022-08-30 16:41:08,3,0.0715,0.07120745,68.35,BTC-30SEP22-20000-C,19697.06,sell,0.2,,,
843,227887021,2022-08-30 16:41:08,3,0.0715,0.07120745,68.35,BTC-30SEP22-20000-C,19697.06,sell,0.2,,,
844,227887022,2022-08-30 16:41:08,3,0.0715,0.07120745,68.35,BTC-30SEP22-20000-C,19697.06,sell,0.1,,,
845,227887024,2022-08-30 16:41:11,3,0.0715,0.07134088,68.34,BTC-30SEP22-20000-C,19697.26,sell,0.3,,,
846,227887025,2022-08-30 16:41:11,3,0.0715,0.07134088,68.34,BTC-30SEP22-20000-C,19697.26,sell,0.2,,,
847,227891097,2022-08-30 17:21:54,2,0.07,0.06983412,68.66,BTC-30SEP22-20000-C,19615.15,sell,1.0,,,
848,227891812,2022-08-30 17:29:59,3,0.07,0.07029035,68.2,BTC-30SEP22-20000-C,19636.96,sell,5.0,,,
849,227902581,2022-08-30 19:25:31,0,0.0825,0.08231481,70.19,BTC-30SEP22-20000-C,20076.35,sell,0.1,,,
850,227910960,2022-08-30 22:30:17,2,0.074,0.07429345,68.55,BTC-30SEP22-20000-C,19792.06,sell,0.2,,,
851,227910961,2022-08-30 22:30:17,3,0.074,0.07429345,68.55,BTC-30SEP22-20000-C,19792.06,sell,0.1,,,
852,227910962,2022-08-30 22:30:17,3,0.074,0.07429345,68.55,BTC-30SEP22-20000-C,19792.06,sell,0.1,,,
853,227910966,2022-08-30 22:30:19,3,0.074,0.0742672,68.57,BTC-30SEP22-20000-C,19790.89,sell,0.5,,,
854,227910967,2022-08-30 22:30:19,3,0.074,0.0742672,68.57,BTC-30SEP22-20000-C,19790.89,sell,0.5,,,
855,227910968,2022-08-30 22:30:19,3,0.074,0.0742672,68.57,BTC-30SEP22-20000-C,19790.89,sell,0.4,,,
856,227910969,2022-08-30 22:30:19,3,0.074,0.0742672,68.57,BTC-30SEP22-20000-C,19790.89,sell,0.3,,,
857,227910970,2022-08-30 22:30:19,3,0.074,0.0742672,68.57,BTC-30SEP22-20000-C,19790.89,sell,0.3,,,
858,227910971,2022-08-30 22:30:19,3,0.074,0.0742672,68.57,BTC-30SEP22-20000-C,19790.89,sell,0.2,,,
859,227910972,2022-08-30 22:30:19,3,0.074,0.0742672,68.57,BTC-30SEP22-20000-C,19790.89,sell,0.2,,,
860,227910973,2022-08-30 22:30:19,3,0.074,0.0742672,68.57,BTC-30SEP22-20000-C,19790.89,sell,0.1,,,
861,227910974,2022-08-30 22:30:19,3,0.074,0.0742672,68.57,BTC-30SEP22-20000-C,19790.89,sell,0.2,,,
862,227910975,2022-08-30 22:30:19,3,0.074,0.0742672,68.57,BTC-30SEP22-20000-C,19791.69,sell,0.2,,,
863,227910976,2022-08-30 22:30:20,3,0.074,0.0742672,68.57,BTC-30SEP22-20000-C,19791.69,sell,0.2,,,
864,227910977,2022-08-30 22:30:20,3,0.074,0.0742672,68.57,BTC-30SEP22-20000-C,19791.69,sell,0.1,,,
865,227910978,2022-08-30 22:30:20,3,0.074,0.0742672,68.57,BTC-30SEP22-20000-C,19791.69,sell,0.1,,,
866,227910992,2022-08-30 22:30:28,3,0.074,0.07438266,68.47,BTC-30SEP22-20000-C,19795.22,sell,0.3,,,
867,227910993,2022-08-30 22:30:28,3,0.074,0.07438266,68.47,BTC-30SEP22-20000-C,19795.22,sell,0.2,,,
868,227910994,2022-08-30 22:30:28,3,0.074,0.07438266,68.47,BTC-30SEP22-20000-C,19795.22,sell,0.2,,,
869,227910995,2022-08-30 22:30:28,3,0.074,0.07438266,68.47,BTC-30SEP22-20000-C,19795.22,sell,0.1,,,
870,227910997,2022-08-30 22:30:29,3,0.074,0.07438266,68.41,BTC-30SEP22-20000-C,19798.36,sell,0.2,,,
871,227910998,2022-08-30 22:30:29,3,0.074,0.07438266,68.41,BTC-30SEP22-20000-C,19798.36,sell,0.2,,,
872,227910999,2022-08-30 22:30:29,3,0.074,0.07438266,68.41,BTC-30SEP22-20000-C,19798.36,sell,0.1,,,
873,227911000,2022-08-30 22:30:29,3,0.074,0.07438266,68.41,BTC-30SEP22-20000-C,19798.36,sell,0.1,,,
874,227911721,2022-08-30 23:00:04,0,0.0765,0.07651661,68.53,BTC-30SEP22-20000-C,19907.41,buy,1.0,,,
875,227918788,2022-08-31 01:37:39,0,0.0805,0.08099665,67.97,BTC-30SEP22-20000-C,20107.63,sell,0.1,,,
876,227918789,2022-08-31 01:37:39,1,0.0805,0.08099665,67.97,BTC-30SEP22-20000-C,20107.63,sell,0.1,,,
877,227918790,2022-08-31 01:37:39,1,0.0805,0.08099665,67.97,BTC-30SEP22-20000-C,20107.63,sell,0.1,,,
878,227918791,2022-08-31 01:37:39,1,0.0805,0.08099665,67.97,BTC-30SEP22-20000-C,20107.63,sell,0.1,,,
879,227918836,2022-08-31 01:37:54,1,0.0805,0.08081697,68.12,BTC-30SEP22-20000-C,20100.34,sell,0.2,,,
880,227918878,2022-08-31 01:38:16,1,0.0805,0.08072919,68.2,BTC-30SEP22-20000-C,20097.18,sell,0.4,,,
881,227918879,2022-08-31 01:38:16,1,0.0805,0.08072919,68.2,BTC-30SEP22-20000-C,20097.18,sell,0.2,,,
882,227918880,2022-08-31 01:38:16,1,0.0805,0.08072919,68.2,BTC-30SEP22-20000-C,20097.18,sell,0.2,,,
883,227918881,2022-08-31 01:38:16,1,0.0805,0.08072919,68.2,BTC-30SEP22-20000-C,20097.18,sell,0.1,,,
884,227921415,2022-08-31 02:09:29,0,0.086,0.08613556,68.4,BTC-30SEP22-20000-C,20318.91,sell,0.2,,,
885,227921417,2022-08-31 02:09:29,1,0.086,0.08613556,68.4,BTC-30SEP22-20000-C,20318.91,sell,0.1,,,
886,227921418,2022-08-31 02:09:29,1,0.086,0.08613556,68.4,BTC-30SEP22-20000-C,20318.91,sell,0.1,,,
887,227921419,2022-08-31 02:09:29,1,0.086,0.08613556,68.4,BTC-30SEP22-20000-C,20318.91,sell,0.1,,,
888,227921733,2022-08-31 02:16:39,2,0.0855,0.08571136,68.37,BTC-30SEP22-20000-C,20302.89,sell,0.1,,,
889,227923061,2022-08-31 02:25:14,0,0.0865,0.08717858,67.84,BTC-30SEP22-20000-C,20362.12,sell,4.8,,,
890,227925426,2022-08-31 03:12:30,2,0.0848,0.08498084,67.05,BTC-30SEP22-20000-C,20332.15,sell,1.0,,BTC-STRD-30SEP22-20000,227925425
891,227931288,2022-08-31 06:00:15,2,0.0845,0.08465419,66.21,BTC-30SEP22-20000-C,20362.46,buy,0.5,,,
892,227943181,2022-08-31 09:57:21,0,0.0807,0.07915848,67.23,BTC-30SEP22-20000-C,20173.08,sell,13.7,48263,BTC-STRD-30SEP22-20000,
893,227944331,2022-08-31 10:30:04,0,0.0825,0.08204508,66.23,BTC-30SEP22-20000-C,20292.48,sell,0.2,,,
894,227944946,2022-08-31 10:40:17,0,0.083,0.08302173,65.59,BTC-30SEP22-20000-C,20346.63,sell,0.1,,,
895,227945372,2022-08-31 10:50:28,0,0.0835,0.08340658,65.66,BTC-30SEP22-20000-C,20368.7,buy,0.1,,,
896,227945563,2022-08-31 10:53:21,0,0.084,0.08405667,65.59,BTC-30SEP22-20000-C,20386.34,sell,0.7,,,
897,227947455,2022-08-31 11:43:34,2,0.0812,0.08173946,65.59,BTC-30SEP22-20000-C,20280.07,buy,15.0,48274,BTC-STRD-30SEP22-20000,
898,227951848,2022-08-31 13:10:39,0,0.084,0.08410601,66.54,BTC-30SEP22-20000-C,20349.89,buy,1.0,,,
899,227957381,2022-08-31 14:18:50,2,0.0825,0.08277364,66.87,BTC-30SEP22-20000-C,20276.45,buy,12.5,48285,BTC-STRD-30SEP22-20000,
900,227961840,2022-08-31 14:54:29,2,0.081,0.08037807,68.11,BTC-30SEP22-20000-C,20158.95,buy,15.0,,,
901,227963789,2022-08-31 15:05:04,2,0.0765,0.07657421,67.9,BTC-30SEP22-20000-C,19983.35,buy,0.1,,,
902,227970832,2022-08-31 16:29:54,0,0.079,0.07906006,68.33,BTC-30SEP22-20000-C,20070.27,buy,0.2,,,
903,227970833,2022-08-31 16:29:54,1,0.079,0.07906006,68.33,BTC-30SEP22-20000-C,20070.27,buy,0.1,,,
904,227970834,2022-08-31 16:29:55,1,0.079,0.07903994,68.32,BTC-30SEP22-20000-C,20070.55,buy,0.1,,,
905,227970835,2022-08-31 16:29:56,1,0.079,0.07904959,68.32,BTC-30SEP22-20000-C,20070.55,buy,0.1,,,
906,227970836,2022-08-31 16:29:56,1,0.079,0.07904959,68.32,BTC-30SEP22-20000-C,20070.55,buy,0.1,,,
907,227970840,2022-08-31 16:30:00,1,0.079,0.0791196,68.26,BTC-30SEP22-20000-C,20073.25,buy,0.3,,,
908,227975757,2022-08-31 18:22:42,2,0.077,0.07753601,68.07,BTC-30SEP22-20000-C,20000.21,buy,0.3,,,
909,227975758,2022-08-31 18:22:42,3,0.077,0.07753601,68.07,BTC-30SEP22-20000-C,20000.21,buy,0.2,,,
910,227982734,2022-08-31 19:49:10,0,0.085,0.08493711,68.91,BTC-30SEP22-20000-C,20298.45,sell,0.1,,,
911,227991568,2022-08-31 22:54:26,2,0.08,0.08017868,67.72,BTC-30SEP22-20000-C,20159.33,buy,0.1,,,
912,227991569,2022-08-31 22:54:27,3,0.08,0.08018767,67.71,BTC-30SEP22-20000-C,20158.49,buy,0.1,,,
913,227991570,2022-08-31 22:54:30,3,0.08,0.08018668,67.71,BTC-30SEP22-20000-C,20158.72,buy,0.1,,,
914,227991573,2022-08-31 22:54:33,3,0.08,0.08018527,67.71,BTC-30SEP22-20000-C,20158.66,buy,0.2,,,
915,227991574,2022-08-31 22:54:34,3,0.08,0.0802048,67.69,BTC-30SEP22-20000-C,20159.44,buy,0.2,,,
916,227991575,2022-08-31 22:54:34,3,0.08,0.0802048,67.69,BTC-30SEP22-20000-C,20159.44,buy,0.1,,,
917,227991585,2022-08-31 22:54:35,3,0.08,0.08021281,67.68,BTC-30SEP22-20000-C,20159.78,buy,0.3,,,
918,227991586,2022-08-31 22:54:35,3,0.08,0.08021281,67.68,BTC-30SEP22-20000-C,20159.78,buy,0.3,,,
919,227991587,2022-08-31 22:54:35,3,0.08,0.08021281,67.68,BTC-30SEP22-20000-C,20159.78,buy,0.2,,,
920,227991588,2022-08-31 22:54:35,3,0.08,0.08021281,67.68,BTC-30SEP22-20000-C,20159.78,buy,0.2,,,
921,227991589,2022-08-31 22:54:39,3,0.08,0.08023033,67.66,BTC-30SEP22-20000-C,20160.96,buy,0.2,,,
922,227991721,2022-08-31 23:02:00,2,0.079,0.07924254,67.34,BTC-30SEP22-20000-C,20130.85,buy,3.0,,,
923,228000237,2022-09-01 02:13:45,0,0.081,0.08131531,68.14,BTC-30SEP22-20000-C,20182.04,buy,10.0,,,
924,228000238,2022-09-01 02:13:50,1,0.081,0.08138933,68.08,BTC-30SEP22-20000-C,20185.26,sell,4.4,,,
925,228000239,2022-09-01 02:13:50,1,0.081,0.08138933,68.08,BTC-30SEP22-20000-C,20185.26,sell,5.6,,,
926,228006973,2022-09-01 04:26:28,2,0.077,0.07711716,67.73,BTC-30SEP22-20000-C,20037.47,buy,0.1,,,
927,228006974,2022-09-01 04:26:29,3,0.077,0.07725358,67.73,BTC-30SEP22-20000-C,20037.47,buy,1.9,,,
928,228008196,2022-09-01 05:29:21,0,0.0795,0.07939571,68.0,BTC-30SEP22-20000-C,20134.8,sell,0.2,,,
929,228019175,2022-09-01 08:30:19,2,0.0735,0.07359823,68.29,BTC-30SEP22-20000-C,19875.46,sell,2.1,,,
930,228019176,2022-09-01 08:30:19,3,0.0735,0.07360283,68.29,BTC-30SEP22-20000-C,19875.46,sell,1.4,,,
931,228021803,2022-09-01 09:17:45,2,0.073,0.07308324,68.31,BTC-30SEP22-20000-C,19852.32,sell,0.1,,,
932,228029349,2022-09-01 12:30:55,0,0.0755,0.07568654,67.46,BTC-30SEP22-20000-C,20000.65,buy,0.1,,,
933,228029350,2022-09-01 12:30:55,1,0.0755,0.07568654,67.46,BTC-30SEP22-20000-C,20000.65,buy,0.1,,,
934,228029384,2022-09-01 12:31:21,1,0.076,0.07601004,67.62,BTC-30SEP22-20000-C,20019.42,buy,0.1,,,
935,228029419,2022-09-01 12:31:36,1,0.076,0.07569985,68.09,BTC-30SEP22-20000-C,19993.05,buy,0.2,,,
936,228032006,2022-09-01 13:07:32,0,0.077,0.07679946,68.29,BTC-30SEP22-20000-C,20036.6,buy,0.2,,,
937,228032007,2022-09-01 13:07:32,1,0.077,0.07679946,68.29,BTC-30SEP22-20000-C,20036.6,buy,0.2,,,
938,228033590,2022-09-01 13:36:16,2,0.0755,0.07536972,68.53,BTC-30SEP22-20000-C,19962.06,buy,0.1,,,
939,228033594,2022-09-01 13:36:16,3,0.0755,0.07547539,68.44,BTC-30SEP22-20000-C,19966.16,buy,0.2,,,
940,228033596,2022-09-01 13:36:16,3,0.0755,0.07547539,68.44,BTC-30SEP22-20000-C,19966.16,buy,0.2,,,
941,228033597,2022-09-01 13:36:16,3,0.0755,0.07547539,68.44,BTC-30SEP22-20000-C,19966.16,buy,0.2,,,
942,228035801,2022-09-01 14:00:00,3,0.0755,0.07563106,68.22,BTC-30SEP22-20000-C,19972.18,sell,5.0,,,
943,228037472,2022-09-01 14:12:35,2,0.0735,0.07361543,68.5,BTC-30SEP22-20000-C,19883.22,buy,4.2,,,
944,228037473,2022-09-01 14:12:35,3,0.0735,0.07367244,68.5,BTC-30SEP22-20000-C,19883.22,buy,0.1,,,
945,228037474,2022-09-01 14:12:36,3,0.0735,0.07367244,68.5,BTC-30SEP22-20000-C,19883.22,buy,0.2,,,
946,228041436,2022-09-01 14:47:21,2,0.071,0.0711657,68.57,BTC-30SEP22-20000-C,19772.89,sell,4.3,,,
947,228041839,2022-09-01 14:47:40,0,0.0732,0.07101793,70.68,BTC-30SEP22-20000-C,19764.34,sell,15.0,48353,BTC-CCAL-30DEC22_30SEP22-20000,
948,228045229,2022-09-01 15:03:17,2,0.0695,0.06911323,69.41,BTC-30SEP22-20000-C,19668.61,sell,0.1,,,
949,228048203,2022-09-01 15:19:52,0,0.071,0.07135548,69.12,BTC-30SEP22-20000-C,19750.08,buy,0.1,,,
950,228048691,2022-09-01 15:28:53,1,0.071,0.07112415,69.09,BTC-30SEP22-20000-C,19751.3,sell,4.5,,,
951,228049100,2022-09-01 15:31:29,1,0.071,0.07122939,68.96,BTC-30SEP22-20000-C,19758.49,sell,4.9,,,
952,228056871,2022-09-01 16:51:30,2,0.068,0.06820418,68.58,BTC-30SEP22-20000-C,19642.54,sell,0.1,,,
953,228056872,2022-09-01 16:51:30,3,0.068,0.06820418,68.58,BTC-30SEP22-20000-C,19642.54,sell,0.1,,,
954,228061245,2022-09-01 17:30:00,0,0.074,0.07403476,68.97,BTC-30SEP22-20000-C,19888.22,sell,0.1,,,
955,228067536,2022-09-01 18:42:11,2,0.0735,0.07361144,68.69,BTC-30SEP22-20000-C,19878.16,buy,0.2,,,
956,228070344,2022-09-01 19:49:12,2,0.0725,0.07231242,69.06,BTC-30SEP22-20000-C,19822.47,sell,1.0,,,
957,228070475,2022-09-01 19:52:21,0,0.073,0.07289853,69.02,BTC-30SEP22-20000-C,19842.51,sell,1.0,,,
958,228084304,2022-09-02 01:28:19,2,0.076,0.07630682,67.26,BTC-30SEP22-20000-C,20063.23,buy,0.1,,,
959,228100194,2022-09-02 07:48:14,0,0.0765,0.07653444,67.12,BTC-30SEP22-20000-C,20098.63,sell,1.0,,,
960,228100206,2022-09-02 07:48:28,0,0.077,0.07662518,67.49,BTC-30SEP22-20000-C,20101.51,buy,1.0,,,
961,228100208,2022-09-02 07:48:30,1,0.077,0.07662751,67.48,BTC-30SEP22-20000-C,20101.8,buy,1.0,,,
962,228100210,2022-09-02 07:48:33,1,0.077,0.07666251,67.45,BTC-30SEP22-20000-C,20103.22,buy,1.0,,,
963,228100211,2022-09-02 07:48:35,1,0.077,0.07666137,67.44,BTC-30SEP22-20000-C,20103.07,buy,1.0,,,
964,228100223,2022-09-02 07:48:36,1,0.077,0.07666433,67.44,BTC-30SEP22-20000-C,20103.06,buy,1.0,,,
965,228100224,2022-09-02 07:48:37,1,0.077,0.07667829,67.44,BTC-30SEP22-20000-C,20103.1,buy,1.0,,,
966,228102183,2022-09-02 08:08:48,2,0.076,0.07646959,66.5,BTC-30SEP22-20000-C,20104.89,sell,1.4,,,
967,228102909,2022-09-02 08:20:04,2,0.075,0.07557635,66.02,BTC-30SEP22-20000-C,20088.69,sell,0.1,,,
968,228104222,2022-09-02 08:46:21,2,0.074,0.07419997,65.45,BTC-30SEP22-20000-C,20074.56,sell,0.3,,,
969,228104223,2022-09-02 08:46:22,3,0.074,0.07419997,65.45,BTC-30SEP22-20000-C,20074.56,sell,0.6,,,
970,228110337,2022-09-02 11:07:30,0,0.0745,0.07461523,66.41,BTC-30SEP22-20000-C,20063.68,buy,0.4,,,
971,228111854,2022-09-02 11:37:03,2,0.0735,0.07360629,66.32,BTC-30SEP22-20000-C,20019.61,sell,0.1,,,
972,228112535,2022-09-02 11:49:14,0,0.075,0.07511633,66.53,BTC-30SEP22-20000-C,20077.66,buy,3.2,,,
973,228112536,2022-09-02 11:49:14,1,0.075,0.07511633,66.53,BTC-30SEP22-20000-C,20077.66,buy,0.1,,,
974,228112544,2022-09-02 11:49:14,1,0.075,0.07511633,66.53,BTC-30SEP22-20000-C,20077.66,buy,0.1,,,
975,228112597,2022-09-02 11:49:19,1,0.075,0.07534207,66.34,BTC-30SEP22-20000-C,20085.76,buy,0.7,,,
976,228118162,2022-09-02 12:31:50,0,0.0785,0.07878123,66.39,BTC-30SEP22-20000-C,20225.55,sell,24.5,,,
977,228121063,2022-09-02 12:38:46,0,0.08,0.07999426,66.62,BTC-30SEP22-20000-C,20277.88,buy,0.1,,,
978,228127772,2022-09-02 13:12:50,0,0.082,0.08192642,66.5,BTC-30SEP22-20000-C,20362.62,sell,3.8,,,
979,228156081,2022-09-02 17:47:29,2,0.0685,0.06821331,66.02,BTC-30SEP22-20000-C,19842.46,sell,0.1,,,
980,228158387,2022-09-02 18:01:49,2,0.0675,0.0670916,66.33,BTC-30SEP22-20000-C,19781.32,buy,0.3,,,
981,228158398,2022-09-02 18:01:49,3,0.0675,0.0670916,66.33,BTC-30SEP22-20000-C,19781.32,buy,0.3,,,
982,228158399,2022-09-02 18:01:49,3,0.0675,0.0670916,66.33,BTC-30SEP22-20000-C,19781.32,buy,0.4,,,
983,228158400,2022-09-02 18:01:49,3,0.0675,0.0670916,66.33,BTC-30SEP22-20000-C,19781.32,buy,0.3,,,
984,228158418,2022-09-02 18:01:49,3,0.0675,0.0670916,66.33,BTC-30SEP22-20000-C,19781.32,buy,0.1,,,
985,228175397,2022-09-02 23:09:49,0,0.072,0.07154007,66.71,BTC-30SEP22-20000-C,19966.31,sell,1.0,,,
986,228184470,2022-09-03 06:32:21,2,0.068,0.06814734,65.16,BTC-30SEP22-20000-C,19883.01,buy,12.0,,,
987,228193266,2022-09-03 12:11:43,2,0.065,0.06545503,63.96,BTC-30SEP22-20000-C,19824.52,buy,0.2,,,
988,228193601,2022-09-03 12:18:15,2,0.0645,0.0651825,63.71,BTC-30SEP22-20000-C,19806.79,sell,1.4,,,
