trade_seq,trade_id,timestamp,tick_direction,price,mark_price,iv,instrument_name,index_price,direction,amount,combo_id,block_trade_id,liquidation,combo_trade_id
2977,241919683,2023-02-16 18:38:32,1,0.022,0.0219591,58.07,BTC-31MAR23-30000-C,24977.27,buy,0.1,,,,
2978,241920565,2023-02-16 18:43:12,2,0.0215,0.02186682,57.51,BTC-31MAR23-30000-C,24985.21,sell,1.0,,,,
2979,241928542,2023-02-16 19:44:33,2,0.0205,0.02061026,57.47,BTC-31MAR23-30000-C,24871.7,buy,1.5,,,,
2980,241929134,2023-02-16 19:51:43,3,0.0205,0.02080732,57.36,BTC-31MAR23-30000-C,24890.7,sell,4.0,,,,
2981,241929135,2023-02-16 19:51:43,3,0.0205,0.02080732,57.36,BTC-31MAR23-30000-C,24890.7,buy,1.2,,,,
2982,241929136,2023-02-16 19:51:43,3,0.0205,0.02080732,57.36,BTC-31MAR23-30000-C,24890.7,buy,1.0,,,,
2983,241929137,2023-02-16 19:51:43,3,0.0205,0.02080732,57.36,BTC-31MAR23-30000-C,24890.7,buy,1.6,,,,
2984,241929496,2023-02-16 19:54:02,3,0.0205,0.02071765,57.43,BTC-31MAR23-30000-C,24884.18,sell,1.3,,,,
2985,241929497,2023-02-16 19:54:02,3,0.0205,0.02071765,57.43,BTC-31MAR23-30000-C,24884.18,sell,0.9,,,,
2986,241931424,2023-02-16 20:07:13,2,0.02,0.02013089,57.51,BTC-31MAR23-30000-C,24806.51,sell,0.6,,,,
2987,241932193,2023-02-16 20:16:08,3,0.02,0.01992837,57.85,BTC-31MAR23-30000-C,24753.97,sell,0.1,,,,
2988,241932197,2023-02-16 20:16:08,3,0.02,0.01992837,57.85,BTC-31MAR23-30000-C,24753.97,sell,0.1,,,,
2989,241932232,2023-02-16 20:16:09,3,0.02,0.01990481,57.92,BTC-31MAR23-30000-C,24745.61,sell,4.8,,,,
2990,241932257,2023-02-16 20:16:09,3,0.02,0.01990481,57.92,BTC-31MAR23-30000-C,24745.61,sell,13.0,,,,
2991,241937123,2023-02-16 20:31:08,2,0.0185,0.01866539,58.28,BTC-31MAR23-30000-C,24501.0,sell,1.0,,,,
2992,241942627,2023-02-16 21:15:43,3,0.0185,0.01901545,57.89,BTC-31MAR23-30000-C,24549.6,sell,10.0,,,,
2993,241943049,2023-02-16 21:22:54,2,0.018,0.01835163,57.93,BTC-31MAR23-30000-C,24471.65,sell,0.4,,,,
2994,241944501,2023-02-16 21:31:38,2,0.0175,0.01770056,57.8,BTC-31MAR23-30000-C,24420.97,sell,3.0,,,,
2995,241947802,2023-02-16 22:00:14,0,0.018,0.01806509,57.5,BTC-31MAR23-30000-C,24534.4,sell,1.0,,,,
2996,241948298,2023-02-16 22:04:34,1,0.018,0.01809996,57.42,BTC-31MAR23-30000-C,24544.27,sell,3.2,,,,
2997,241959554,2023-02-16 22:55:48,2,0.0155,0.0157973,58.03,BTC-31MAR23-30000-C,24100.62,sell,1.0,,,,
2998,241989074,2023-02-17 01:11:37,2,0.0143,0.01409276,59.01,BTC-31MAR23-30000-C,23751.77,buy,25.0,,65230,,
2999,241995438,2023-02-17 02:40:38,0,0.0145,0.01401872,58.74,BTC-31MAR23-30000-C,23841.31,buy,25.0,,65234,,
3000,242013220,2023-02-17 07:37:19,2,0.013,0.01318177,57.67,BTC-31MAR23-30000-C,23745.58,sell,1.8,,,,
3001,242026408,2023-02-17 08:42:15,2,0.012,0.01221174,57.06,BTC-31MAR23-30000-C,23645.51,buy,7.8,,,,
3002,242026677,2023-02-17 08:45:09,3,0.012,0.01224347,56.91,BTC-31MAR23-30000-C,23661.39,buy,7.8,,,,
3003,242032564,2023-02-17 10:09:17,0,0.0125,0.01227831,57.41,BTC-31MAR23-30000-C,23700.01,buy,0.1,,,,
3004,242032565,2023-02-17 10:09:18,1,0.0125,0.01227831,57.41,BTC-31MAR23-30000-C,23700.01,buy,0.1,,,,
3005,242036092,2023-02-17 11:56:20,1,0.0125,0.01254486,56.84,BTC-31MAR23-30000-C,23783.6,buy,7.7,,,,
3006,242038920,2023-02-17 13:08:41,1,0.0125,0.01270002,56.31,BTC-31MAR23-30000-C,23865.38,sell,0.1,,,,
3007,242041769,2023-02-17 13:52:42,2,0.012,0.01230237,56.38,BTC-31MAR23-30000-C,23762.38,buy,0.1,BTC-CS-31MAR23-26000_30000,,,242041767
3008,242044081,2023-02-17 14:28:15,0,0.013,0.01278326,56.72,BTC-31MAR23-30000-C,23908.8,buy,3.9,,,,
3009,242044082,2023-02-17 14:28:15,1,0.013,0.01278326,56.72,BTC-31MAR23-30000-C,23908.8,buy,1.1,,,,
3010,242045778,2023-02-17 14:35:05,0,0.0135,0.01378844,55.87,BTC-31MAR23-30000-C,24111.48,buy,1.0,,,,
3011,242049171,2023-02-17 14:41:42,1,0.0135,0.01371166,55.62,BTC-31MAR23-30000-C,24142.37,sell,2.9,,,,
3012,242049172,2023-02-17 14:41:42,1,0.0135,0.01371166,55.62,BTC-31MAR23-30000-C,24142.37,sell,2.1,,,,
3013,242049178,2023-02-17 14:41:45,1,0.0135,0.01378165,55.57,BTC-31MAR23-30000-C,24148.81,sell,4.0,,,,
3014,242049179,2023-02-17 14:41:45,1,0.0135,0.01378165,55.57,BTC-31MAR23-30000-C,24148.81,sell,1.0,,,,
3015,242049352,2023-02-17 14:42:34,0,0.014,0.01388179,56.06,BTC-31MAR23-30000-C,24174.59,buy,1.0,,,,
3016,242063687,2023-02-17 15:22:38,0,0.016,0.01576337,58.92,BTC-31MAR23-30000-C,24103.07,buy,0.1,,,,
3017,242065395,2023-02-17 15:33:02,0,0.017,0.01682743,59.99,BTC-31MAR23-30000-C,24112.52,buy,2.3,,,,
3018,242065396,2023-02-17 15:33:02,1,0.017,0.01682743,59.99,BTC-31MAR23-30000-C,24112.52,buy,4.0,,,,
3019,242065397,2023-02-17 15:33:02,1,0.017,0.01682743,59.99,BTC-31MAR23-30000-C,24112.52,buy,0.5,,,,
3020,242065398,2023-02-17 15:33:03,1,0.017,0.01682743,59.99,BTC-31MAR23-30000-C,24112.52,buy,1.5,,,,
3021,242065399,2023-02-17 15:33:03,1,0.017,0.01681881,59.96,BTC-31MAR23-30000-C,24116.57,buy,21.0,,,,
3022,242065400,2023-02-17 15:33:03,1,0.017,0.01681881,59.96,BTC-31MAR23-30000-C,24116.57,buy,0.7,,,,
3023,242066974,2023-02-17 15:38:56,2,0.016,0.01642819,59.2,BTC-31MAR23-30000-C,24062.9,sell,0.1,,,,
3024,242066975,2023-02-17 15:38:56,3,0.016,0.01642819,59.2,BTC-31MAR23-30000-C,24062.9,sell,0.1,,,,
3025,242068065,2023-02-17 15:41:08,0,0.017,0.01724184,59.32,BTC-31MAR23-30000-C,24200.12,buy,1.0,,,,
3026,242068118,2023-02-17 15:41:12,1,0.017,0.01723926,59.3,BTC-31MAR23-30000-C,24202.19,buy,1.0,,,,
3027,242069300,2023-02-17 15:43:57,1,0.017,0.01716517,59.27,BTC-31MAR23-30000-C,24202.11,sell,0.1,,,,
3028,242070146,2023-02-17 15:49:41,2,0.0165,0.01653082,59.22,BTC-31MAR23-30000-C,24137.94,sell,0.1,,,,
3029,242078549,2023-02-17 16:34:50,3,0.0165,0.01591967,60.71,BTC-31MAR23-30000-C,23955.09,buy,0.2,,,,
3030,242078906,2023-02-17 16:37:11,0,0.017,0.01644322,60.7,BTC-31MAR23-30000-C,24038.65,buy,4.0,,,,
3031,242078907,2023-02-17 16:37:11,1,0.017,0.01644322,60.7,BTC-31MAR23-30000-C,24038.65,buy,1.0,,,,
3032,242079225,2023-02-17 16:40:26,1,0.017,0.01677401,60.38,BTC-31MAR23-30000-C,24075.6,buy,6.5,,,,
3033,242085535,2023-02-17 17:17:21,0,0.02,0.01933469,61.73,BTC-31MAR23-30000-C,24326.62,buy,4.8,,,,
3034,242085536,2023-02-17 17:17:21,1,0.02,0.01933469,61.73,BTC-31MAR23-30000-C,24326.62,buy,0.2,,,,
3035,242086320,2023-02-17 17:21:26,0,0.0205,0.0202172,61.57,BTC-31MAR23-30000-C,24418.63,buy,0.1,,,,
3036,242086913,2023-02-17 17:25:32,1,0.0205,0.02030695,61.51,BTC-31MAR23-30000-C,24425.06,buy,3.0,,,,
3037,242086933,2023-02-17 17:25:35,1,0.0205,0.02033104,61.49,BTC-31MAR23-30000-C,24428.63,buy,0.1,,,,
3038,242088509,2023-02-17 17:32:47,1,0.0205,0.02068154,61.14,BTC-31MAR23-30000-C,24463.06,buy,0.8,,,,
3039,242088510,2023-02-17 17:32:47,1,0.0205,0.02068154,61.14,BTC-31MAR23-30000-C,24463.06,buy,0.3,,,,
3040,242090024,2023-02-17 17:37:32,1,0.0205,0.0203805,61.52,BTC-31MAR23-30000-C,24423.35,sell,0.1,,,,
3041,242090025,2023-02-17 17:37:32,1,0.0205,0.0203805,61.52,BTC-31MAR23-30000-C,24423.35,sell,0.1,,,,
3042,242090426,2023-02-17 17:41:25,0,0.021,0.02056752,61.99,BTC-31MAR23-30000-C,24429.51,sell,1.0,,,,
3043,242090427,2023-02-17 17:41:27,1,0.021,0.0205614,61.99,BTC-31MAR23-30000-C,24427.74,sell,1.5,,,,
3044,242090468,2023-02-17 17:41:39,2,0.0205,0.02053883,61.53,BTC-31MAR23-30000-C,24418.61,sell,8.7,,,,
3045,242090469,2023-02-17 17:41:39,3,0.0205,0.02053883,61.53,BTC-31MAR23-30000-C,24418.61,sell,3.5,,,,
3046,242090470,2023-02-17 17:41:39,3,0.0205,0.02053883,61.53,BTC-31MAR23-30000-C,24418.61,sell,1.7,,,,
3047,242090471,2023-02-17 17:41:39,3,0.0205,0.02053883,61.53,BTC-31MAR23-30000-C,24418.61,sell,4.0,,,,
3048,242090472,2023-02-17 17:41:39,3,0.0205,0.02053883,61.53,BTC-31MAR23-30000-C,24418.61,buy,20.0,,,,
3049,242090473,2023-02-17 17:41:39,3,0.0205,0.02053883,61.53,BTC-31MAR23-30000-C,24418.61,buy,34.7,,,,
3050,242090474,2023-02-17 17:41:39,3,0.0205,0.02055962,61.5,BTC-31MAR23-30000-C,24421.28,buy,20.0,,,,
3051,242090475,2023-02-17 17:41:40,3,0.0205,0.02055962,61.5,BTC-31MAR23-30000-C,24421.28,buy,2.1,,,,
3052,242090484,2023-02-17 17:41:48,3,0.0205,0.02051704,61.54,BTC-31MAR23-30000-C,24416.08,buy,5.3,,,,
3053,242090832,2023-02-17 17:45:58,3,0.0205,0.02065038,61.39,BTC-31MAR23-30000-C,24436.59,sell,0.5,,,,
3054,242091977,2023-02-17 17:52:08,0,0.0215,0.02054802,63.2,BTC-31MAR23-30000-C,24345.59,buy,2.8,,,,
3055,242091978,2023-02-17 17:52:08,1,0.0215,0.02054802,63.2,BTC-31MAR23-30000-C,24345.59,buy,4.6,,,,
3056,242091979,2023-02-17 17:52:08,1,0.0215,0.02054802,63.2,BTC-31MAR23-30000-C,24345.59,buy,2.4,,,,
3057,242091983,2023-02-17 17:52:08,1,0.0215,0.02054802,63.2,BTC-31MAR23-30000-C,24345.59,buy,3.4,,,,
3058,242095147,2023-02-17 18:19:07,0,0.022,0.02198266,63.39,BTC-31MAR23-30000-C,24391.32,buy,0.1,,,,
3059,242103072,2023-02-17 19:30:52,2,0.0205,0.02053709,61.75,BTC-31MAR23-30000-C,24410.95,buy,5.0,,,,
3060,242107487,2023-02-17 20:04:29,0,0.0225,0.02261165,62.3,BTC-31MAR23-30000-C,24602.47,buy,0.1,,,,
3061,242110332,2023-02-17 20:08:43,0,0.0245,0.02456873,62.28,BTC-31MAR23-30000-C,24849.95,buy,0.5,,,,
3062,242115484,2023-02-17 20:25:53,0,0.0255,0.02597815,62.12,BTC-31MAR23-30000-C,24993.73,buy,25.0,,65380,,
3063,242123066,2023-02-17 21:29:49,2,0.023,0.02228531,62.09,BTC-31MAR23-30000-C,24687.08,buy,0.1,,,,
3064,242124237,2023-02-17 21:46:59,2,0.022,0.02199606,61.14,BTC-31MAR23-30000-C,24676.56,buy,3.3,,,,
3065,242139492,2023-02-17 23:07:36,0,0.0225,0.02266672,61.82,BTC-31MAR23-30000-C,24660.57,sell,0.1,,,,
3066,242145264,2023-02-18 00:19:14,2,0.022,0.02243998,60.81,BTC-31MAR23-30000-C,24723.07,buy,0.4,,,,
3067,242145265,2023-02-18 00:19:14,3,0.022,0.02243998,60.81,BTC-31MAR23-30000-C,24723.07,buy,0.1,,,,
3068,242145266,2023-02-18 00:19:14,3,0.022,0.02243998,60.81,BTC-31MAR23-30000-C,24723.07,buy,0.2,,,,
3069,242145267,2023-02-18 00:19:14,3,0.022,0.02243998,60.81,BTC-31MAR23-30000-C,24723.07,buy,0.2,,,,
3070,242145268,2023-02-18 00:19:14,3,0.022,0.02243998,60.81,BTC-31MAR23-30000-C,24723.07,buy,0.1,,,,
3071,242145269,2023-02-18 00:19:14,3,0.022,0.02243998,60.81,BTC-31MAR23-30000-C,24723.07,buy,0.2,,,,
3072,242148880,2023-02-18 01:22:11,2,0.021,0.02134449,60.74,BTC-31MAR23-30000-C,24610.17,buy,3.8,,,,
3073,242148881,2023-02-18 01:22:11,3,0.021,0.02134449,60.74,BTC-31MAR23-30000-C,24610.17,buy,2.1,,,,
3074,242148961,2023-02-18 01:25:17,3,0.021,0.02129353,60.59,BTC-31MAR23-30000-C,24634.36,buy,4.1,,,,
3075,242157876,2023-02-18 06:01:32,0,0.0215,0.02124959,61.15,BTC-31MAR23-30000-C,24642.17,buy,2.3,,,,
3076,242157877,2023-02-18 06:01:32,1,0.0215,0.02124959,61.15,BTC-31MAR23-30000-C,24642.17,buy,0.9,,,,
3077,242157878,2023-02-18 06:01:32,1,0.0215,0.02124959,61.15,BTC-31MAR23-30000-C,24642.17,buy,6.8,,,,
3078,242165980,2023-02-18 08:02:54,2,0.0205,0.02074956,61.1,BTC-31MAR23-30000-C,24519.7,sell,0.1,,,,
3079,242165984,2023-02-18 08:02:56,3,0.0205,0.02074567,61.1,BTC-31MAR23-30000-C,24519.39,sell,0.1,,,,
3080,242177962,2023-02-18 12:36:56,3,0.0205,0.02071107,60.55,BTC-31MAR23-30000-C,24600.57,sell,2.0,,,,
3081,242177973,2023-02-18 12:37:13,3,0.0205,0.02069519,60.57,BTC-31MAR23-30000-C,24595.95,buy,2.0,,,,
3082,242177976,2023-02-18 12:37:15,3,0.0205,0.02069552,60.58,BTC-31MAR23-30000-C,24594.98,buy,2.0,,,,
3083,242178186,2023-02-18 12:48:15,3,0.0205,0.02047261,60.51,BTC-31MAR23-30000-C,24602.75,buy,2.0,,,,
3084,242182761,2023-02-18 14:46:14,3,0.0205,0.02032329,60.6,BTC-31MAR23-30000-C,24601.41,buy,0.5,,,,
3085,242182762,2023-02-18 14:46:15,3,0.0205,0.02032329,60.58,BTC-31MAR23-30000-C,24603.42,buy,0.1,,,,
3086,242182773,2023-02-18 14:46:16,3,0.0205,0.02037986,60.54,BTC-31MAR23-30000-C,24608.66,buy,0.4,,,,
3087,242182774,2023-02-18 14:46:16,3,0.0205,0.02037986,60.54,BTC-31MAR23-30000-C,24608.66,buy,0.4,,,,
3088,242182962,2023-02-18 14:48:41,3,0.0205,0.02046668,60.46,BTC-31MAR23-30000-C,24616.06,buy,0.6,,,,
3089,242182963,2023-02-18 14:48:41,3,0.0205,0.02046668,60.46,BTC-31MAR23-30000-C,24616.06,buy,0.4,,,,
3090,242183375,2023-02-18 14:53:28,3,0.0205,0.02066508,60.25,BTC-31MAR23-30000-C,24643.43,buy,0.1,,,,
3091,242183784,2023-02-18 14:55:38,3,0.0205,0.02098377,59.91,BTC-31MAR23-30000-C,24688.68,sell,1.0,,,,
3092,242183934,2023-02-18 14:56:41,0,0.021,0.020935,60.44,BTC-31MAR23-30000-C,24693.8,buy,0.1,,,,
3093,242183935,2023-02-18 14:56:41,1,0.021,0.020935,60.44,BTC-31MAR23-30000-C,24693.8,buy,0.2,,,,
3094,242183936,2023-02-18 14:56:41,1,0.021,0.020935,60.44,BTC-31MAR23-30000-C,24693.8,buy,2.0,,,,
3095,242187514,2023-02-18 16:07:17,0,0.0215,0.02101698,61.12,BTC-31MAR23-30000-C,24677.94,buy,0.5,,,,
3096,242187873,2023-02-18 16:15:27,2,0.0205,0.02111091,59.95,BTC-31MAR23-30000-C,24690.58,sell,28.0,,,,
3097,242187874,2023-02-18 16:15:27,3,0.0205,0.02111091,59.95,BTC-31MAR23-30000-C,24690.58,sell,5.0,,,,
3098,242187875,2023-02-18 16:15:27,3,0.0205,0.02111091,59.95,BTC-31MAR23-30000-C,24690.58,sell,0.6,,,,
3099,242187876,2023-02-18 16:15:27,3,0.0205,0.02111091,59.95,BTC-31MAR23-30000-C,24690.58,sell,0.1,,,,
3100,242187877,2023-02-18 16:15:27,3,0.0205,0.02111091,59.95,BTC-31MAR23-30000-C,24690.58,sell,16.0,,,,
3101,242187878,2023-02-18 16:15:27,3,0.0205,0.02111091,59.95,BTC-31MAR23-30000-C,24690.58,sell,0.3,,,,
3102,242189642,2023-02-18 17:24:29,3,0.0205,0.02059928,60.03,BTC-31MAR23-30000-C,24676.48,sell,0.1,,,,
3103,242190767,2023-02-18 17:51:26,2,0.02,0.02046213,59.85,BTC-31MAR23-30000-C,24631.72,sell,1.0,,,,
3104,242198622,2023-02-18 20:07:09,3,0.02,0.01971984,60.38,BTC-31MAR23-30000-C,24577.72,sell,0.1,,,,
3105,242198623,2023-02-18 20:07:09,3,0.02,0.01971984,60.38,BTC-31MAR23-30000-C,24577.72,sell,0.4,,,,
3106,242199941,2023-02-18 20:34:15,3,0.02,0.01984788,60.33,BTC-31MAR23-30000-C,24587.83,sell,0.5,,,,
3107,242208867,2023-02-19 03:36:12,2,0.0195,0.01975916,59.18,BTC-31MAR23-30000-C,24694.87,sell,4.1,,,,
3108,242209193,2023-02-19 04:04:19,3,0.0195,0.01975141,59.25,BTC-31MAR23-30000-C,24683.75,sell,2.0,,,,
3109,242216695,2023-02-19 06:31:33,3,0.0195,0.01939092,59.52,BTC-31MAR23-30000-C,24651.45,sell,0.3,,,,
3110,242217482,2023-02-19 06:46:18,3,0.0195,0.01956055,59.47,BTC-31MAR23-30000-C,24658.98,sell,3.6,,,,
3111,242222638,2023-02-19 07:55:59,2,0.0185,0.01851281,59.03,BTC-31MAR23-30000-C,24591.73,sell,0.2,,,,
3112,242230162,2023-02-19 11:26:43,0,0.0195,0.01914714,59.46,BTC-31MAR23-30000-C,24686.16,buy,0.9,,,,
3113,242230163,2023-02-19 11:26:43,1,0.0195,0.01914714,59.46,BTC-31MAR23-30000-C,24686.16,buy,12.0,,,,
3114,242231974,2023-02-19 12:24:39,0,0.02,0.01995899,59.84,BTC-31MAR23-30000-C,24705.34,buy,0.5,,,,
3115,242232712,2023-02-19 13:03:15,1,0.02,0.01989689,59.87,BTC-31MAR23-30000-C,24703.62,buy,0.5,,,,
3116,242233231,2023-02-19 13:27:27,0,0.021,0.02057683,61.07,BTC-31MAR23-30000-C,24687.97,buy,6.8,,,,
3117,242233693,2023-02-19 13:37:21,0,0.0215,0.02111666,61.57,BTC-31MAR23-30000-C,24693.25,sell,1.0,,,,
3118,242239437,2023-02-19 15:22:12,0,0.0225,0.02289978,60.14,BTC-31MAR23-30000-C,24988.86,sell,1.0,,,,
3119,242239441,2023-02-19 15:22:14,1,0.0225,0.02285411,60.19,BTC-31MAR23-30000-C,24982.54,sell,1.0,,,,
3120,242239444,2023-02-19 15:22:16,1,0.0225,0.02283607,60.21,BTC-31MAR23-30000-C,24980.13,sell,0.8,,,,
3121,242239445,2023-02-19 15:22:16,1,0.0225,0.02283607,60.21,BTC-31MAR23-30000-C,24980.13,sell,0.1,,,,
3122,242239446,2023-02-19 15:22:16,1,0.0225,0.02283607,60.21,BTC-31MAR23-30000-C,24980.13,buy,0.1,,,,
3123,242239454,2023-02-19 15:22:17,1,0.0225,0.02283688,60.21,BTC-31MAR23-30000-C,24980.24,sell,0.1,,,,
3124,242239455,2023-02-19 15:22:17,1,0.0225,0.02283688,60.21,BTC-31MAR23-30000-C,24980.24,buy,0.9,,,,
3125,242239456,2023-02-19 15:22:18,1,0.0225,0.02279229,60.25,BTC-31MAR23-30000-C,24974.64,buy,1.0,,,,
3126,242239477,2023-02-19 15:22:20,1,0.0225,0.02279422,60.29,BTC-31MAR23-30000-C,24969.79,sell,0.1,,,,
3127,242239478,2023-02-19 15:22:20,1,0.0225,0.02275684,60.28,BTC-31MAR23-30000-C,24969.79,buy,0.9,,,,
3128,242240110,2023-02-19 15:25:11,2,0.0215,0.02202165,59.98,BTC-31MAR23-30000-C,24891.46,sell,1.0,,,,
3129,242240112,2023-02-19 15:25:12,3,0.0215,0.02200383,60.04,BTC-31MAR23-30000-C,24883.8,sell,1.0,,,,
3130,242240116,2023-02-19 15:25:13,3,0.0215,0.02200555,60.09,BTC-31MAR23-30000-C,24876.71,buy,1.0,,,,
3131,242241487,2023-02-19 15:31:21,3,0.0215,0.02166005,60.2,BTC-31MAR23-30000-C,24874.49,buy,1.0,,,,
3132,242241488,2023-02-19 15:31:21,3,0.0215,0.02166005,60.2,BTC-31MAR23-30000-C,24874.49,buy,1.0,,,,
3133,242241489,2023-02-19 15:31:21,3,0.0215,0.02166005,60.2,BTC-31MAR23-30000-C,24874.49,buy,0.7,,,,
3134,242243612,2023-02-19 15:56:31,0,0.022,0.02265025,60.3,BTC-31MAR23-30000-C,24922.3,sell,4.8,,,,
3135,242243613,2023-02-19 15:56:31,1,0.022,0.02265025,60.3,BTC-31MAR23-30000-C,24922.3,sell,0.2,,,,
3136,242249760,2023-02-19 16:22:49,0,0.0255,0.02494691,62.11,BTC-31MAR23-30000-C,25125.16,sell,1.2,,,,
3137,242249761,2023-02-19 16:22:49,1,0.0255,0.02494691,62.11,BTC-31MAR23-30000-C,25125.16,sell,0.2,,,,
3138,242250107,2023-02-19 16:25:17,1,0.0255,0.02490574,62.31,BTC-31MAR23-30000-C,25095.61,buy,3.2,,,,
3139,242250108,2023-02-19 16:25:17,1,0.0255,0.02490574,62.31,BTC-31MAR23-30000-C,25095.61,sell,1.2,,,,
3140,242259146,2023-02-19 17:06:31,2,0.0205,0.02128343,61.3,BTC-31MAR23-30000-C,24617.56,sell,1.0,,,,
3141,242291403,2023-02-20 01:06:33,2,0.0175,0.01753214,61.98,BTC-31MAR23-30000-C,24145.78,sell,1.3,,,,
3142,242291405,2023-02-20 01:06:33,3,0.0175,0.01753214,61.98,BTC-31MAR23-30000-C,24145.78,sell,0.2,,,,
3143,242291407,2023-02-20 01:06:33,3,0.0175,0.01753214,61.98,BTC-31MAR23-30000-C,24145.78,sell,0.4,,,,
3144,242291486,2023-02-20 01:06:34,3,0.0175,0.01752688,62.23,BTC-31MAR23-30000-C,24115.52,sell,1.1,,,,
3145,242293274,2023-02-20 01:12:39,2,0.0165,0.01640458,62.21,BTC-31MAR23-30000-C,23965.85,sell,0.8,,,,
3146,242293396,2023-02-20 01:13:01,2,0.016,0.01642558,61.57,BTC-31MAR23-30000-C,23963.59,sell,0.1,,,,
3147,242293406,2023-02-20 01:13:02,3,0.016,0.01643173,61.61,BTC-31MAR23-30000-C,23957.43,sell,0.1,,,,
3148,242304896,2023-02-20 03:30:19,0,0.019,0.01917845,61.47,BTC-31MAR23-30000-C,24439.94,buy,0.2,,,,
3149,242306573,2023-02-20 04:01:22,2,0.0185,0.01897782,61.11,BTC-31MAR23-30000-C,24417.62,sell,28.0,,,,
3150,242306574,2023-02-20 04:01:22,3,0.0185,0.01897782,61.11,BTC-31MAR23-30000-C,24417.62,sell,22.0,,,,
3151,242306582,2023-02-20 04:01:35,3,0.0185,0.01897137,61.13,BTC-31MAR23-30000-C,24416.08,sell,0.1,,,,
3152,242306585,2023-02-20 04:01:39,3,0.0185,0.0189694,61.12,BTC-31MAR23-30000-C,24416.47,sell,0.1,,,,
3153,242306651,2023-02-20 04:03:00,3,0.0185,0.01892061,61.19,BTC-31MAR23-30000-C,24414.52,sell,0.1,,,,
3154,242306677,2023-02-20 04:03:16,3,0.0185,0.01891814,61.19,BTC-31MAR23-30000-C,24414.43,sell,0.1,,,,
3155,242306680,2023-02-20 04:03:18,3,0.0185,0.01890609,61.2,BTC-31MAR23-30000-C,24412.91,sell,0.1,,,,
3156,242320901,2023-02-20 08:14:14,0,0.0195,0.01900937,61.55,BTC-31MAR23-30000-C,24517.18,buy,0.1,,,,
3157,242320902,2023-02-20 08:14:14,1,0.0195,0.01900937,61.55,BTC-31MAR23-30000-C,24517.18,buy,1.3,,,,
3158,242320903,2023-02-20 08:14:14,1,0.0195,0.01900937,61.55,BTC-31MAR23-30000-C,24517.18,buy,4.0,,,,
3159,242320904,2023-02-20 08:14:14,1,0.0195,0.01900937,61.55,BTC-31MAR23-30000-C,24517.18,buy,7.0,,,,
3160,242320938,2023-02-20 08:15:01,1,0.0195,0.01901301,61.55,BTC-31MAR23-30000-C,24515.34,buy,4.0,,,,
3161,242320939,2023-02-20 08:15:01,1,0.0195,0.01901301,61.55,BTC-31MAR23-30000-C,24515.34,buy,2.3,,,,
3162,242326751,2023-02-20 09:41:59,0,0.0198,0.02017092,60.97,BTC-31MAR23-30000-C,24634.64,buy,25.0,,65487,,
3163,242332142,2023-02-20 09:59:28,0,0.0225,0.02263657,61.6,BTC-31MAR23-30000-C,24900.9,sell,10.0,,,,
3164,242332903,2023-02-20 10:03:00,2,0.022,0.02191517,61.9,BTC-31MAR23-30000-C,24813.89,sell,10.0,,,,
3165,242339343,2023-02-20 11:07:51,0,0.023,0.02290719,62.3,BTC-31MAR23-30000-C,24884.19,buy,5.0,,,,
3166,242342670,2023-02-20 11:44:37,2,0.0225,0.02263163,61.82,BTC-31MAR23-30000-C,24889.7,buy,3.0,,,,
3167,242348556,2023-02-20 13:06:44,2,0.0222,0.02290277,61.99,BTC-31MAR23-30000-C,24833.33,sell,100.0,BTC-CCAL-31MAR23_3MAR23-30000,65519,,
3168,242358092,2023-02-20 14:44:36,0,0.0225,0.02274873,62.44,BTC-31MAR23-30000-C,24826.75,sell,0.1,,,,
3169,242358097,2023-02-20 14:44:36,1,0.0225,0.02274873,62.44,BTC-31MAR23-30000-C,24826.75,sell,0.1,,,,
3170,242362531,2023-02-20 15:22:38,0,0.024,0.02376304,62.87,BTC-31MAR23-30000-C,24951.6,buy,0.1,,,,
3171,242364487,2023-02-20 15:43:42,1,0.024,0.02420726,62.46,BTC-31MAR23-30000-C,25005.38,sell,0.2,,,,
3172,242368033,2023-02-20 16:21:09,2,0.023,0.02244359,63.53,BTC-31MAR23-30000-C,24762.1,buy,0.1,,,,
3173,242378470,2023-02-20 18:50:08,2,0.0225,0.02252869,62.54,BTC-31MAR23-30000-C,24818.6,buy,0.2,,,,
3174,242379897,2023-02-20 19:39:02,3,0.0225,0.0230428,62.21,BTC-31MAR23-30000-C,24860.46,sell,0.1,,,,
3175,242380558,2023-02-20 20:07:34,0,0.023,0.02274373,62.76,BTC-31MAR23-30000-C,24857.38,buy,0.8,,,,
3176,242380559,2023-02-20 20:07:34,1,0.023,0.02274373,62.76,BTC-31MAR23-30000-C,24857.38,buy,0.2,,,,
3177,242382820,2023-02-20 21:04:21,2,0.022,0.02203504,62.12,BTC-31MAR23-30000-C,24809.26,buy,1.0,,,,
3178,242382839,2023-02-20 21:04:56,2,0.0215,0.02204092,61.58,BTC-31MAR23-30000-C,24810.48,sell,1.0,,,,
3179,242385447,2023-02-20 22:20:44,2,0.021,0.02138964,61.56,BTC-31MAR23-30000-C,24753.66,sell,10.0,,65564,,
3180,242398078,2023-02-21 02:34:37,0,0.0225,0.02247561,61.3,BTC-31MAR23-30000-C,24990.71,buy,5.0,,,,
3181,242398463,2023-02-21 02:36:59,0,0.0235,0.02275465,62.04,BTC-31MAR23-30000-C,25022.3,buy,3.8,,,,
3182,242398464,2023-02-21 02:36:59,1,0.0235,0.02275465,62.04,BTC-31MAR23-30000-C,25022.3,buy,1.2,,,,
3183,242408144,2023-02-21 05:36:49,2,0.0225,0.02243069,61.99,BTC-31MAR23-30000-C,24934.46,buy,9.3,,,,
3184,242408145,2023-02-21 05:36:49,3,0.0225,0.02243069,61.99,BTC-31MAR23-30000-C,24934.46,sell,0.7,,,,
3185,242423008,2023-02-21 08:29:37,0,0.023,0.02332701,61.38,BTC-31MAR23-30000-C,25074.2,sell,0.1,,,,
3186,242425656,2023-02-21 08:38:00,2,0.0225,0.0222204,62.0,BTC-31MAR23-30000-C,24947.81,buy,0.1,,,,
3187,242429762,2023-02-21 08:46:38,2,0.02,0.02031268,61.43,BTC-31MAR23-30000-C,24697.06,sell,1.3,,,,
3188,242429763,2023-02-21 08:46:38,3,0.02,0.02031268,61.43,BTC-31MAR23-30000-C,24697.06,sell,33.6,,,,
3189,242430583,2023-02-21 08:49:08,0,0.0205,0.02017728,62.0,BTC-31MAR23-30000-C,24692.76,buy,3.6,,,,
3190,242430928,2023-02-21 08:49:51,1,0.0205,0.02025804,61.98,BTC-31MAR23-30000-C,24695.19,buy,8.6,,,,
3191,242432699,2023-02-21 08:59:51,1,0.0205,0.02030626,62.02,BTC-31MAR23-30000-C,24685.99,buy,5.0,,,,
3192,242434015,2023-02-21 09:11:02,2,0.02,0.01977625,62.01,BTC-31MAR23-30000-C,24622.98,sell,0.1,,,,
3193,242434017,2023-02-21 09:11:02,3,0.02,0.01977625,62.01,BTC-31MAR23-30000-C,24622.98,sell,3.6,,,,
3194,242434058,2023-02-21 09:11:02,3,0.02,0.01977625,62.12,BTC-31MAR23-30000-C,24609.52,sell,1.3,,,,
3195,242434542,2023-02-21 09:11:28,3,0.02,0.01962247,62.12,BTC-31MAR23-30000-C,24609.46,buy,1.5,,,,
3196,242434672,2023-02-21 09:11:48,3,0.02,0.01963475,62.09,BTC-31MAR23-30000-C,24610.61,buy,0.5,,,,
3197,242435324,2023-02-21 09:16:36,0,0.0205,0.02050199,61.79,BTC-31MAR23-30000-C,24719.38,buy,7.0,,,,
3198,242435777,2023-02-21 09:18:36,1,0.0205,0.02047157,61.78,BTC-31MAR23-30000-C,24714.66,buy,1.2,,,,
3199,242435778,2023-02-21 09:18:36,1,0.0205,0.02047157,61.78,BTC-31MAR23-30000-C,24714.66,buy,6.5,,,,
3200,242437434,2023-02-21 09:41:31,0,0.021,0.02108238,61.43,BTC-31MAR23-30000-C,24831.77,buy,4.0,,,,
3201,242437442,2023-02-21 09:41:32,1,0.021,0.02105341,61.46,BTC-31MAR23-30000-C,24828.21,buy,4.0,,,,
3202,242437443,2023-02-21 09:41:32,1,0.021,0.02105341,61.46,BTC-31MAR23-30000-C,24828.21,buy,1.3,,,,
3203,242441350,2023-02-21 10:56:31,2,0.02,0.01953486,61.53,BTC-31MAR23-30000-C,24696.87,buy,2.0,,,,
3204,242443771,2023-02-21 11:44:24,2,0.019,0.01933227,60.57,BTC-31MAR23-30000-C,24678.03,sell,0.1,,,,
3205,242443772,2023-02-21 11:44:24,3,0.019,0.01933227,60.57,BTC-31MAR23-30000-C,24678.03,sell,9.9,,,,
3206,242444485,2023-02-21 11:54:22,2,0.0185,0.0188573,60.42,BTC-31MAR23-30000-C,24624.32,sell,1.0,,,,
3207,242448662,2023-02-21 12:28:29,2,0.018,0.01825589,60.22,BTC-31MAR23-30000-C,24582.59,sell,0.1,,,,
3208,242449720,2023-02-21 12:40:27,3,0.018,0.01823625,59.82,BTC-31MAR23-30000-C,24629.74,sell,1.0,,,,
3209,242450033,2023-02-21 12:44:09,3,0.018,0.01807973,60.07,BTC-31MAR23-30000-C,24603.5,sell,1.0,,,,
3210,242452762,2023-02-21 13:41:07,0,0.0185,0.01836992,60.12,BTC-31MAR23-30000-C,24672.83,sell,1.6,,,,
3211,242453880,2023-02-21 13:56:21,2,0.018,0.01789511,60.44,BTC-31MAR23-30000-C,24561.36,sell,0.1,,,,
3212,242453881,2023-02-21 13:56:21,3,0.018,0.01789511,60.44,BTC-31MAR23-30000-C,24561.36,sell,3.9,,,,
3213,242453882,2023-02-21 13:56:21,3,0.018,0.01789511,60.44,BTC-31MAR23-30000-C,24561.36,sell,1.1,,,,
3214,242453883,2023-02-21 13:56:21,3,0.018,0.01789511,60.44,BTC-31MAR23-30000-C,24561.36,sell,1.9,,,,
3215,242454349,2023-02-21 14:00:53,3,0.018,0.01793093,60.47,BTC-31MAR23-30000-C,24556.19,sell,3.0,,,,
3216,242454356,2023-02-21 14:00:58,3,0.018,0.01798322,60.36,BTC-31MAR23-30000-C,24571.35,buy,0.1,,,,
3217,242462302,2023-02-21 15:17:21,2,0.017,0.01700873,59.8,BTC-31MAR23-30000-C,24491.04,sell,0.1,,,,
3218,242462527,2023-02-21 15:17:36,3,0.017,0.01678605,60.1,BTC-31MAR23-30000-C,24466.88,sell,2.6,,,,
3219,242462528,2023-02-21 15:17:36,3,0.017,0.01678605,60.1,BTC-31MAR23-30000-C,24466.88,sell,0.1,,,,
3220,242462529,2023-02-21 15:17:36,3,0.017,0.01678605,60.1,BTC-31MAR23-30000-C,24466.88,sell,1.4,,,,
3221,242462556,2023-02-21 15:17:36,3,0.017,0.01678605,60.1,BTC-31MAR23-30000-C,24466.88,sell,0.8,,,,
3222,242463962,2023-02-21 15:22:08,3,0.017,0.01721707,59.68,BTC-31MAR23-30000-C,24518.54,sell,1.0,,,,
3223,242467171,2023-02-21 15:51:27,3,0.017,0.01734347,59.26,BTC-31MAR23-30000-C,24567.56,sell,1.0,,,,
3224,242467193,2023-02-21 15:51:56,3,0.017,0.01735882,59.25,BTC-31MAR23-30000-C,24569.97,sell,2.0,,,,
3225,242467303,2023-02-21 15:52:22,3,0.017,0.01723914,59.39,BTC-31MAR23-30000-C,24553.12,sell,0.5,,,,
3226,242467304,2023-02-21 15:52:22,3,0.017,0.01723914,59.39,BTC-31MAR23-30000-C,24553.12,sell,0.5,,,,
3227,242467307,2023-02-21 15:52:29,3,0.017,0.01722765,59.39,BTC-31MAR23-30000-C,24552.18,sell,0.1,,,,
3228,242467308,2023-02-21 15:52:29,3,0.017,0.01722765,59.39,BTC-31MAR23-30000-C,24552.18,sell,1.9,,,,
3229,242468574,2023-02-21 16:08:50,2,0.0165,0.01690372,59.21,BTC-31MAR23-30000-C,24506.08,sell,5.9,,,,
3230,242468575,2023-02-21 16:08:50,3,0.0165,0.01690372,59.21,BTC-31MAR23-30000-C,24506.08,sell,4.1,,,,
3231,242470671,2023-02-21 16:18:40,2,0.016,0.01594319,59.91,BTC-31MAR23-30000-C,24333.78,sell,5.0,,,,
3232,242475111,2023-02-21 16:41:59,0,0.0171,0.01650708,60.86,BTC-31MAR23-30000-C,24392.97,buy,100.0,,65658,,
3233,242475270,2023-02-21 16:43:05,2,0.017,0.01658751,60.65,BTC-31MAR23-30000-C,24406.19,buy,4.0,,,,
3234,242475964,2023-02-21 16:48:32,0,0.0175,0.01701386,60.95,BTC-31MAR23-30000-C,24437.04,sell,1.6,,,,
3235,242476017,2023-02-21 16:48:42,0,0.018,0.01709849,61.57,BTC-31MAR23-30000-C,24431.94,buy,1.1,,,,
3236,242476039,2023-02-21 16:48:45,2,0.0175,0.01710572,60.99,BTC-31MAR23-30000-C,24430.9,buy,25.0,,,,
3237,242476200,2023-02-21 16:50:02,0,0.018,0.01756264,61.53,BTC-31MAR23-30000-C,24431.11,buy,8.9,,,,
3238,242479400,2023-02-21 17:40:49,0,0.0195,0.01931613,62.92,BTC-31MAR23-30000-C,24471.26,buy,8.0,,,,
3239,242479401,2023-02-21 17:40:49,1,0.0195,0.01931613,62.92,BTC-31MAR23-30000-C,24471.26,buy,9.0,,,,
3240,242487354,2023-02-21 18:33:28,0,0.0215,0.02096487,63.69,BTC-31MAR23-30000-C,24645.81,buy,0.1,,,,
3241,242489146,2023-02-21 18:49:24,0,0.022,0.02148633,63.67,BTC-31MAR23-30000-C,24702.97,buy,5.0,,,,
3242,242489147,2023-02-21 18:49:24,1,0.022,0.02148633,63.67,BTC-31MAR23-30000-C,24702.97,buy,1.8,,,,
3243,242489148,2023-02-21 18:49:24,1,0.022,0.02148633,63.67,BTC-31MAR23-30000-C,24702.97,buy,13.2,,,,
3244,242490651,2023-02-21 19:15:33,2,0.021,0.0210422,63.21,BTC-31MAR23-30000-C,24635.25,buy,0.8,,,,
3245,242495364,2023-02-21 20:21:26,2,0.0195,0.01992828,62.47,BTC-31MAR23-30000-C,24531.0,sell,1.0,,,,
3246,242502614,2023-02-21 21:22:15,2,0.018,0.01799858,63.09,BTC-31MAR23-30000-C,24252.7,buy,1.6,,,,
3247,242502637,2023-02-21 21:22:15,3,0.018,0.01799858,63.09,BTC-31MAR23-30000-C,24252.7,buy,0.1,,,,
3248,242504213,2023-02-21 21:25:23,2,0.0175,0.01761743,63.02,BTC-31MAR23-30000-C,24184.12,sell,28.0,,,,
3249,242504359,2023-02-21 21:26:05,2,0.017,0.0176845,62.28,BTC-31MAR23-30000-C,24201.47,sell,6.0,,,,
3250,242504360,2023-02-21 21:26:05,3,0.017,0.0176845,62.28,BTC-31MAR23-30000-C,24201.47,sell,3.0,,,,
3251,242521215,2023-02-22 01:20:17,0,0.018,0.01813502,62.07,BTC-31MAR23-30000-C,24411.8,sell,0.5,,,,
3252,242521259,2023-02-22 01:21:00,1,0.018,0.01814911,62.03,BTC-31MAR23-30000-C,24416.93,buy,0.2,,,,
3253,242521260,2023-02-22 01:21:00,1,0.018,0.01814911,62.03,BTC-31MAR23-30000-C,24416.93,buy,0.3,,,,
3254,242529758,2023-02-22 02:24:40,2,0.0165,0.01646333,62.37,BTC-31MAR23-30000-C,24134.36,sell,2.7,,,,
3255,242541904,2023-02-22 05:14:31,2,0.016,0.0163586,62.2,BTC-31MAR23-30000-C,24102.54,sell,1.7,,,,
3256,242541922,2023-02-22 05:15:17,3,0.016,0.01633763,62.22,BTC-31MAR23-30000-C,24098.34,sell,0.1,,,,
3257,242542003,2023-02-22 05:16:06,3,0.016,0.01640413,62.16,BTC-31MAR23-30000-C,24110.73,sell,0.7,,,,
3258,242560682,2023-02-22 08:25:07,2,0.015,0.01561451,61.61,BTC-31MAR23-30000-C,24039.83,sell,0.3,,,,
3259,242568948,2023-02-22 09:52:57,0,0.0158,0.01591713,61.78,BTC-31MAR23-30000-C,24134.89,sell,50.0,,65754,,
3260,242573049,2023-02-22 11:19:57,0,0.016,0.01620793,61.68,BTC-31MAR23-30000-C,24199.76,sell,3.2,,,,
3261,242573050,2023-02-22 11:20:05,1,0.016,0.01620634,61.68,BTC-31MAR23-30000-C,24199.66,sell,3.2,,,,
3262,242573053,2023-02-22 11:20:16,1,0.016,0.01621513,61.67,BTC-31MAR23-30000-C,24200.63,sell,3.2,,,,
3263,242575588,2023-02-22 11:40:31,2,0.015,0.01527026,61.58,BTC-31MAR23-30000-C,24052.79,sell,2.4,,,,
3264,242585315,2023-02-22 14:20:59,2,0.0145,0.0148141,61.66,BTC-31MAR23-30000-C,23987.59,sell,2.9,,,,
3265,242588678,2023-02-22 14:50:55,3,0.0145,0.01477006,61.35,BTC-31MAR23-30000-C,24030.36,sell,0.1,,,,
3266,242592328,2023-02-22 15:08:43,2,0.014,0.01432542,61.16,BTC-31MAR23-30000-C,23977.97,sell,1.0,,,,
3267,242592362,2023-02-22 15:09:05,3,0.014,0.01425911,61.29,BTC-31MAR23-30000-C,23963.37,sell,3.0,,,,
3268,242599206,2023-02-22 15:31:15,2,0.013,0.01327928,61.81,BTC-31MAR23-30000-C,23710.29,sell,0.1,,,,
3269,242599441,2023-02-22 15:32:23,3,0.013,0.01337123,61.7,BTC-31MAR23-30000-C,23726.28,sell,0.1,,,,
3270,242599875,2023-02-22 15:35:54,0,0.0135,0.01336685,62.48,BTC-31MAR23-30000-C,23725.9,buy,1.0,,,,
3271,242602382,2023-02-22 15:58:23,2,0.013,0.01319728,61.84,BTC-31MAR23-30000-C,23718.18,sell,0.3,,,,
3272,242602383,2023-02-22 15:58:23,3,0.013,0.01319728,61.84,BTC-31MAR23-30000-C,23718.18,sell,1.7,,,,
3273,242603659,2023-02-22 16:13:14,0,0.0135,0.01330606,62.58,BTC-31MAR23-30000-C,23710.11,sell,0.1,,,,
3274,242610626,2023-02-22 17:35:26,1,0.0135,0.01311852,62.47,BTC-31MAR23-30000-C,23731.92,buy,5.2,,,,
3275,242610627,2023-02-22 17:35:26,1,0.0135,0.01311852,62.47,BTC-31MAR23-30000-C,23731.92,buy,19.8,,,,
3276,242610958,2023-02-22 17:39:20,0,0.014,0.01330912,62.82,BTC-31MAR23-30000-C,23772.12,buy,0.1,,,,
3277,242617722,2023-02-22 19:03:11,2,0.0135,0.01353698,62.66,BTC-31MAR23-30000-C,23713.69,buy,5.1,,,,
3278,242617744,2023-02-22 19:03:19,3,0.0135,0.01356052,62.59,BTC-31MAR23-30000-C,23724.26,buy,3.2,,,,
3279,242617754,2023-02-22 19:03:20,3,0.0135,0.01358445,62.56,BTC-31MAR23-30000-C,23734.72,buy,1.7,,,,
3280,242638373,2023-02-22 22:38:52,2,0.0133,0.01368094,59.83,BTC-31MAR23-30000-C,24054.64,buy,25.0,,65830,,
3281,242641779,2023-02-22 23:12:13,0,0.014,0.01410601,59.72,BTC-31MAR23-30000-C,24194.18,buy,0.5,,,,
3282,242647708,2023-02-23 00:33:15,2,0.0135,0.01331281,59.43,BTC-31MAR23-30000-C,24152.44,sell,0.1,,,,
3283,242652007,2023-02-23 02:08:41,0,0.0137,0.01404912,58.85,BTC-31MAR23-30000-C,24260.16,buy,25.0,,65843,,
3284,242653196,2023-02-23 02:22:16,1,0.0137,0.01388286,58.97,BTC-31MAR23-30000-C,24247.49,sell,12.5,BTC-CS-31MAR23-25000_30000,65845,,
3285,242654126,2023-02-23 02:33:00,1,0.0137,0.01417031,58.34,BTC-31MAR23-30000-C,24319.19,buy,25.0,,65846,,
3286,242654204,2023-02-23 02:33:16,0,0.014,0.01423425,58.62,BTC-31MAR23-30000-C,24341.99,buy,0.1,,,,
3287,242654488,2023-02-23 02:34:00,2,0.0138,0.01433591,58.16,BTC-31MAR23-30000-C,24359.75,buy,25.0,,65847,,
3288,242654560,2023-02-23 02:34:23,0,0.0139,0.01431279,58.32,BTC-31MAR23-30000-C,24356.88,buy,25.0,,65848,,
3289,242657437,2023-02-23 02:43:56,0,0.0146,0.01517271,57.96,BTC-31MAR23-30000-C,24529.07,buy,25.0,,65849,,
3290,242657764,2023-02-23 02:45:05,0,0.0155,0.01527761,58.91,BTC-31MAR23-30000-C,24553.83,buy,4.0,,,,
3291,242657765,2023-02-23 02:45:05,1,0.0155,0.01527761,58.91,BTC-31MAR23-30000-C,24553.83,buy,1.9,,,,
3292,242658614,2023-02-23 02:48:06,1,0.0155,0.01528258,59.01,BTC-31MAR23-30000-C,24536.19,buy,4.0,,,,
3293,242658668,2023-02-23 02:48:23,1,0.0155,0.01527833,59.0,BTC-31MAR23-30000-C,24539.6,buy,2.9,,,,
3294,242663864,2023-02-23 03:45:33,2,0.0149,0.01536873,58.45,BTC-31MAR23-30000-C,24508.38,buy,250.0,,65852,,
3295,242667743,2023-02-23 04:31:35,0,0.015,0.01513071,59.05,BTC-31MAR23-30000-C,24444.47,sell,0.5,,,,
3296,242678959,2023-02-23 08:02:49,2,0.0145,0.01454,59.1,BTC-31MAR23-30000-C,24387.3,sell,100.0,BTC-CCAL-28APR23_31MAR23-30000,65878,,
3297,242679321,2023-02-23 08:05:21,2,0.0143,0.01447433,58.9,BTC-31MAR23-30000-C,24376.79,sell,100.0,BTC-CCAL-28APR23_31MAR23-30000,65880,,
3298,242680111,2023-02-23 08:15:13,0,0.0145,0.0147344,58.63,BTC-31MAR23-30000-C,24440.65,buy,0.1,,,,
3299,242680117,2023-02-23 08:15:14,1,0.0145,0.01472951,58.61,BTC-31MAR23-30000-C,24443.82,buy,0.1,,,,
3300,242680579,2023-02-23 08:17:54,1,0.0145,0.01466154,58.47,BTC-31MAR23-30000-C,24461.59,buy,15.1,,,,
3301,242680584,2023-02-23 08:17:57,1,0.0145,0.01466764,58.44,BTC-31MAR23-30000-C,24464.75,buy,9.7,,,,
3302,242680775,2023-02-23 08:20:23,1,0.0145,0.01456067,58.44,BTC-31MAR23-30000-C,24467.19,buy,15.5,,,,
3303,242680885,2023-02-23 08:21:16,1,0.0145,0.01462705,58.3,BTC-31MAR23-30000-C,24482.78,buy,2.7,,,,
3304,242680979,2023-02-23 08:22:23,1,0.0145,0.01455657,58.33,BTC-31MAR23-30000-C,24475.62,buy,6.8,,,,
3305,242681383,2023-02-23 08:25:48,2,0.014,0.01407484,58.3,BTC-31MAR23-30000-C,24397.3,buy,25.0,,,,
3306,242682901,2023-02-23 08:59:14,3,0.014,0.01406552,58.3,BTC-31MAR23-30000-C,24406.02,buy,25.0,,,,
3307,242688133,2023-02-23 10:14:14,2,0.013,0.01300771,58.51,BTC-31MAR23-30000-C,24218.05,sell,7.5,,,,
3308,242690038,2023-02-23 10:54:58,0,0.0135,0.0133006,58.73,BTC-31MAR23-30000-C,24280.21,buy,5.0,,,,
3309,242690763,2023-02-23 11:01:31,2,0.013,0.01316947,58.29,BTC-31MAR23-30000-C,24257.95,sell,7.5,,,,
3310,242690764,2023-02-23 11:01:31,3,0.013,0.01316947,58.29,BTC-31MAR23-30000-C,24257.95,sell,4.4,,,,
3311,242690765,2023-02-23 11:01:31,3,0.013,0.01316947,58.29,BTC-31MAR23-30000-C,24257.95,sell,4.0,,,,
3312,242690766,2023-02-23 11:01:31,3,0.013,0.01316947,58.29,BTC-31MAR23-30000-C,24257.95,sell,4.1,,,,
3313,242691511,2023-02-23 11:15:47,3,0.013,0.01298366,58.5,BTC-31MAR23-30000-C,24223.84,buy,17.5,,,,
3314,242692921,2023-02-23 11:23:10,2,0.012,0.01214224,58.25,BTC-31MAR23-30000-C,24055.93,sell,0.1,,,,
3315,242693135,2023-02-23 11:23:28,3,0.012,0.01198531,58.51,BTC-31MAR23-30000-C,24043.35,sell,0.1,,,,
3316,242693137,2023-02-23 11:23:28,3,0.012,0.01198531,58.51,BTC-31MAR23-30000-C,24043.35,sell,1.7,,,,
3317,242693197,2023-02-23 11:23:36,3,0.012,0.01190831,58.6,BTC-31MAR23-30000-C,24034.34,buy,0.1,,,,
3318,242693201,2023-02-23 11:23:36,3,0.012,0.01190831,58.6,BTC-31MAR23-30000-C,24034.34,buy,0.1,,,,
3319,242694767,2023-02-23 11:26:25,2,0.0115,0.01151901,58.5,BTC-31MAR23-30000-C,23944.91,buy,14.9,,,,
3320,242694972,2023-02-23 11:26:43,3,0.0115,0.01134496,58.66,BTC-31MAR23-30000-C,23925.82,buy,3.2,,,,
3321,242699022,2023-02-23 11:34:55,2,0.011,0.01123904,58.37,BTC-31MAR23-30000-C,23869.89,sell,0.2,,,,
3322,242700885,2023-02-23 11:38:05,3,0.011,0.01078871,59.25,BTC-31MAR23-30000-C,23745.04,sell,0.1,,,,
3323,242702922,2023-02-23 11:45:59,3,0.011,0.01111012,59.11,BTC-31MAR23-30000-C,23771.37,sell,0.1,,,,
3324,242703578,2023-02-23 11:49:42,3,0.011,0.01076682,59.74,BTC-31MAR23-30000-C,23686.96,sell,6.3,,,,
3325,242714589,2023-02-23 13:14:33,0,0.013,0.01291808,59.22,BTC-31MAR23-30000-C,24141.33,buy,0.1,,,,
3326,242718269,2023-02-23 13:32:58,2,0.0125,0.01255157,59.07,BTC-31MAR23-30000-C,24072.61,buy,0.1,,,,
3327,242724460,2023-02-23 14:25:59,2,0.012,0.01261108,58.39,BTC-31MAR23-30000-C,24072.16,sell,2.0,,,,
3328,242726726,2023-02-23 14:47:21,3,0.012,0.01215563,58.57,BTC-31MAR23-30000-C,24045.42,buy,1.0,,,,
3329,242727256,2023-02-23 14:49:44,3,0.012,0.01202527,58.69,BTC-31MAR23-30000-C,24035.52,buy,4.0,,,,
3330,242727257,2023-02-23 14:49:44,3,0.012,0.01203004,58.7,BTC-31MAR23-30000-C,24034.62,buy,4.0,,,,
3331,242728436,2023-02-23 15:03:13,2,0.0115,0.01171008,58.55,BTC-31MAR23-30000-C,23965.47,sell,2.0,,,,
3332,242729215,2023-02-23 15:10:46,2,0.011,0.01137001,58.32,BTC-31MAR23-30000-C,23890.91,sell,1.0,,,,
3333,242735796,2023-02-23 16:53:50,3,0.011,0.01124668,58.74,BTC-31MAR23-30000-C,23844.4,buy,1.0,,,,
3334,242736818,2023-02-23 17:00:06,0,0.0115,0.01079477,60.14,BTC-31MAR23-30000-C,23761.98,buy,1.0,,,,
3335,242746192,2023-02-23 19:13:00,1,0.0115,0.01136051,58.69,BTC-31MAR23-30000-C,23955.38,buy,0.1,,,,
3336,242750292,2023-02-23 20:10:46,0,0.012,0.01167601,59.07,BTC-31MAR23-30000-C,24001.79,buy,1.0,,,,
3337,242758535,2023-02-23 22:45:29,2,0.0105,0.01060544,58.33,BTC-31MAR23-30000-C,23821.8,sell,0.1,,,,
3338,242768696,2023-02-24 01:43:11,0,0.011,0.01093525,57.34,BTC-31MAR23-30000-C,24072.12,sell,2.0,,,,
3339,242777273,2023-02-24 05:57:11,2,0.0095,0.01000445,56.48,BTC-31MAR23-30000-C,23901.18,sell,60.0,BTC-CS-31MAR23-30000_32000,65986,,
3340,242780885,2023-02-24 07:04:41,0,0.0099,0.00991191,57.21,BTC-31MAR23-30000-C,23886.19,sell,30.0,,65992,,
3341,242782118,2023-02-24 07:26:04,2,0.0095,0.00950102,57.4,BTC-31MAR23-30000-C,23789.57,sell,0.1,,,,
3342,242785346,2023-02-24 07:41:51,0,0.01,0.00972865,57.8,BTC-31MAR23-30000-C,23825.94,buy,0.1,,,,
3343,242785347,2023-02-24 07:41:51,1,0.01,0.00972865,57.8,BTC-31MAR23-30000-C,23825.94,buy,3.4,,,,
3344,242791055,2023-02-24 08:03:30,2,0.0095,0.00958996,57.03,BTC-31MAR23-30000-C,23826.55,sell,0.1,,,,
3345,242791056,2023-02-24 08:03:30,3,0.0095,0.00958996,57.03,BTC-31MAR23-30000-C,23826.55,sell,0.1,,,,
3346,242792193,2023-02-24 08:08:49,2,0.009,0.0093928,56.44,BTC-31MAR23-30000-C,23821.04,sell,0.5,,,,
3347,242793410,2023-02-24 08:16:13,2,0.0088,0.0093096,56.32,BTC-31MAR23-30000-C,23777.15,sell,100.0,,66008,,
3348,242797783,2023-02-24 08:44:40,0,0.009,0.00936203,55.86,BTC-31MAR23-30000-C,23892.31,sell,3.0,,,,
3349,242799430,2023-02-24 09:26:04,0,0.0095,0.00921714,56.73,BTC-31MAR23-30000-C,23885.96,buy,0.2,,,,
3350,242799795,2023-02-24 09:32:30,1,0.0095,0.00942367,56.82,BTC-31MAR23-30000-C,23870.07,sell,2.2,,,,
3351,242800726,2023-02-24 09:49:47,2,0.009,0.00923779,56.22,BTC-31MAR23-30000-C,23844.33,sell,0.1,,,,
3352,242801326,2023-02-24 10:09:37,0,0.0095,0.00927759,56.94,BTC-31MAR23-30000-C,23858.42,buy,0.6,,,,
3353,242802686,2023-02-24 10:47:21,2,0.0085,0.00927369,55.29,BTC-31MAR23-30000-C,23864.59,sell,1.0,,,,
3354,242805556,2023-02-24 12:08:13,0,0.01,0.00971501,57.37,BTC-31MAR23-30000-C,23913.62,sell,2.5,,,,
3355,242805654,2023-02-24 12:09:18,2,0.0095,0.00985944,56.53,BTC-31MAR23-30000-C,23923.36,sell,1.0,,,,
3356,242810779,2023-02-24 13:27:13,0,0.01,0.0101814,57.11,BTC-31MAR23-30000-C,23962.45,buy,1.0,,,,
3357,242810800,2023-02-24 13:27:20,1,0.01,0.01017913,57.14,BTC-31MAR23-30000-C,23953.53,sell,7.5,,,,
3358,242813070,2023-02-24 13:37:03,2,0.009,0.00926601,56.98,BTC-31MAR23-30000-C,23763.48,sell,15.0,,,,
3359,242813071,2023-02-24 13:37:03,3,0.009,0.00926601,56.98,BTC-31MAR23-30000-C,23763.48,sell,5.0,,,,
3360,242821144,2023-02-24 14:51:14,0,0.0095,0.00951574,57.52,BTC-31MAR23-30000-C,23809.5,sell,0.1,,,,
3361,242836517,2023-02-24 16:01:46,2,0.0075,0.007534,58.23,BTC-31MAR23-30000-C,23253.31,sell,0.1,,,,
3362,242836518,2023-02-24 16:01:46,3,0.0075,0.007534,58.23,BTC-31MAR23-30000-C,23253.31,sell,0.1,,,,
3363,242842238,2023-02-24 16:07:01,2,0.007,0.00709716,58.57,BTC-31MAR23-30000-C,23082.49,buy,1.0,,,,
3364,242842721,2023-02-24 16:08:22,3,0.007,0.00724319,58.12,BTC-31MAR23-30000-C,23144.53,buy,0.1,,,,
3365,242851590,2023-02-24 17:10:47,3,0.007,0.00703326,58.0,BTC-31MAR23-30000-C,23162.07,buy,34.0,,,,
3366,242851646,2023-02-24 17:11:59,3,0.007,0.0070217,57.96,BTC-31MAR23-30000-C,23163.9,sell,25.0,,66111,,
3367,242852083,2023-02-24 17:17:41,0,0.0075,0.00701078,58.71,BTC-31MAR23-30000-C,23192.47,buy,3.5,,,,
3368,242852084,2023-02-24 17:17:41,1,0.0075,0.00701078,58.71,BTC-31MAR23-30000-C,23192.47,buy,2.5,,,,
3369,242852223,2023-02-24 17:19:37,1,0.0075,0.00699441,58.75,BTC-31MAR23-30000-C,23185.47,buy,6.0,,,,
3370,242853195,2023-02-24 17:30:17,1,0.0075,0.00696669,59.19,BTC-31MAR23-30000-C,23136.55,buy,1.5,,,,
3371,242854183,2023-02-24 17:44:36,1,0.0075,0.00711216,59.21,BTC-31MAR23-30000-C,23129.98,buy,1.5,,,,
3372,242854184,2023-02-24 17:44:36,1,0.0075,0.00711216,59.21,BTC-31MAR23-30000-C,23129.98,buy,6.0,,,,
3373,242854185,2023-02-24 17:44:36,1,0.0075,0.00711216,59.21,BTC-31MAR23-30000-C,23129.98,buy,2.5,,,,
3374,242854248,2023-02-24 17:45:49,2,0.007,0.0071597,58.18,BTC-31MAR23-30000-C,23134.73,sell,0.1,,,,
3375,242854249,2023-02-24 17:45:51,3,0.007,0.00715964,58.19,BTC-31MAR23-30000-C,23134.86,sell,0.2,,,,
3376,242854252,2023-02-24 17:45:56,3,0.007,0.00716041,58.19,BTC-31MAR23-30000-C,23133.85,sell,0.1,,,,
3377,242876822,2023-02-24 22:01:17,2,0.0065,0.00675893,57.44,BTC-31MAR23-30000-C,23096.22,sell,5.0,,,,
3378,242889693,2023-02-25 03:21:03,2,0.006,0.00629241,56.57,BTC-31MAR23-30000-C,23107.88,sell,0.1,,,,
3379,242889700,2023-02-25 03:21:15,3,0.006,0.00629078,56.58,BTC-31MAR23-30000-C,23106.39,sell,0.3,,,,
3380,242889868,2023-02-25 03:31:50,3,0.006,0.00622306,56.73,BTC-31MAR23-30000-C,23095.38,sell,2.6,,,,
3381,242889869,2023-02-25 03:31:50,3,0.006,0.00622306,56.73,BTC-31MAR23-30000-C,23095.38,sell,1.0,,,,
3382,242892907,2023-02-25 05:24:19,2,0.0055,0.0054671,55.92,BTC-31MAR23-30000-C,23061.63,sell,1.0,,,,
3383,242894763,2023-02-25 06:10:33,3,0.0055,0.00577943,55.88,BTC-31MAR23-30000-C,23079.93,sell,0.5,,,,
3384,242896261,2023-02-25 07:27:27,3,0.0055,0.00531582,55.71,BTC-31MAR23-30000-C,23094.11,buy,2.0,,,,
3385,242899707,2023-02-25 08:11:13,3,0.0055,0.00540772,55.63,BTC-31MAR23-30000-C,23118.36,buy,1.0,,,,
3386,242903931,2023-02-25 10:18:56,2,0.005,0.0052265,55.02,BTC-31MAR23-30000-C,23048.57,sell,0.1,,,,
3387,242904297,2023-02-25 10:28:22,3,0.005,0.00516472,55.22,BTC-31MAR23-30000-C,23014.7,sell,0.1,,,,
3388,242904298,2023-02-25 10:28:22,3,0.005,0.00516472,55.22,BTC-31MAR23-30000-C,23014.7,sell,0.1,,,,
3389,242907547,2023-02-25 11:17:19,0,0.0055,0.00523246,56.72,BTC-31MAR23-30000-C,22969.65,buy,0.5,,,,
3390,242910714,2023-02-25 12:44:18,1,0.0055,0.00500504,57.18,BTC-31MAR23-30000-C,22905.83,buy,1.0,,,,
3391,242910775,2023-02-25 12:45:20,1,0.0055,0.00501549,57.15,BTC-31MAR23-30000-C,22910.38,buy,2.0,,,,
3392,242913170,2023-02-25 13:33:27,1,0.0055,0.00532461,56.25,BTC-31MAR23-30000-C,23039.83,buy,0.7,,,,
3393,242913173,2023-02-25 13:33:40,1,0.0055,0.00532456,56.26,BTC-31MAR23-30000-C,23038.5,buy,1.0,,,,
3394,242913178,2023-02-25 13:33:56,1,0.0055,0.00532507,56.25,BTC-31MAR23-30000-C,23037.91,buy,5.0,,,,
3395,242915187,2023-02-25 15:10:48,1,0.0055,0.00544749,56.57,BTC-31MAR23-30000-C,23006.42,buy,1.4,,,,
3396,242934324,2023-02-26 02:09:21,1,0.0055,0.00548976,56.51,BTC-31MAR23-30000-C,23079.8,buy,55.7,,66147,,
3397,242940600,2023-02-26 07:01:21,1,0.0055,0.00548517,55.99,BTC-31MAR23-30000-C,23181.52,buy,0.5,,,,
3398,242946320,2023-02-26 09:49:08,0,0.0065,0.0060741,57.52,BTC-31MAR23-30000-C,23274.39,buy,0.2,,,,
3399,242955575,2023-02-26 16:22:04,2,0.006,0.00577266,56.93,BTC-31MAR23-30000-C,23251.75,buy,4.0,,,,
3400,242956461,2023-02-26 17:03:18,3,0.006,0.00549732,57.45,BTC-31MAR23-30000-C,23186.69,buy,10.0,,,,
3401,242956739,2023-02-26 17:14:09,3,0.006,0.0055013,57.54,BTC-31MAR23-30000-C,23172.31,buy,10.0,,,,
3402,242956744,2023-02-26 17:14:48,3,0.006,0.00551255,57.54,BTC-31MAR23-30000-C,23177.68,buy,5.0,,,,
3403,242957777,2023-02-26 17:59:47,3,0.006,0.0058265,57.11,BTC-31MAR23-30000-C,23230.41,buy,2.8,,,,
3404,242957778,2023-02-26 17:59:47,3,0.006,0.0058265,57.11,BTC-31MAR23-30000-C,23230.41,buy,43.0,,,,
3405,242957779,2023-02-26 17:59:47,3,0.006,0.0058265,57.11,BTC-31MAR23-30000-C,23230.41,buy,2.6,,,,
3406,242965557,2023-02-26 19:54:37,0,0.0065,0.0068511,56.09,BTC-31MAR23-30000-C,23533.65,sell,0.1,,,,
3407,242968842,2023-02-26 20:39:02,0,0.007,0.00716504,56.06,BTC-31MAR23-30000-C,23658.55,buy,0.1,,,,
3408,242968843,2023-02-26 20:39:04,1,0.007,0.00718651,56.02,BTC-31MAR23-30000-C,23665.24,buy,0.1,,,,
3409,242980762,2023-02-27 00:12:28,1,0.007,0.00669912,57.32,BTC-31MAR23-30000-C,23511.71,buy,7.0,,,,
3410,242980763,2023-02-27 00:12:28,1,0.007,0.00669912,57.32,BTC-31MAR23-30000-C,23511.71,buy,2.9,,,,
3411,242980764,2023-02-27 00:12:28,1,0.007,0.00669912,57.32,BTC-31MAR23-30000-C,23511.71,buy,0.1,,,,
3412,242981228,2023-02-27 00:30:02,2,0.0065,0.00665967,56.55,BTC-31MAR23-30000-C,23476.08,sell,11.9,,,,
3413,242982522,2023-02-27 01:06:19,2,0.006,0.00616064,55.59,BTC-31MAR23-30000-C,23465.02,sell,1.0,,,,
3414,242993171,2023-02-27 05:53:53,2,0.0055,0.00572272,55.13,BTC-31MAR23-30000-C,23402.08,sell,3.0,,,,
3415,242993172,2023-02-27 05:53:53,3,0.0055,0.00572272,55.13,BTC-31MAR23-30000-C,23402.08,sell,4.6,,,,
3416,242993173,2023-02-27 05:53:53,3,0.0055,0.00572272,55.13,BTC-31MAR23-30000-C,23402.08,sell,2.2,,,,
3417,242993174,2023-02-27 05:53:53,3,0.0055,0.00572272,55.13,BTC-31MAR23-30000-C,23402.08,sell,0.2,,,,
3418,242993377,2023-02-27 05:59:50,3,0.0055,0.00570078,55.24,BTC-31MAR23-30000-C,23388.63,sell,25.0,,,,
3419,242996128,2023-02-27 07:13:09,2,0.005,0.00547084,53.9,BTC-31MAR23-30000-C,23430.93,sell,0.1,,,,
3420,242996129,2023-02-27 07:13:09,3,0.005,0.00547084,53.9,BTC-31MAR23-30000-C,23430.93,sell,4.9,,,,
3421,242996523,2023-02-27 07:29:03,3,0.005,0.00531524,53.79,BTC-31MAR23-30000-C,23438.94,sell,0.1,,,,
3422,242996524,2023-02-27 07:29:03,3,0.005,0.00531524,53.79,BTC-31MAR23-30000-C,23438.94,sell,14.9,,,,
3423,243003501,2023-02-27 11:00:43,0,0.0055,0.00519825,55.56,BTC-31MAR23-30000-C,23375.91,buy,2.8,,,,
3424,243018326,2023-02-27 14:54:56,0,0.0065,0.00655635,54.89,BTC-31MAR23-30000-C,23782.95,buy,0.1,,,,
3425,243050081,2023-02-27 20:05:37,2,0.0055,0.0052908,57.55,BTC-31MAR23-30000-C,23168.63,sell,1.0,,,,
3426,243050338,2023-02-27 20:05:41,3,0.0055,0.00522416,57.71,BTC-31MAR23-30000-C,23151.33,buy,0.1,,,,
3427,243050340,2023-02-27 20:05:41,3,0.0055,0.00522416,57.71,BTC-31MAR23-30000-C,23151.33,buy,0.1,,,,
3428,243069748,2023-02-28 03:19:24,3,0.0055,0.00555406,55.34,BTC-31MAR23-30000-C,23498.39,buy,0.1,,,,
3429,243069862,2023-02-28 03:23:07,0,0.0064,0.0054715,57.5,BTC-31MAR23-30000-C,23478.52,buy,100.0,BTC-CSR12-31MAR23-30000_35000,66250,,
3430,243069950,2023-02-28 03:27:39,2,0.0055,0.0054957,55.47,BTC-31MAR23-30000-C,23481.48,buy,100.0,BTC-CSR12-31MAR23-30000_35000,66251,,
3431,243072669,2023-02-28 04:57:16,3,0.0055,0.00530838,56.06,BTC-31MAR23-30000-C,23413.88,buy,20.0,BTC-CS-31MAR23-26000_30000,66256,,
3432,243073530,2023-02-28 05:31:10,2,0.005,0.00540843,54.85,BTC-31MAR23-30000-C,23413.37,sell,0.5,,,,
3433,243090592,2023-02-28 13:04:11,0,0.0055,0.00512687,56.31,BTC-31MAR23-30000-C,23419.94,buy,2.9,,,,
3434,243090593,2023-02-28 13:04:11,1,0.0055,0.00512687,56.31,BTC-31MAR23-30000-C,23419.94,buy,7.1,,,,
3435,243102619,2023-02-28 16:01:29,1,0.0055,0.00531936,55.41,BTC-31MAR23-30000-C,23554.99,buy,2.0,,,,
3436,243108358,2023-02-28 18:26:36,2,0.005,0.00526729,54.66,BTC-31MAR23-30000-C,23495.76,sell,1.0,,,,
3437,243108359,2023-02-28 18:26:36,3,0.005,0.00526729,54.66,BTC-31MAR23-30000-C,23495.76,sell,1.0,,,,
3438,243109256,2023-02-28 19:11:21,2,0.0045,0.0047057,53.81,BTC-31MAR23-30000-C,23455.23,sell,4.4,,,,
3439,243109257,2023-02-28 19:11:21,3,0.0045,0.0047057,53.81,BTC-31MAR23-30000-C,23455.23,sell,0.1,,,,
3440,243109258,2023-02-28 19:11:21,3,0.0045,0.0047057,53.81,BTC-31MAR23-30000-C,23455.23,sell,8.0,,,,
3441,243109259,2023-02-28 19:11:21,3,0.0045,0.0047057,53.81,BTC-31MAR23-30000-C,23455.23,sell,7.5,,,,
3442,243125997,2023-02-28 23:10:08,3,0.0045,0.00430245,56.16,BTC-31MAR23-30000-C,23161.59,sell,2.2,,,,
3443,243130085,2023-03-01 00:30:47,3,0.0045,0.00436518,56.1,BTC-31MAR23-30000-C,23180.61,buy,0.1,,,,
3444,243148271,2023-03-01 05:21:10,0,0.006,0.00583606,55.95,BTC-31MAR23-30000-C,23695.92,sell,0.4,,,,
3445,243149530,2023-03-01 05:36:49,1,0.006,0.00587981,55.93,BTC-31MAR23-30000-C,23695.34,buy,5.0,,,,
3446,243150547,2023-03-01 05:59:54,1,0.006,0.00625975,55.99,BTC-31MAR23-30000-C,23693.54,sell,1.0,,,,
3447,243150923,2023-03-01 06:12:35,0,0.0065,0.00633756,56.9,BTC-31MAR23-30000-C,23715.71,buy,16.7,,,,
3448,243151753,2023-03-01 06:28:39,0,0.007,0.0065423,57.86,BTC-31MAR23-30000-C,23728.73,buy,0.2,,,,
3449,243151754,2023-03-01 06:28:39,1,0.007,0.0065423,57.86,BTC-31MAR23-30000-C,23728.73,buy,3.1,,,,
3450,243151755,2023-03-01 06:28:39,1,0.007,0.0065423,57.86,BTC-31MAR23-30000-C,23728.73,buy,1.4,,,,
3451,243151757,2023-03-01 06:28:39,1,0.007,0.0065423,57.85,BTC-31MAR23-30000-C,23728.34,buy,2.9,,,,
3452,243151760,2023-03-01 06:28:40,1,0.007,0.00654335,57.85,BTC-31MAR23-30000-C,23728.34,buy,6.2,,,,
3453,243151761,2023-03-01 06:28:40,1,0.007,0.00654335,57.86,BTC-31MAR23-30000-C,23728.34,buy,7.8,,,,
3454,243151762,2023-03-01 06:28:40,1,0.007,0.00654335,57.86,BTC-31MAR23-30000-C,23728.34,buy,7.1,,,,
3455,243153951,2023-03-01 07:01:01,0,0.0075,0.00740302,58.55,BTC-31MAR23-30000-C,23759.06,buy,0.2,,,,
3456,243155556,2023-03-01 07:18:37,0,0.008,0.00801891,59.82,BTC-31MAR23-30000-C,23720.65,sell,5.0,,,,
3457,243155557,2023-03-01 07:18:37,1,0.008,0.00801891,59.82,BTC-31MAR23-30000-C,23720.65,sell,4.0,,,,
3458,243155558,2023-03-01 07:18:38,0,0.0085,0.00801891,60.76,BTC-31MAR23-30000-C,23720.65,buy,0.2,,,,
3459,243155559,2023-03-01 07:18:38,1,0.0085,0.00801891,60.76,BTC-31MAR23-30000-C,23720.65,buy,2.7,,,,
3460,243155633,2023-03-01 07:20:24,2,0.008,0.00806533,59.81,BTC-31MAR23-30000-C,23722.22,sell,7.5,,,,
3461,243155634,2023-03-01 07:20:24,3,0.008,0.00806533,59.81,BTC-31MAR23-30000-C,23722.22,sell,4.0,,,,
3462,243155635,2023-03-01 07:20:24,3,0.008,0.00806533,59.81,BTC-31MAR23-30000-C,23722.22,buy,0.5,,,,
3463,243155636,2023-03-01 07:20:24,0,0.0085,0.00806533,60.76,BTC-31MAR23-30000-C,23722.22,buy,3.8,,,,
3464,243157330,2023-03-01 07:52:02,2,0.008,0.00820828,59.95,BTC-31MAR23-30000-C,23715.01,sell,5.2,,,,
3465,243157332,2023-03-01 07:52:03,0,0.0085,0.00820828,60.89,BTC-31MAR23-30000-C,23715.01,buy,5.1,,,,
3466,243157461,2023-03-01 07:55:01,2,0.008,0.00823959,59.89,BTC-31MAR23-30000-C,23717.74,sell,5.2,,,,
3467,243157488,2023-03-01 07:55:02,0,0.0085,0.00823959,60.84,BTC-31MAR23-30000-C,23714.86,buy,3.6,,,,
3468,243157489,2023-03-01 07:55:02,1,0.0085,0.00823959,60.84,BTC-31MAR23-30000-C,23714.86,buy,0.1,,,,
3469,243157490,2023-03-01 07:55:02,1,0.0085,0.00823959,60.84,BTC-31MAR23-30000-C,23714.86,buy,7.9,,,,
3470,243159938,2023-03-01 08:11:59,2,0.008,0.00833702,59.56,BTC-31MAR23-30000-C,23754.32,sell,4.8,,,,
3471,243159939,2023-03-01 08:11:59,3,0.008,0.00833702,59.56,BTC-31MAR23-30000-C,23754.32,sell,3.7,,,,
3472,243159940,2023-03-01 08:11:59,3,0.008,0.00833702,59.56,BTC-31MAR23-30000-C,23754.32,sell,1.5,,,,
3473,243160631,2023-03-01 08:16:00,0,0.0085,0.00831223,60.31,BTC-31MAR23-30000-C,23776.34,buy,1.0,,,,
3474,243160635,2023-03-01 08:16:03,1,0.0085,0.00831023,60.32,BTC-31MAR23-30000-C,23775.88,buy,1.0,,,,
3475,243162218,2023-03-01 08:36:43,2,0.0075,0.00808385,58.66,BTC-31MAR23-30000-C,23754.52,sell,0.2,,,,
3476,243162281,2023-03-01 08:37:53,0,0.008,0.00808856,59.59,BTC-31MAR23-30000-C,23757.94,buy,0.2,,,,
3477,243164380,2023-03-01 08:54:50,0,0.0085,0.00885131,58.87,BTC-31MAR23-30000-C,23955.84,buy,0.2,,,,
3478,243172242,2023-03-01 10:29:51,2,0.0075,0.00802092,58.96,BTC-31MAR23-30000-C,23729.56,sell,6.0,,,,
3479,243174515,2023-03-01 12:00:19,3,0.0075,0.007809,58.89,BTC-31MAR23-30000-C,23740.28,sell,0.1,,,,
3480,243174824,2023-03-01 12:11:24,3,0.0075,0.00769009,59.05,BTC-31MAR23-30000-C,23724.55,sell,4.1,,,,
3481,243180755,2023-03-01 14:37:39,2,0.007,0.00705887,58.85,BTC-31MAR23-30000-C,23672.25,sell,0.5,,,,
3482,243180756,2023-03-01 14:37:39,3,0.007,0.00705887,58.85,BTC-31MAR23-30000-C,23672.25,sell,0.5,,,,
3483,243187812,2023-03-01 15:08:08,2,0.0065,0.00654357,58.13,BTC-31MAR23-30000-C,23597.24,buy,1.0,,,,
3484,243197715,2023-03-01 17:43:51,0,0.0075,0.00730841,59.25,BTC-31MAR23-30000-C,23731.01,buy,0.1,,,,
3485,243197716,2023-03-01 17:43:51,1,0.0075,0.00730841,59.25,BTC-31MAR23-30000-C,23731.01,buy,4.0,,,,
3486,243197717,2023-03-01 17:43:51,1,0.0075,0.00730841,59.25,BTC-31MAR23-30000-C,23731.01,sell,2.0,,,,
3487,243197727,2023-03-01 17:43:58,1,0.0075,0.00733878,59.25,BTC-31MAR23-30000-C,23732.06,sell,5.2,,,,
3488,243199251,2023-03-01 18:25:13,1,0.0075,0.00769562,59.56,BTC-31MAR23-30000-C,23700.6,sell,0.2,,,,
3489,243209727,2023-03-01 20:26:01,2,0.006,0.00653298,58.66,BTC-31MAR23-30000-C,23419.24,sell,0.5,,,,
3490,243219259,2023-03-01 23:34:01,0,0.007,0.00687193,59.58,BTC-31MAR23-30000-C,23596.89,buy,6.0,,,,
3491,243232500,2023-03-02 04:36:59,2,0.0065,0.00683291,59.28,BTC-31MAR23-30000-C,23516.39,sell,0.5,,,,
3492,243235583,2023-03-02 05:57:35,3,0.0065,0.00670968,59.96,BTC-31MAR23-30000-C,23441.39,sell,2.8,,,,
3493,243243934,2023-03-02 08:33:06,3,0.0065,0.00668026,60.58,BTC-31MAR23-30000-C,23380.23,sell,1.0,,,,
3494,243246110,2023-03-02 09:16:51,3,0.0065,0.00673195,60.14,BTC-31MAR23-30000-C,23443.49,sell,2.5,,,,
3495,243247609,2023-03-02 10:11:01,3,0.0065,0.006341,60.83,BTC-31MAR23-30000-C,23366.74,buy,7.2,,,,
3496,243248108,2023-03-02 10:26:55,3,0.0065,0.00645651,60.64,BTC-31MAR23-30000-C,23392.93,buy,5.0,,,,
3497,243248780,2023-03-02 10:46:44,3,0.0065,0.00647311,60.69,BTC-31MAR23-30000-C,23386.05,sell,0.1,,,,
3498,243248781,2023-03-02 10:46:44,3,0.0065,0.00647311,60.69,BTC-31MAR23-30000-C,23386.05,sell,0.1,,,,
3499,243249364,2023-03-02 10:55:20,3,0.0065,0.00641911,60.98,BTC-31MAR23-30000-C,23361.18,buy,3.2,,,,
3500,243249365,2023-03-02 10:55:20,3,0.0065,0.00641911,60.98,BTC-31MAR23-30000-C,23361.18,buy,0.7,,,,
3501,243250405,2023-03-02 11:38:48,3,0.0065,0.00631106,60.59,BTC-31MAR23-30000-C,23408.83,buy,3.2,,,,
3502,243255681,2023-03-02 13:38:32,2,0.006,0.00603333,59.79,BTC-31MAR23-30000-C,23380.64,buy,0.1,,,,
3503,243273550,2023-03-02 18:36:18,2,0.0055,0.00548455,58.85,BTC-31MAR23-30000-C,23386.34,buy,0.1,,,,
3504,243273551,2023-03-02 18:36:18,3,0.0055,0.00548455,58.81,BTC-31MAR23-30000-C,23392.21,buy,0.1,,,,
3505,243274823,2023-03-02 18:53:31,3,0.0055,0.00533591,58.55,BTC-31MAR23-30000-C,23422.54,buy,0.1,,,,
3506,243275119,2023-03-02 18:58:30,3,0.0055,0.00533592,58.46,BTC-31MAR23-30000-C,23438.96,buy,4.7,,,,
3507,243305516,2023-03-03 01:31:18,2,0.004,0.00382345,60.72,BTC-31MAR23-30000-C,22644.17,sell,0.3,,,,
3508,243325386,2023-03-03 01:42:27,3,0.004,0.00369088,63.69,BTC-31MAR23-30000-C,22242.19,sell,3.8,,,,
3509,243325402,2023-03-03 01:42:28,3,0.004,0.00370989,63.68,BTC-31MAR23-30000-C,22235.1,sell,0.1,,,,
3510,243325403,2023-03-03 01:42:28,3,0.004,0.00370989,63.68,BTC-31MAR23-30000-C,22235.1,sell,0.1,,,,
3511,243325404,2023-03-03 01:42:28,3,0.004,0.00370989,63.73,BTC-31MAR23-30000-C,22235.1,sell,0.1,,,,
3512,243325405,2023-03-03 01:42:28,3,0.004,0.00370989,63.73,BTC-31MAR23-30000-C,22235.1,sell,0.1,,,,
3513,243325406,2023-03-03 01:42:28,3,0.004,0.00370989,63.73,BTC-31MAR23-30000-C,22235.1,sell,0.1,,,,
3514,243325410,2023-03-03 01:42:28,3,0.004,0.00370989,63.73,BTC-31MAR23-30000-C,22235.1,sell,0.1,,,,
3515,243325411,2023-03-03 01:42:28,3,0.004,0.00370989,63.73,BTC-31MAR23-30000-C,22235.1,sell,0.1,,,,
3516,243325425,2023-03-03 01:42:28,3,0.004,0.00370989,63.73,BTC-31MAR23-30000-C,22235.1,sell,0.1,,,,
3517,243325464,2023-03-03 01:42:29,3,0.004,0.00371655,63.74,BTC-31MAR23-30000-C,22230.83,sell,0.2,,,,
3518,243325465,2023-03-03 01:42:29,3,0.004,0.00371655,63.74,BTC-31MAR23-30000-C,22230.83,sell,0.1,,,,
3519,243325468,2023-03-03 01:42:29,3,0.004,0.00371655,63.74,BTC-31MAR23-30000-C,22230.83,sell,0.2,,,,
3520,243325469,2023-03-03 01:42:29,3,0.004,0.00371655,63.74,BTC-31MAR23-30000-C,22230.83,sell,0.1,,,,
3521,243325470,2023-03-03 01:42:30,3,0.004,0.00371655,63.74,BTC-31MAR23-30000-C,22230.83,sell,0.1,,,,
3522,243325475,2023-03-03 01:42:30,3,0.004,0.00371655,63.74,BTC-31MAR23-30000-C,22230.83,sell,0.7,,,,
3523,243325477,2023-03-03 01:42:30,3,0.004,0.00371655,63.74,BTC-31MAR23-30000-C,22230.83,sell,0.3,,,,
3524,243325480,2023-03-03 01:42:30,3,0.004,0.00372327,63.75,BTC-31MAR23-30000-C,22229.08,sell,0.1,,,,
3525,243327282,2023-03-03 01:46:57,3,0.004,0.00417592,63.01,BTC-31MAR23-30000-C,22312.31,sell,0.5,,,,
3526,243327283,2023-03-03 01:46:57,3,0.004,0.00417592,63.01,BTC-31MAR23-30000-C,22312.31,sell,0.4,,,,
3527,243327289,2023-03-03 01:46:59,3,0.004,0.00413948,63.06,BTC-31MAR23-30000-C,22312.83,sell,0.2,,,,
3528,243330941,2023-03-03 01:56:49,3,0.004,0.00408129,63.4,BTC-31MAR23-30000-C,22269.94,sell,0.1,,,,
3529,243330943,2023-03-03 01:56:49,3,0.004,0.00408129,63.4,BTC-31MAR23-30000-C,22269.94,sell,0.1,,,,
3530,243330948,2023-03-03 01:56:49,3,0.004,0.00408129,63.46,BTC-31MAR23-30000-C,22264.97,sell,0.1,,,,
3531,243330951,2023-03-03 01:56:49,3,0.004,0.00408129,63.46,BTC-31MAR23-30000-C,22264.97,sell,0.1,,,,
3532,243330955,2023-03-03 01:56:50,3,0.004,0.00406163,63.46,BTC-31MAR23-30000-C,22264.97,sell,0.1,,,,
3533,243330956,2023-03-03 01:56:50,3,0.004,0.00406163,63.46,BTC-31MAR23-30000-C,22264.97,sell,0.1,,,,
3534,243330957,2023-03-03 01:56:50,3,0.004,0.00406163,63.46,BTC-31MAR23-30000-C,22264.97,sell,0.1,,,,
3535,243330960,2023-03-03 01:56:50,3,0.004,0.00406163,63.55,BTC-31MAR23-30000-C,22257.98,sell,0.1,,,,
3536,243330968,2023-03-03 01:56:50,3,0.004,0.00406163,63.55,BTC-31MAR23-30000-C,22257.98,sell,0.1,,,,
3537,243330972,2023-03-03 01:56:50,3,0.004,0.00406163,63.55,BTC-31MAR23-30000-C,22257.98,sell,0.1,,,,
3538,243330973,2023-03-03 01:56:50,3,0.004,0.00406163,63.55,BTC-31MAR23-30000-C,22257.98,sell,0.2,,,,
3539,243331144,2023-03-03 01:56:58,3,0.004,0.00406938,63.63,BTC-31MAR23-30000-C,22249.43,sell,1.7,,,,
3540,243331169,2023-03-03 01:57:00,3,0.004,0.00401141,63.6,BTC-31MAR23-30000-C,22254.02,sell,0.1,,,,
3541,243331182,2023-03-03 01:57:01,3,0.004,0.0040226,63.6,BTC-31MAR23-30000-C,22246.76,sell,0.1,,,,
3542,243331184,2023-03-03 01:57:01,3,0.004,0.0040226,63.6,BTC-31MAR23-30000-C,22246.76,sell,0.2,,,,
3543,243331217,2023-03-03 01:57:02,3,0.004,0.00402328,63.6,BTC-31MAR23-30000-C,22246.76,sell,0.1,,,,
3544,243331326,2023-03-03 01:57:02,3,0.004,0.00402328,63.6,BTC-31MAR23-30000-C,22246.76,sell,0.2,,,,
3545,243331328,2023-03-03 01:57:02,3,0.004,0.00402328,63.6,BTC-31MAR23-30000-C,22246.76,sell,0.1,,,,
3546,243331348,2023-03-03 01:57:02,3,0.004,0.00402328,63.6,BTC-31MAR23-30000-C,22246.76,sell,0.2,,,,
3547,243331352,2023-03-03 01:57:02,3,0.004,0.00402328,63.6,BTC-31MAR23-30000-C,22246.76,sell,0.3,,,,
3548,243331369,2023-03-03 01:57:02,3,0.004,0.00402328,63.65,BTC-31MAR23-30000-C,22218.14,sell,0.1,,,,
3549,243331370,2023-03-03 01:57:02,3,0.004,0.00402328,63.65,BTC-31MAR23-30000-C,22218.14,sell,0.2,,,,
3550,243331371,2023-03-03 01:57:02,3,0.004,0.00402328,63.65,BTC-31MAR23-30000-C,22218.14,sell,0.2,,,,
3551,243335172,2023-03-03 01:59:56,3,0.004,0.0041943,64.17,BTC-31MAR23-30000-C,22177.53,sell,0.1,,,,
3552,243335177,2023-03-03 01:59:56,3,0.004,0.0041943,64.17,BTC-31MAR23-30000-C,22177.53,sell,0.1,,,,
3553,243335191,2023-03-03 01:59:57,3,0.004,0.0041943,64.21,BTC-31MAR23-30000-C,22173.99,sell,0.1,,,,
3554,243335192,2023-03-03 01:59:57,3,0.004,0.0041943,64.21,BTC-31MAR23-30000-C,22173.99,sell,0.1,,,,
3555,243335195,2023-03-03 01:59:57,3,0.004,0.00418427,64.21,BTC-31MAR23-30000-C,22173.99,sell,0.2,,,,
3556,243335304,2023-03-03 02:00:03,3,0.004,0.00412339,64.4,BTC-31MAR23-30000-C,22156.29,sell,1.0,,,,
3557,243335331,2023-03-03 02:00:05,3,0.004,0.00413446,64.37,BTC-31MAR23-30000-C,22148.23,sell,1.0,,,,
3558,243335374,2023-03-03 02:00:06,3,0.004,0.0041171,64.42,BTC-31MAR23-30000-C,22147.08,sell,1.0,,,,
3559,243335383,2023-03-03 02:00:08,3,0.004,0.00411507,64.48,BTC-31MAR23-30000-C,22132.45,sell,0.1,,,,
3560,243335389,2023-03-03 02:00:08,3,0.004,0.00409962,64.48,BTC-31MAR23-30000-C,22132.45,sell,0.1,,,,
3561,243335397,2023-03-03 02:00:08,3,0.004,0.00409962,64.48,BTC-31MAR23-30000-C,22132.45,sell,1.0,,,,
3562,243335467,2023-03-03 02:00:10,3,0.004,0.00408475,64.5,BTC-31MAR23-30000-C,22140.64,sell,1.0,,,,
3563,243335652,2023-03-03 02:00:20,3,0.004,0.00405609,64.63,BTC-31MAR23-30000-C,22119.24,sell,0.1,,,,
3564,243335657,2023-03-03 02:00:20,3,0.004,0.00405609,64.63,BTC-31MAR23-30000-C,22119.24,sell,0.4,,,,
3565,243337672,2023-03-03 02:06:42,3,0.004,0.00429988,63.42,BTC-31MAR23-30000-C,22279.79,sell,0.1,,,,
3566,243338007,2023-03-03 02:07:17,3,0.004,0.00434153,63.21,BTC-31MAR23-30000-C,22309.34,sell,0.1,,,,
3567,243345216,2023-03-03 02:38:36,3,0.004,0.00386009,62.76,BTC-31MAR23-30000-C,22375.33,buy,2.5,,,,
3568,243345217,2023-03-03 02:38:36,3,0.004,0.00386009,62.76,BTC-31MAR23-30000-C,22375.33,buy,3.6,,,,
3569,243345218,2023-03-03 02:38:36,3,0.004,0.00386009,62.76,BTC-31MAR23-30000-C,22375.33,buy,8.0,,,,
3570,243345219,2023-03-03 02:38:36,3,0.004,0.00386009,62.76,BTC-31MAR23-30000-C,22375.33,buy,0.9,,,,
3571,243347132,2023-03-03 02:58:30,2,0.0035,0.00376808,61.25,BTC-31MAR23-30000-C,22359.5,sell,0.1,,,,
3572,243347133,2023-03-03 02:58:30,3,0.0035,0.00376823,61.25,BTC-31MAR23-30000-C,22359.52,sell,0.1,,,,
3573,243347329,2023-03-03 03:00:20,3,0.0035,0.00374057,61.32,BTC-31MAR23-30000-C,22350.86,sell,0.7,,,,
3574,243347330,2023-03-03 03:00:23,3,0.0035,0.00374003,61.32,BTC-31MAR23-30000-C,22351.16,sell,0.1,,,,
3575,243347331,2023-03-03 03:00:26,3,0.0035,0.00374032,61.32,BTC-31MAR23-30000-C,22350.76,sell,0.2,,,,
3576,243350189,2023-03-03 03:41:07,3,0.0035,0.00371326,61.39,BTC-31MAR23-30000-C,22349.56,sell,0.1,,,,
3577,243350190,2023-03-03 03:41:07,3,0.0035,0.00371326,61.39,BTC-31MAR23-30000-C,22349.56,sell,0.2,,,,
3578,243350699,2023-03-03 03:52:12,3,0.0035,0.00367801,61.55,BTC-31MAR23-30000-C,22329.99,sell,0.1,,,,
3579,243350717,2023-03-03 03:52:33,3,0.0035,0.0036977,61.5,BTC-31MAR23-30000-C,22336.82,sell,0.1,,,,
3580,243350718,2023-03-03 03:52:34,3,0.0035,0.0036977,61.5,BTC-31MAR23-30000-C,22336.82,sell,0.1,,,,
3581,243350720,2023-03-03 03:52:34,3,0.0035,0.0036977,61.5,BTC-31MAR23-30000-C,22336.82,sell,0.1,,,,
3582,243350769,2023-03-03 03:53:05,3,0.0035,0.0036887,61.54,BTC-31MAR23-30000-C,22330.31,sell,0.1,,,,
3583,243350775,2023-03-03 03:53:05,3,0.0035,0.0036887,61.54,BTC-31MAR23-30000-C,22330.31,sell,0.2,,,,
3584,243350849,2023-03-03 03:53:21,3,0.0035,0.00366669,61.62,BTC-31MAR23-30000-C,22319.72,sell,0.1,,,,
3585,243356023,2023-03-03 05:17:31,3,0.0035,0.00323295,61.3,BTC-31MAR23-30000-C,22375.66,buy,3.3,,,,
3586,243356024,2023-03-03 05:17:31,3,0.0035,0.00323298,61.3,BTC-31MAR23-30000-C,22375.66,sell,1.7,,,,
3587,243357770,2023-03-03 06:07:01,2,0.003,0.00348508,59.72,BTC-31MAR23-30000-C,22363.6,sell,0.2,,,,
3588,243357771,2023-03-03 06:07:01,3,0.003,0.00348508,59.72,BTC-31MAR23-30000-C,22363.6,sell,32.0,,,,
3589,243357772,2023-03-03 06:07:01,3,0.003,0.00348508,59.72,BTC-31MAR23-30000-C,22363.6,sell,4.5,,,,
3590,243357773,2023-03-03 06:07:01,3,0.003,0.00348508,59.72,BTC-31MAR23-30000-C,22363.6,sell,4.5,,,,
3591,243357774,2023-03-03 06:07:01,3,0.003,0.00348508,59.72,BTC-31MAR23-30000-C,22363.6,sell,20.0,,,,
3592,243357775,2023-03-03 06:07:01,3,0.003,0.00348508,59.72,BTC-31MAR23-30000-C,22363.6,sell,8.7,,,,
3593,243357776,2023-03-03 06:07:01,3,0.003,0.00348508,59.72,BTC-31MAR23-30000-C,22363.6,sell,30.1,,,,
3594,243367112,2023-03-03 08:00:23,0,0.0035,0.00321523,61.66,BTC-31MAR23-30000-C,22367.22,buy,3.8,,,,
3595,243367113,2023-03-03 08:00:23,1,0.0035,0.00321523,61.66,BTC-31MAR23-30000-C,22367.22,buy,6.0,,,,
3596,243367114,2023-03-03 08:00:23,1,0.0035,0.00321523,61.66,BTC-31MAR23-30000-C,22367.22,buy,3.3,,,,
3597,243367115,2023-03-03 08:00:23,1,0.0035,0.00321523,61.66,BTC-31MAR23-30000-C,22367.22,buy,16.6,,,,
3598,243367116,2023-03-03 08:00:23,1,0.0035,0.00321523,61.66,BTC-31MAR23-30000-C,22367.22,sell,16.4,,,,
3599,243367117,2023-03-03 08:00:23,1,0.0035,0.00321523,61.66,BTC-31MAR23-30000-C,22367.22,sell,3.9,,,,
3600,243368262,2023-03-03 08:04:32,1,0.0035,0.003263,61.51,BTC-31MAR23-30000-C,22379.4,buy,0.1,,,,
3601,243371065,2023-03-03 08:25:16,2,0.003,0.00328607,59.53,BTC-31MAR23-30000-C,22381.26,sell,30.0,,,,
3602,243371066,2023-03-03 08:25:16,3,0.003,0.00328607,59.53,BTC-31MAR23-30000-C,22381.26,sell,70.0,,,,
3603,243379576,2023-03-03 11:19:31,3,0.003,0.00322145,60.05,BTC-31MAR23-30000-C,22336.99,sell,0.2,,,,
3604,243379577,2023-03-03 11:19:31,3,0.003,0.00322145,60.05,BTC-31MAR23-30000-C,22336.99,sell,0.5,,,,
3605,243379578,2023-03-03 11:19:31,3,0.003,0.00322145,60.05,BTC-31MAR23-30000-C,22336.99,sell,0.3,,,,
3606,243381752,2023-03-03 12:20:49,3,0.003,0.00322515,60.01,BTC-31MAR23-30000-C,22346.36,sell,12.0,,,,
3607,243383194,2023-03-03 12:57:04,0,0.0035,0.00323005,61.87,BTC-31MAR23-30000-C,22342.0,buy,0.2,,,,
3608,243387064,2023-03-03 13:46:30,2,0.003,0.0030506,61.05,BTC-31MAR23-30000-C,22214.01,sell,7.2,,,,
3609,243387088,2023-03-03 13:46:31,3,0.003,0.0030506,61.05,BTC-31MAR23-30000-C,22214.01,sell,0.1,,,,
3610,243388311,2023-03-03 13:48:37,0,0.0035,0.00335844,61.69,BTC-31MAR23-30000-C,22354.94,buy,27.0,,,,
3611,243388312,2023-03-03 13:48:37,1,0.0035,0.00335844,61.69,BTC-31MAR23-30000-C,22354.94,buy,8.4,,,,
3612,243394483,2023-03-03 15:02:09,2,0.003,0.00293602,60.42,BTC-31MAR23-30000-C,22319.25,sell,0.1,,,,
3613,243397328,2023-03-03 15:22:01,0,0.0035,0.00296358,61.94,BTC-31MAR23-30000-C,22356.99,buy,1.0,,,,
3614,243397553,2023-03-03 15:27:01,2,0.0025,0.00298589,58.06,BTC-31MAR23-30000-C,22367.55,sell,0.3,,,,
3615,243425421,2023-03-04 03:37:16,0,0.0035,0.00329857,62.55,BTC-31MAR23-30000-C,22352.5,buy,1.0,,,,
3616,243433878,2023-03-04 08:51:45,2,0.003,0.00296939,61.07,BTC-31MAR23-30000-C,22342.66,sell,1.0,,,,
3617,243436943,2023-03-04 12:37:43,3,0.003,0.00305938,61.12,BTC-31MAR23-30000-C,22353.56,sell,1.0,,,,
3618,243444504,2023-03-04 21:00:52,3,0.003,0.00276848,62.34,BTC-31MAR23-30000-C,22247.07,buy,1.0,,,,
3619,243444505,2023-03-04 21:00:53,3,0.003,0.00276815,62.34,BTC-31MAR23-30000-C,22246.9,buy,1.0,,,,
3620,243444506,2023-03-04 21:00:55,3,0.003,0.00276773,62.34,BTC-31MAR23-30000-C,22246.95,buy,1.0,,,,
3621,243444507,2023-03-04 21:00:56,3,0.003,0.00276777,62.34,BTC-31MAR23-30000-C,22246.12,buy,1.0,,,,
3622,243444508,2023-03-04 21:00:58,3,0.003,0.00276632,62.35,BTC-31MAR23-30000-C,22246.28,buy,1.0,,,,
3623,243444509,2023-03-04 21:00:59,3,0.003,0.00276662,62.35,BTC-31MAR23-30000-C,22245.47,buy,1.0,,,,
3624,243444511,2023-03-04 21:01:00,3,0.003,0.00276527,62.35,BTC-31MAR23-30000-C,22244.8,buy,1.0,,,,
3625,243444512,2023-03-04 21:01:01,3,0.003,0.00276393,62.37,BTC-31MAR23-30000-C,22242.47,buy,1.0,,,,
3626,243444513,2023-03-04 21:01:03,3,0.003,0.00275964,62.37,BTC-31MAR23-30000-C,22242.33,buy,1.0,,,,
3627,243444514,2023-03-04 21:01:04,3,0.003,0.00275922,62.38,BTC-31MAR23-30000-C,22242.67,buy,1.0,,,,
3628,243444663,2023-03-04 21:09:08,3,0.003,0.00272468,62.54,BTC-31MAR23-30000-C,22224.82,buy,1.0,,,,
3629,243444664,2023-03-04 21:09:10,3,0.003,0.00272355,62.54,BTC-31MAR23-30000-C,22224.73,buy,1.0,,,,
3630,243444665,2023-03-04 21:09:11,3,0.003,0.00272344,62.55,BTC-31MAR23-30000-C,22224.9,buy,1.0,,,,
3631,243444666,2023-03-04 21:09:12,3,0.003,0.0027235,62.55,BTC-31MAR23-30000-C,22224.98,buy,1.0,,,,
3632,243444946,2023-03-04 21:14:41,3,0.003,0.00272469,62.64,BTC-31MAR23-30000-C,22211.53,buy,1.0,,,,
3633,243444949,2023-03-04 21:14:43,3,0.003,0.00272564,62.66,BTC-31MAR23-30000-C,22209.3,buy,1.0,,,,
3634,243444963,2023-03-04 21:14:58,3,0.003,0.0027354,62.61,BTC-31MAR23-30000-C,22215.72,buy,1.0,,,,
3635,243444964,2023-03-04 21:14:59,3,0.003,0.00273601,62.6,BTC-31MAR23-30000-C,22216.38,buy,1.0,,,,
3636,243448146,2023-03-04 23:02:48,3,0.003,0.00274958,61.94,BTC-31MAR23-30000-C,22314.34,buy,3.0,,,,
3637,243455257,2023-03-05 01:30:49,0,0.0035,0.00323615,61.96,BTC-31MAR23-30000-C,22575.02,buy,3.0,,,,
3638,243455396,2023-03-05 01:32:06,1,0.0035,0.00331273,61.66,BTC-31MAR23-30000-C,22604.53,buy,2.0,,,,
3639,243475974,2023-03-05 14:16:12,2,0.0025,0.00274849,59.65,BTC-31MAR23-30000-C,22454.84,sell,0.5,,,,
3640,243475975,2023-03-05 14:16:12,3,0.0025,0.00274849,59.65,BTC-31MAR23-30000-C,22454.84,sell,0.1,,,,
3641,243481105,2023-03-05 19:39:24,0,0.003,0.00263873,62.44,BTC-31MAR23-30000-C,22399.77,buy,0.9,,,,
3642,243481339,2023-03-05 19:56:24,1,0.003,0.00272777,62.4,BTC-31MAR23-30000-C,22401.06,buy,0.4,,,,
3643,243492030,2023-03-06 00:55:13,2,0.0025,0.00272366,60.31,BTC-31MAR23-30000-C,22447.5,sell,0.1,,,,
3644,243514118,2023-03-06 13:18:26,3,0.0025,0.00274177,61.24,BTC-31MAR23-30000-C,22397.21,sell,0.1,,,,
3645,243525754,2023-03-06 16:34:36,3,0.0025,0.0026745,60.83,BTC-31MAR23-30000-C,22475.42,sell,0.3,,,,
3646,243527924,2023-03-06 17:34:32,3,0.0025,0.00273755,60.66,BTC-31MAR23-30000-C,22509.45,sell,0.7,,,,
3647,243535939,2023-03-06 20:10:36,2,0.0021,0.00225381,59.72,BTC-31MAR23-30000-C,22407.82,sell,45.0,BTC-CS-31MAR23-25000_30000,66773,,
3648,243539053,2023-03-06 21:11:26,0,0.0025,0.00229684,62.01,BTC-31MAR23-30000-C,22362.73,buy,1.0,,,,
3649,243539054,2023-03-06 21:11:34,1,0.0025,0.00229603,62.01,BTC-31MAR23-30000-C,22362.85,buy,1.0,,,,
3650,243539064,2023-03-06 21:12:48,1,0.0025,0.00228908,62.0,BTC-31MAR23-30000-C,22366.27,buy,0.9,,,,
3651,243546058,2023-03-07 01:11:06,1,0.0025,0.00226757,61.63,BTC-31MAR23-30000-C,22431.1,buy,1.0,,,,
3652,243547926,2023-03-07 01:46:55,1,0.0025,0.00223411,61.54,BTC-31MAR23-30000-C,22450.79,buy,2.0,,,,
3653,243562680,2023-03-07 09:48:01,2,0.002,0.0022559,60.11,BTC-31MAR23-30000-C,22385.92,sell,5.0,,,,
3654,243562681,2023-03-07 09:48:01,3,0.002,0.0022559,60.11,BTC-31MAR23-30000-C,22385.92,sell,2.0,,,,
3655,243562682,2023-03-07 09:48:01,3,0.002,0.0022559,60.11,BTC-31MAR23-30000-C,22385.92,sell,0.2,,,,
3656,243562683,2023-03-07 09:48:01,3,0.002,0.0022559,60.11,BTC-31MAR23-30000-C,22385.92,sell,0.4,,,,
3657,243562684,2023-03-07 09:48:01,3,0.002,0.0022559,60.11,BTC-31MAR23-30000-C,22385.92,sell,0.1,,,,
3658,243562685,2023-03-07 09:48:01,3,0.002,0.0022559,60.11,BTC-31MAR23-30000-C,22385.92,sell,5.0,,,,
3659,243562686,2023-03-07 09:48:01,3,0.002,0.0022559,60.11,BTC-31MAR23-30000-C,22385.92,sell,7.3,,,,
3660,243562926,2023-03-07 09:57:44,3,0.002,0.00223643,60.14,BTC-31MAR23-30000-C,22381.83,sell,4.7,,,,
3661,243562927,2023-03-07 09:57:44,3,0.002,0.00223643,60.14,BTC-31MAR23-30000-C,22381.83,buy,15.3,,,,
3662,243564561,2023-03-07 11:23:21,3,0.002,0.00222419,60.33,BTC-31MAR23-30000-C,22370.93,sell,5.6,,,,
3663,243564562,2023-03-07 11:23:21,3,0.002,0.00222419,60.33,BTC-31MAR23-30000-C,22370.93,sell,20.0,,,,
3664,243564563,2023-03-07 11:23:21,3,0.002,0.00222419,60.33,BTC-31MAR23-30000-C,22370.93,buy,4.4,,,,
3665,243568837,2023-03-07 13:50:49,0,0.0025,0.00223954,62.73,BTC-31MAR23-30000-C,22381.63,buy,2.0,,,,
3666,243568838,2023-03-07 13:50:49,1,0.0025,0.00223954,62.73,BTC-31MAR23-30000-C,22381.63,buy,3.0,,,,
3667,243572954,2023-03-07 14:32:32,1,0.0025,0.00224666,63.5,BTC-31MAR23-30000-C,22285.87,buy,5.0,,,,
3668,243572955,2023-03-07 14:32:32,1,0.0025,0.00224666,63.5,BTC-31MAR23-30000-C,22285.87,buy,15.0,,,,
3669,243572956,2023-03-07 14:32:32,1,0.0025,0.00224666,63.5,BTC-31MAR23-30000-C,22285.87,buy,4.6,,,,
3670,243572958,2023-03-07 14:32:34,1,0.0025,0.00224031,63.52,BTC-31MAR23-30000-C,22288.41,buy,5.0,,,,
3671,243579760,2023-03-07 15:02:28,1,0.0025,0.0020874,64.56,BTC-31MAR23-30000-C,22156.48,buy,1.0,,,,
3672,243581978,2023-03-07 15:06:29,2,0.002,0.00205643,62.48,BTC-31MAR23-30000-C,22117.52,sell,5.1,,,,
3673,243581979,2023-03-07 15:06:29,3,0.002,0.00205643,62.48,BTC-31MAR23-30000-C,22117.52,buy,1.9,,,,
3674,243587642,2023-03-07 15:17:20,3,0.002,0.00229742,62.54,BTC-31MAR23-30000-C,22112.52,sell,0.3,,,,
3675,243587643,2023-03-07 15:17:20,3,0.002,0.00229742,62.54,BTC-31MAR23-30000-C,22112.52,sell,0.1,,,,
3676,243587660,2023-03-07 15:17:23,3,0.002,0.00230887,62.48,BTC-31MAR23-30000-C,22112.58,sell,0.2,,,,
3677,243587664,2023-03-07 15:17:23,3,0.002,0.00230887,62.48,BTC-31MAR23-30000-C,22112.58,sell,0.1,,,,
3678,243587690,2023-03-07 15:17:25,3,0.002,0.00229939,62.56,BTC-31MAR23-30000-C,22105.59,sell,0.1,,,,
3679,243587691,2023-03-07 15:17:25,3,0.002,0.00229939,62.56,BTC-31MAR23-30000-C,22105.59,sell,0.1,,,,
3680,243587711,2023-03-07 15:17:29,3,0.002,0.00228341,62.6,BTC-31MAR23-30000-C,22103.39,sell,0.1,,,,
3681,243594807,2023-03-07 15:37:30,3,0.002,0.00194813,59.97,BTC-31MAR23-30000-C,22436.49,buy,8.4,,,,
3682,243606036,2023-03-07 17:45:15,0,0.0025,0.00215185,63.45,BTC-31MAR23-30000-C,22316.37,buy,1.1,,,,
3683,243607201,2023-03-07 18:14:37,2,0.002,0.00222183,61.28,BTC-31MAR23-30000-C,22288.61,sell,1.0,,,,
3684,243607202,2023-03-07 18:14:51,3,0.002,0.00220749,61.28,BTC-31MAR23-30000-C,22290.33,buy,1.0,,,,
3685,243625196,2023-03-07 22:14:01,2,0.0015,0.00173152,60.67,BTC-31MAR23-30000-C,22019.73,sell,1.0,,,,
3686,243625197,2023-03-07 22:14:01,3,0.0015,0.00173152,60.67,BTC-31MAR23-30000-C,22019.73,sell,1.0,,,,
3687,243643877,2023-03-08 05:28:59,2,0.001,0.00168709,57.22,BTC-31MAR23-30000-C,22052.28,sell,1.0,,,,
3688,243643878,2023-03-08 05:28:59,3,0.001,0.00168709,57.22,BTC-31MAR23-30000-C,22052.28,sell,3.0,,,,
3689,243673654,2023-03-08 13:55:40,3,0.001,0.0012042,58.24,BTC-31MAR23-30000-C,21971.96,sell,2.0,,,,
3690,243673655,2023-03-08 13:55:40,3,0.001,0.0012042,58.24,BTC-31MAR23-30000-C,21971.96,sell,0.2,,,,
3691,243673656,2023-03-08 13:55:40,3,0.001,0.0012042,58.24,BTC-31MAR23-30000-C,21971.96,sell,0.8,,,,
3692,243710135,2023-03-08 21:25:12,0,0.0014,0.00122642,60.79,BTC-31MAR23-30000-C,22078.88,buy,250.0,,66957,,
3693,243732411,2023-03-09 01:01:55,0,0.0015,0.00122459,64.47,BTC-31MAR23-30000-C,21709.93,buy,2.0,,,,
3694,243732412,2023-03-09 01:01:55,1,0.0015,0.00122459,64.47,BTC-31MAR23-30000-C,21709.93,buy,2.0,,,,
3695,243736351,2023-03-09 02:16:51,2,0.001,0.00124441,60.68,BTC-31MAR23-30000-C,21725.97,sell,8.0,,,,
3696,243837514,2023-03-09 19:59:04,3,0.001,0.00071811,68.38,BTC-31MAR23-30000-C,20835.59,buy,12.0,,,,
3697,243838662,2023-03-09 20:06:16,2,0.0005,0.00068605,63.04,BTC-31MAR23-30000-C,20760.23,sell,0.5,,,,
3698,243872538,2023-03-09 21:24:49,0,0.001,0.00081176,71.84,BTC-31MAR23-30000-C,20404.15,buy,1.0,,,,
3699,243916182,2023-03-10 02:35:35,1,0.001,0.00071543,74.8,BTC-31MAR23-30000-C,20063.82,buy,1.0,,,,
3700,243927764,2023-03-10 05:52:38,1,0.001,0.00072217,75.43,BTC-31MAR23-30000-C,20017.42,buy,2.0,,,,
3701,243929076,2023-03-10 06:06:54,1,0.001,0.00070378,75.72,BTC-31MAR23-30000-C,19984.74,buy,1.0,,,,
3702,243929935,2023-03-10 06:16:03,1,0.001,0.00070187,76.14,BTC-31MAR23-30000-C,19928.98,buy,1.0,,,,
3703,243930354,2023-03-10 06:22:22,1,0.001,0.00071276,76.11,BTC-31MAR23-30000-C,19937.19,buy,0.3,,,,
3704,243948997,2023-03-10 08:03:40,2,0.0005,0.0007037,69.95,BTC-31MAR23-30000-C,19934.47,sell,0.1,,,,
3705,243962188,2023-03-10 10:34:39,3,0.0005,0.00071538,70.87,BTC-31MAR23-30000-C,19819.04,sell,0.2,,,,
3706,243979560,2023-03-10 11:58:57,3,0.0005,0.00072519,71.44,BTC-31MAR23-30000-C,19758.43,sell,3.0,,,,
3707,244009594,2023-03-10 14:32:28,3,0.0005,0.00073316,69.77,BTC-31MAR23-30000-C,20001.93,sell,1.0,,,,
3708,244031036,2023-03-10 16:34:30,3,0.0005,0.00078509,67.78,BTC-31MAR23-30000-C,20296.97,sell,15.0,,,,
3709,244047608,2023-03-10 17:58:30,0,0.001,0.00069126,77.13,BTC-31MAR23-30000-C,19911.79,buy,1.2,,,,
3710,244064564,2023-03-10 21:27:40,2,0.0005,0.00071279,71.17,BTC-31MAR23-30000-C,19882.09,sell,10.0,,,,
3711,244097845,2023-03-11 01:09:09,3,0.0005,0.0007331,67.64,BTC-31MAR23-30000-C,20438.98,sell,0.2,,,,
3712,244110478,2023-03-11 01:50:43,3,0.0005,0.00073404,65.31,BTC-31MAR23-30000-C,20779.56,sell,0.5,,,,
3713,244119258,2023-03-11 02:21:00,0,0.001,0.00068935,72.73,BTC-31MAR23-30000-C,20645.31,buy,8.0,,,,
3714,244125263,2023-03-11 02:47:34,1,0.001,0.00072569,72.85,BTC-31MAR23-30000-C,20679.84,buy,55.3,,,,
3715,244125264,2023-03-11 02:47:34,1,0.001,0.00072569,72.85,BTC-31MAR23-30000-C,20679.84,buy,0.1,,,,
3716,244125265,2023-03-11 02:47:34,1,0.001,0.00072569,72.85,BTC-31MAR23-30000-C,20679.84,buy,15.0,,,,
3717,244125266,2023-03-11 02:47:34,1,0.001,0.00072569,72.85,BTC-31MAR23-30000-C,20679.84,buy,10.0,,,,
3718,244125267,2023-03-11 02:47:34,1,0.001,0.00072569,72.85,BTC-31MAR23-30000-C,20679.84,buy,4.6,,,,
3719,244125268,2023-03-11 02:47:34,1,0.001,0.00072569,72.85,BTC-31MAR23-30000-C,20678.96,sell,1.0,,,,
3720,244125269,2023-03-11 02:47:34,1,0.001,0.00072569,72.85,BTC-31MAR23-30000-C,20678.96,sell,4.6,,,,
3721,244125270,2023-03-11 02:47:34,1,0.001,0.00072569,72.85,BTC-31MAR23-30000-C,20678.96,sell,1.0,,,,
3722,244125289,2023-03-11 02:47:36,1,0.001,0.0007408,72.85,BTC-31MAR23-30000-C,20683.25,sell,5.3,,,,
3723,244125290,2023-03-11 02:47:36,1,0.001,0.0007408,72.85,BTC-31MAR23-30000-C,20683.25,sell,30.0,,,,
3724,244125340,2023-03-11 02:47:39,1,0.001,0.00074785,72.94,BTC-31MAR23-30000-C,20668.79,sell,4.4,,,,
3725,244125958,2023-03-11 02:49:05,1,0.001,0.00082581,72.62,BTC-31MAR23-30000-C,20703.69,buy,30.0,,,,
3726,244125959,2023-03-11 02:49:05,1,0.001,0.00082581,72.62,BTC-31MAR23-30000-C,20703.69,sell,23.0,,,,
3727,244125960,2023-03-11 02:49:05,1,0.001,0.00082581,72.62,BTC-31MAR23-30000-C,20703.69,sell,23.0,,,,
3728,244127731,2023-03-11 02:54:14,1,0.001,0.00098767,72.71,BTC-31MAR23-30000-C,20712.64,buy,10.0,,,,
3729,244127732,2023-03-11 02:54:14,1,0.001,0.00098767,72.71,BTC-31MAR23-30000-C,20712.64,buy,15.0,,,,
3730,244136536,2023-03-11 03:24:54,1,0.001,0.00099758,73.78,BTC-31MAR23-30000-C,20465.02,sell,15.0,,,,
3731,244147431,2023-03-11 04:57:52,0,0.0015,0.00099339,78.71,BTC-31MAR23-30000-C,20406.54,buy,0.2,,,,
3732,244147432,2023-03-11 04:57:52,1,0.0015,0.00099339,78.71,BTC-31MAR23-30000-C,20406.54,buy,1.5,,,,
3733,244170336,2023-03-11 07:57:32,1,0.0015,0.00087567,82.86,BTC-31MAR23-30000-C,19989.16,buy,1.0,,,,
3734,244172735,2023-03-11 08:05:26,1,0.0015,0.00098093,83.68,BTC-31MAR23-30000-C,19900.86,buy,6.6,,,,
3735,244172757,2023-03-11 08:05:33,1,0.0015,0.00098185,83.66,BTC-31MAR23-30000-C,19902.07,buy,13.7,,,,
3736,244172758,2023-03-11 08:05:33,1,0.0015,0.00098185,83.66,BTC-31MAR23-30000-C,19902.07,buy,6.7,,,,
3737,244172983,2023-03-11 08:06:02,1,0.0015,0.0010304,83.3,BTC-31MAR23-30000-C,19944.35,buy,5.9,,,,
3738,244173027,2023-03-11 08:06:09,1,0.0015,0.00103125,83.24,BTC-31MAR23-30000-C,19952.86,buy,0.1,,,,
3739,244173028,2023-03-11 08:06:09,1,0.0015,0.00103125,83.24,BTC-31MAR23-30000-C,19952.86,buy,5.8,,,,
3740,244173048,2023-03-11 08:06:16,1,0.0015,0.00102772,83.23,BTC-31MAR23-30000-C,19951.1,buy,0.1,,,,
3741,244173049,2023-03-11 08:06:16,1,0.0015,0.00102772,83.23,BTC-31MAR23-30000-C,19951.1,buy,5.8,,,,
3742,244174170,2023-03-11 08:09:49,2,0.001,0.00112311,78.28,BTC-31MAR23-30000-C,19994.91,sell,2.6,,,,
3743,244174192,2023-03-11 08:09:51,3,0.001,0.00113098,78.27,BTC-31MAR23-30000-C,19998.38,sell,1.3,,,,
3744,244174212,2023-03-11 08:09:53,3,0.001,0.00114742,78.29,BTC-31MAR23-30000-C,19994.56,sell,0.6,,,,
3745,244174219,2023-03-11 08:09:55,3,0.001,0.00115883,78.31,BTC-31MAR23-30000-C,19993.17,sell,0.3,,,,
3746,244174632,2023-03-11 08:10:46,0,0.002,0.00127764,86.65,BTC-31MAR23-30000-C,19995.62,buy,8.6,,,,
3747,244174671,2023-03-11 08:10:53,1,0.002,0.00131107,86.6,BTC-31MAR23-30000-C,20002.81,buy,0.1,,,,
3748,244179604,2023-03-11 08:26:19,2,0.0015,0.00139617,82.13,BTC-31MAR23-30000-C,20114.25,sell,0.2,,,,
3749,244386829,2023-03-12 11:16:54,2,0.001,0.00123152,76.22,BTC-31MAR23-30000-C,20587.76,sell,5.0,,,,
3750,244444499,2023-03-12 18:30:50,3,0.001,0.00073434,73.22,BTC-31MAR23-30000-C,21151.52,buy,1.0,,,,
3751,244444571,2023-03-12 18:31:25,3,0.001,0.00074555,73.08,BTC-31MAR23-30000-C,21166.39,buy,5.0,,,,
3752,244467906,2023-03-12 19:27:36,3,0.001,0.00080348,72.73,BTC-31MAR23-30000-C,21267.06,buy,1.0,,,,
3753,244491670,2023-03-12 21:07:51,3,0.001,0.00077549,71.35,BTC-31MAR23-30000-C,21388.31,buy,1.0,,,,
3754,244491671,2023-03-12 21:07:53,3,0.001,0.00077475,71.37,BTC-31MAR23-30000-C,21386.49,buy,1.0,,,,
3755,244491677,2023-03-12 21:07:55,3,0.001,0.00077436,71.39,BTC-31MAR23-30000-C,21383.8,buy,1.0,,,,
3756,244491678,2023-03-12 21:07:57,3,0.001,0.000773,71.39,BTC-31MAR23-30000-C,21384.59,buy,1.0,,,,
3757,244491679,2023-03-12 21:07:59,3,0.001,0.00077385,71.37,BTC-31MAR23-30000-C,21386.03,buy,1.0,,,,
3758,244491681,2023-03-12 21:08:01,3,0.001,0.00077479,71.37,BTC-31MAR23-30000-C,21385.41,buy,1.0,,,,
3759,244491845,2023-03-12 21:08:26,3,0.001,0.0007826,71.29,BTC-31MAR23-30000-C,21389.03,buy,1.0,,,,
3760,244499541,2023-03-12 21:57:33,3,0.001,0.00098353,70.54,BTC-31MAR23-30000-C,21442.08,buy,1.0,,,,
3761,244520178,2023-03-12 22:32:58,0,0.002,0.00179601,73.5,BTC-31MAR23-30000-C,22015.98,sell,10.0,,,,
3762,244521413,2023-03-12 22:35:59,1,0.002,0.00163564,74.38,BTC-31MAR23-30000-C,21904.97,sell,2.0,,,,
3763,244573443,2023-03-13 00:53:30,0,0.0022,0.0024277,69.53,BTC-31MAR23-30000-C,22552.86,sell,200.0,,67700,,
3764,244577062,2023-03-13 01:08:05,0,0.003,0.00251097,72.89,BTC-31MAR23-30000-C,22625.6,buy,1.0,,,,
3765,244643597,2023-03-13 07:36:24,2,0.0025,0.00230051,71.59,BTC-31MAR23-30000-C,22525.97,buy,0.2,,,,
3766,244643598,2023-03-13 07:36:24,3,0.0025,0.00230051,71.59,BTC-31MAR23-30000-C,22525.97,buy,0.5,,,,
3767,244643599,2023-03-13 07:36:24,3,0.0025,0.00230051,71.59,BTC-31MAR23-30000-C,22525.97,buy,1.0,,,,
3768,244662168,2023-03-13 09:01:49,2,0.002,0.0021697,71.19,BTC-31MAR23-30000-C,22242.29,sell,0.2,,,,
3769,244662176,2023-03-13 09:01:51,3,0.002,0.00216976,71.19,BTC-31MAR23-30000-C,22240.06,sell,0.4,,,,
3770,244662177,2023-03-13 09:01:53,3,0.002,0.00217069,71.21,BTC-31MAR23-30000-C,22240.2,sell,0.3,,,,
3771,244662212,2023-03-13 09:01:57,3,0.002,0.00218019,71.18,BTC-31MAR23-30000-C,22244.32,sell,0.1,,,,
3772,244662214,2023-03-13 09:01:58,3,0.002,0.00218187,71.17,BTC-31MAR23-30000-C,22245.66,sell,0.5,,,,
3773,244662222,2023-03-13 09:02:00,3,0.002,0.00217879,71.18,BTC-31MAR23-30000-C,22244.13,sell,0.2,,,,
3774,244662224,2023-03-13 09:02:01,3,0.002,0.00217904,71.18,BTC-31MAR23-30000-C,22244.13,sell,0.1,,,,
3775,244662226,2023-03-13 09:02:01,3,0.002,0.00217904,71.18,BTC-31MAR23-30000-C,22244.13,sell,0.1,,,,
3776,244662228,2023-03-13 09:02:01,3,0.002,0.00217904,71.18,BTC-31MAR23-30000-C,22244.13,sell,0.1,,,,
3777,244662233,2023-03-13 09:02:02,3,0.002,0.0021792,71.18,BTC-31MAR23-30000-C,22239.86,sell,0.1,,,,
3778,244662234,2023-03-13 09:02:03,3,0.002,0.00217282,71.22,BTC-31MAR23-30000-C,22239.87,sell,0.2,,,,
3779,244662236,2023-03-13 09:02:05,3,0.002,0.00217607,71.2,BTC-31MAR23-30000-C,22239.04,sell,0.1,,,,
3780,244662314,2023-03-13 09:02:25,3,0.002,0.00220189,71.15,BTC-31MAR23-30000-C,22244.59,sell,0.6,,,,
3781,244669427,2023-03-13 09:34:38,3,0.002,0.00204193,73.06,BTC-31MAR23-30000-C,22052.24,sell,0.2,,,,
3782,244671881,2023-03-13 09:38:39,3,0.002,0.0020999,73.95,BTC-31MAR23-30000-C,21949.2,sell,0.3,,,,
3783,244671882,2023-03-13 09:38:39,3,0.002,0.0020999,73.95,BTC-31MAR23-30000-C,21949.2,sell,0.1,,,,
3784,244671890,2023-03-13 09:38:39,3,0.002,0.0020999,73.95,BTC-31MAR23-30000-C,21949.2,sell,0.8,,,,
3785,244672052,2023-03-13 09:38:44,3,0.002,0.0020817,74.06,BTC-31MAR23-30000-C,21926.73,sell,0.1,,,,
3786,244676976,2023-03-13 10:09:25,0,0.0025,0.00245237,75.7,BTC-31MAR23-30000-C,22067.29,sell,2.9,,,,
3787,244678762,2023-03-13 10:20:29,2,0.002,0.00237754,73.85,BTC-31MAR23-30000-C,21947.73,sell,1.5,,,,
3788,244678763,2023-03-13 10:20:29,3,0.002,0.00237754,73.85,BTC-31MAR23-30000-C,21947.73,sell,0.8,,,,
3789,244678764,2023-03-13 10:20:29,3,0.002,0.00237754,73.85,BTC-31MAR23-30000-C,21947.73,sell,0.1,,,,
3790,244678765,2023-03-13 10:20:29,3,0.002,0.00237754,73.85,BTC-31MAR23-30000-C,21947.73,sell,0.1,,,,
3791,244678768,2023-03-13 10:20:30,3,0.002,0.00237823,73.85,BTC-31MAR23-30000-C,21947.69,sell,0.1,,,,
3792,244678805,2023-03-13 10:20:30,3,0.002,0.00237842,73.85,BTC-31MAR23-30000-C,21940.86,sell,0.1,,,,
3793,244678806,2023-03-13 10:20:30,3,0.002,0.00237842,73.85,BTC-31MAR23-30000-C,21940.86,sell,0.3,,,,
3794,244678856,2023-03-13 10:20:36,3,0.002,0.00236138,73.9,BTC-31MAR23-30000-C,21940.72,sell,0.3,,,,
3795,244678857,2023-03-13 10:20:37,3,0.002,0.00236049,73.92,BTC-31MAR23-30000-C,21941.1,sell,0.1,,,,
3796,244678864,2023-03-13 10:20:43,3,0.002,0.0023469,73.91,BTC-31MAR23-30000-C,21943.49,sell,0.1,,,,
3797,244678877,2023-03-13 10:20:46,3,0.002,0.00234496,73.87,BTC-31MAR23-30000-C,21947.79,sell,0.1,,,,
3798,244678894,2023-03-13 10:20:46,3,0.002,0.00234496,73.87,BTC-31MAR23-30000-C,21947.79,sell,0.1,,,,
3799,244678895,2023-03-13 10:20:46,3,0.002,0.00234496,73.87,BTC-31MAR23-30000-C,21947.79,sell,0.1,,,,
3800,244678897,2023-03-13 10:20:47,3,0.002,0.00234496,73.87,BTC-31MAR23-30000-C,21942.69,sell,0.1,,,,
3801,244678907,2023-03-13 10:20:48,3,0.002,0.00234302,73.92,BTC-31MAR23-30000-C,21942.3,sell,0.1,,,,
3802,244678925,2023-03-13 10:20:51,3,0.002,0.00232675,73.93,BTC-31MAR23-30000-C,21940.65,sell,0.1,,,,
3803,244678942,2023-03-13 10:20:57,3,0.002,0.00232411,73.9,BTC-31MAR23-30000-C,21946.62,sell,0.1,,,,
3804,244679098,2023-03-13 10:23:07,3,0.002,0.00228407,73.91,BTC-31MAR23-30000-C,21946.18,sell,0.1,,,,
3805,244679099,2023-03-13 10:23:07,3,0.002,0.00228407,73.91,BTC-31MAR23-30000-C,21946.18,sell,0.1,,,,
3806,244679100,2023-03-13 10:23:08,3,0.002,0.00228666,73.91,BTC-31MAR23-30000-C,21946.03,sell,0.1,,,,
3807,244679103,2023-03-13 10:23:14,3,0.002,0.00228558,73.91,BTC-31MAR23-30000-C,21945.67,sell,0.1,,,,
3808,244679106,2023-03-13 10:23:15,3,0.002,0.00228577,73.91,BTC-31MAR23-30000-C,21943.29,sell,0.8,,,,
3809,244699088,2023-03-13 13:01:06,0,0.003,0.00273973,77.07,BTC-31MAR23-30000-C,22198.96,buy,1.0,,,,
3810,244706572,2023-03-13 13:13:30,0,0.004,0.00365312,79.55,BTC-31MAR23-30000-C,22414.92,buy,0.4,,,,
3811,244706573,2023-03-13 13:13:30,1,0.004,0.00365312,79.55,BTC-31MAR23-30000-C,22414.92,buy,1.6,,,,
3812,244707913,2023-03-13 13:17:14,1,0.004,0.00398521,78.17,BTC-31MAR23-30000-C,22545.16,buy,1.0,,,,
3813,244714079,2023-03-13 13:27:27,1,0.004,0.00389739,78.6,BTC-31MAR23-30000-C,22525.28,buy,1.0,,,,
3814,244718370,2023-03-13 13:43:03,2,0.0035,0.00396455,77.71,BTC-31MAR23-30000-C,22410.34,sell,5.0,,,,
3815,244722358,2023-03-13 13:53:14,0,0.004,0.0040895,78.23,BTC-31MAR23-30000-C,22571.34,sell,6.0,,,,
3816,244722895,2023-03-13 13:54:57,1,0.004,0.00409888,78.13,BTC-31MAR23-30000-C,22587.42,buy,1.0,,,,
3817,244728999,2023-03-13 14:08:42,0,0.0045,0.00457316,77.25,BTC-31MAR23-30000-C,22905.51,buy,1.0,,,,
3818,244729000,2023-03-13 14:08:42,1,0.0045,0.00457316,77.25,BTC-31MAR23-30000-C,22905.51,buy,1.0,,,,
3819,244732592,2023-03-13 14:10:08,0,0.005,0.00459109,77.73,BTC-31MAR23-30000-C,22998.12,buy,5.0,,,,
3820,244732596,2023-03-13 14:10:09,1,0.005,0.0046012,77.8,BTC-31MAR23-30000-C,22991.62,buy,1.0,,,,
3821,244732597,2023-03-13 14:10:09,1,0.005,0.0046012,77.8,BTC-31MAR23-30000-C,22991.62,buy,4.0,,,,
3822,244739235,2023-03-13 14:18:48,0,0.0055,0.00534,77.17,BTC-31MAR23-30000-C,23258.34,buy,1.0,,,,
3823,244749193,2023-03-13 14:24:55,0,0.0064,0.00637783,76.53,BTC-31MAR23-30000-C,23568.48,buy,25.0,,67915,,
3824,244749256,2023-03-13 14:25:01,2,0.0059,0.00636747,75.11,BTC-31MAR23-30000-C,23572.98,sell,10.0,,67916,,
3825,244749886,2023-03-13 14:25:21,0,0.0069,0.00652751,77.35,BTC-31MAR23-30000-C,23630.54,buy,25.0,,67917,,
3826,244750795,2023-03-13 14:25:54,0,0.007,0.00605769,78.78,BTC-31MAR23-30000-C,23498.49,buy,25.0,,67919,,
3827,244752700,2023-03-13 14:27:52,2,0.006,0.00610444,76.05,BTC-31MAR23-30000-C,23538.84,sell,4.0,,,,
3828,244752701,2023-03-13 14:27:52,3,0.006,0.00610444,76.05,BTC-31MAR23-30000-C,23538.84,buy,6.0,,,,
3829,244767216,2023-03-13 14:51:57,0,0.0065,0.00596006,77.49,BTC-31MAR23-30000-C,23560.07,buy,1.0,,,,
3830,244767217,2023-03-13 14:51:57,1,0.0065,0.00596006,77.49,BTC-31MAR23-30000-C,23560.07,buy,2.0,,,,
3831,244769492,2023-03-13 14:56:31,2,0.006,0.00590866,75.64,BTC-31MAR23-30000-C,23604.33,buy,2.0,,,,
3832,244769512,2023-03-13 14:56:35,3,0.006,0.00593591,75.57,BTC-31MAR23-30000-C,23618.24,buy,2.0,,,,
3833,244775968,2023-03-13 15:03:18,0,0.007,0.00669632,74.74,BTC-31MAR23-30000-C,23951.25,buy,5.0,,,,
3834,244775969,2023-03-13 15:03:18,1,0.007,0.00669632,74.74,BTC-31MAR23-30000-C,23951.25,buy,1.0,,,,
3835,244775970,2023-03-13 15:03:18,1,0.007,0.00669632,74.74,BTC-31MAR23-30000-C,23951.25,buy,0.2,,,,
3836,244779627,2023-03-13 15:06:45,0,0.008,0.0078998,75.5,BTC-31MAR23-30000-C,24105.44,buy,5.0,,,,
3837,244787481,2023-03-13 15:09:34,0,0.0095,0.00961823,74.73,BTC-31MAR23-30000-C,24498.2,buy,3.8,,,T,
3838,244792872,2023-03-13 15:13:40,1,0.0095,0.00903715,77.26,BTC-31MAR23-30000-C,24249.39,buy,10.0,,,,
3839,244793960,2023-03-13 15:14:41,1,0.0095,0.00895965,77.81,BTC-31MAR23-30000-C,24197.23,buy,10.0,,,,
3840,244794597,2023-03-13 15:15:09,1,0.0095,0.00905049,77.78,BTC-31MAR23-30000-C,24201.6,buy,4.5,,,,
3841,244794782,2023-03-13 15:15:23,1,0.0095,0.00923552,77.33,BTC-31MAR23-30000-C,24222.86,buy,0.2,,,,
3842,244795012,2023-03-13 15:15:50,1,0.0095,0.00938597,77.33,BTC-31MAR23-30000-C,24237.04,sell,2.0,,,,
3843,244795013,2023-03-13 15:15:50,1,0.0095,0.00938597,77.33,BTC-31MAR23-30000-C,24237.04,sell,4.6,,,,
3844,244795014,2023-03-13 15:15:50,1,0.0095,0.00938597,77.33,BTC-31MAR23-30000-C,24237.04,buy,3.4,,,,
3845,244796056,2023-03-13 15:17:28,1,0.0095,0.00959653,76.89,BTC-31MAR23-30000-C,24286.21,buy,3.0,,,,
3846,244796057,2023-03-13 15:17:28,1,0.0095,0.00959653,76.89,BTC-31MAR23-30000-C,24286.21,buy,4.0,,,,
3847,244796058,2023-03-13 15:17:28,1,0.0095,0.00959653,76.89,BTC-31MAR23-30000-C,24286.21,buy,4.9,,,,
3848,244798356,2023-03-13 15:21:40,1,0.0095,0.00958952,76.0,BTC-31MAR23-30000-C,24371.93,buy,5.0,,,,
3849,244798474,2023-03-13 15:22:00,1,0.0095,0.00944839,76.29,BTC-31MAR23-30000-C,24353.17,buy,5.0,,,,
3850,244799624,2023-03-13 15:23:31,0,0.0105,0.00979708,77.85,BTC-31MAR23-30000-C,24414.91,buy,4.1,,,,
3851,244799625,2023-03-13 15:23:31,1,0.0105,0.00979708,77.85,BTC-31MAR23-30000-C,24414.91,buy,3.2,,,,
3852,244799626,2023-03-13 15:23:31,1,0.0105,0.00979708,77.85,BTC-31MAR23-30000-C,24414.91,buy,4.0,,,,
3853,244799753,2023-03-13 15:23:40,0,0.011,0.00958348,79.59,BTC-31MAR23-30000-C,24356.34,buy,3.2,,,,
3854,244799754,2023-03-13 15:23:40,1,0.011,0.00958348,79.59,BTC-31MAR23-30000-C,24356.34,buy,2.5,,,,
3855,244801469,2023-03-13 15:26:34,2,0.01,0.00975453,77.92,BTC-31MAR23-30000-C,24301.85,buy,1.0,,,,
3856,244801961,2023-03-13 15:27:33,0,0.0105,0.01012251,78.52,BTC-31MAR23-30000-C,24341.1,buy,0.1,,,,
3857,244801962,2023-03-13 15:27:33,1,0.0105,0.01012251,78.52,BTC-31MAR23-30000-C,24341.1,buy,29.9,,,,
3858,244801987,2023-03-13 15:27:35,1,0.0105,0.01014057,78.48,BTC-31MAR23-30000-C,24349.25,buy,10.1,,,,
3859,244801988,2023-03-13 15:27:35,1,0.0105,0.01014057,78.48,BTC-31MAR23-30000-C,24349.25,buy,1.9,,,,
3860,244802006,2023-03-13 15:27:37,0,0.011,0.01015061,79.5,BTC-31MAR23-30000-C,24348.7,buy,2.5,,,,
3861,244802007,2023-03-13 15:27:37,1,0.011,0.01015061,79.5,BTC-31MAR23-30000-C,24348.7,buy,3.5,,,,
3862,244802008,2023-03-13 15:27:37,1,0.011,0.01015061,79.5,BTC-31MAR23-30000-C,24348.7,buy,3.9,,,,
3863,244802009,2023-03-13 15:27:37,1,0.011,0.01015061,79.5,BTC-31MAR23-30000-C,24348.7,buy,0.2,,,,
3864,244802010,2023-03-13 15:27:37,1,0.011,0.01015061,79.5,BTC-31MAR23-30000-C,24348.7,buy,6.0,,,,
3865,244802011,2023-03-13 15:27:37,1,0.011,0.01015061,79.5,BTC-31MAR23-30000-C,24348.7,buy,13.9,,,,
3866,244802044,2023-03-13 15:27:41,1,0.011,0.010152,79.54,BTC-31MAR23-30000-C,24343.48,buy,25.1,,,,
3867,244802045,2023-03-13 15:27:41,1,0.011,0.010152,79.54,BTC-31MAR23-30000-C,24343.48,buy,2.5,,,,
3868,244802192,2023-03-13 15:27:52,1,0.011,0.01030376,79.36,BTC-31MAR23-30000-C,24362.33,buy,0.1,,,,
3869,244802222,2023-03-13 15:27:54,0,0.0115,0.0103221,80.37,BTC-31MAR23-30000-C,24372.19,buy,3.1,,,,
3870,244802223,2023-03-13 15:27:54,1,0.0115,0.0103221,80.37,BTC-31MAR23-30000-C,24372.19,buy,6.0,,,,
3871,244802224,2023-03-13 15:27:54,1,0.0115,0.0103221,80.37,BTC-31MAR23-30000-C,24372.19,buy,5.3,,,,
3872,244802225,2023-03-13 15:27:54,1,0.0115,0.0103221,80.37,BTC-31MAR23-30000-C,24372.19,buy,4.0,,,,
3873,244802226,2023-03-13 15:27:54,1,0.0115,0.0103221,80.37,BTC-31MAR23-30000-C,24372.19,buy,11.6,,,,
3874,244802288,2023-03-13 15:27:58,1,0.0115,0.01044545,80.08,BTC-31MAR23-30000-C,24391.27,buy,6.1,,,,
3875,244802289,2023-03-13 15:27:58,1,0.0115,0.01044545,80.08,BTC-31MAR23-30000-C,24391.27,buy,18.9,,,,
3876,244802760,2023-03-13 15:28:30,1,0.0115,0.01095504,79.91,BTC-31MAR23-30000-C,24404.32,buy,0.1,,,,
3877,244803240,2023-03-13 15:29:05,1,0.0115,0.01148443,79.57,BTC-31MAR23-30000-C,24413.39,buy,0.1,,,,
3878,244804820,2023-03-13 15:30:44,0,0.012,0.01199487,79.77,BTC-31MAR23-30000-C,24514.36,buy,0.1,,,,
3879,244804838,2023-03-13 15:30:45,1,0.012,0.01200737,79.77,BTC-31MAR23-30000-C,24514.36,buy,0.1,,,,
3880,244804973,2023-03-13 15:31:05,2,0.0115,0.01211842,78.53,BTC-31MAR23-30000-C,24527.39,sell,4.7,,,,
3881,244804974,2023-03-13 15:31:05,3,0.0115,0.01211842,78.53,BTC-31MAR23-30000-C,24527.39,sell,5.3,,,,
3882,244805151,2023-03-13 15:31:20,3,0.0115,0.01207689,78.6,BTC-31MAR23-30000-C,24523.87,sell,1.0,,,,
3883,244805170,2023-03-13 15:31:21,3,0.0115,0.01207131,78.6,BTC-31MAR23-30000-C,24521.7,sell,1.0,,,,
3884,244805174,2023-03-13 15:31:23,3,0.0115,0.01201371,78.7,BTC-31MAR23-30000-C,24516.37,sell,1.0,,,,
3885,244805180,2023-03-13 15:31:24,3,0.0115,0.01201994,78.69,BTC-31MAR23-30000-C,24515.01,sell,1.0,,,,
3886,244805183,2023-03-13 15:31:25,3,0.0115,0.01200909,78.7,BTC-31MAR23-30000-C,24515.87,sell,1.0,,,,
3887,244805198,2023-03-13 15:31:27,3,0.0115,0.01200428,78.75,BTC-31MAR23-30000-C,24511.85,sell,0.6,,,,
3888,244805199,2023-03-13 15:31:27,3,0.0115,0.01200428,78.75,BTC-31MAR23-30000-C,24511.85,buy,0.4,,,,
3889,244805210,2023-03-13 15:31:28,3,0.0115,0.01198596,78.75,BTC-31MAR23-30000-C,24511.75,sell,1.0,,,,
3890,244805211,2023-03-13 15:31:29,3,0.0115,0.01198441,78.75,BTC-31MAR23-30000-C,24513.28,sell,1.0,,,,
3891,244805231,2023-03-13 15:31:31,3,0.0115,0.01199204,78.74,BTC-31MAR23-30000-C,24516.24,sell,1.0,,,,
3892,244805246,2023-03-13 15:31:32,3,0.0115,0.01205722,78.61,BTC-31MAR23-30000-C,24525.4,sell,1.0,,,,
3893,244805252,2023-03-13 15:31:33,3,0.0115,0.01205663,78.54,BTC-31MAR23-30000-C,24530.43,sell,1.0,,,,
3894,244805253,2023-03-13 15:31:34,3,0.0115,0.01207966,78.56,BTC-31MAR23-30000-C,24528.57,buy,1.0,,,,
3895,244805254,2023-03-13 15:31:35,3,0.0115,0.01206743,78.58,BTC-31MAR23-30000-C,24519.24,buy,1.0,,,,
3896,244805257,2023-03-13 15:31:36,3,0.0115,0.01201485,78.68,BTC-31MAR23-30000-C,24516.38,buy,1.0,,,,
3897,244805267,2023-03-13 15:31:37,3,0.0115,0.01199657,78.71,BTC-31MAR23-30000-C,24511.5,buy,1.0,,,,
3898,244805269,2023-03-13 15:31:38,3,0.0115,0.01196848,78.77,BTC-31MAR23-30000-C,24511.09,buy,1.0,,,,
3899,244805430,2023-03-13 15:31:54,3,0.0115,0.01217024,78.35,BTC-31MAR23-30000-C,24554.77,sell,1.7,,,,
3900,244805431,2023-03-13 15:31:54,3,0.0115,0.01217024,78.35,BTC-31MAR23-30000-C,24554.77,sell,6.0,,,,
3901,244805432,2023-03-13 15:31:54,3,0.0115,0.01217024,78.35,BTC-31MAR23-30000-C,24554.77,buy,2.3,,,,
3902,244806467,2023-03-13 15:32:50,2,0.011,0.0114208,78.75,BTC-31MAR23-30000-C,24429.24,sell,1.0,,,,
3903,244806520,2023-03-13 15:32:51,3,0.011,0.01146765,78.65,BTC-31MAR23-30000-C,24423.88,sell,1.0,,,,
3904,244806541,2023-03-13 15:32:52,3,0.011,0.01143968,78.55,BTC-31MAR23-30000-C,24438.32,sell,1.0,,,,
3905,244806571,2023-03-13 15:32:53,3,0.011,0.01151656,78.55,BTC-31MAR23-30000-C,24448.34,sell,1.0,,,,
3906,244806600,2023-03-13 15:32:54,3,0.011,0.0115613,78.38,BTC-31MAR23-30000-C,24452.8,sell,1.0,,,,
3907,244806611,2023-03-13 15:32:56,3,0.011,0.01157344,78.38,BTC-31MAR23-30000-C,24454.69,buy,1.0,,,,
3908,244808327,2023-03-13 15:34:31,2,0.01,0.0107603,77.59,BTC-31MAR23-30000-C,24319.46,sell,5.7,,,,
3909,244808328,2023-03-13 15:34:31,3,0.01,0.0107603,77.59,BTC-31MAR23-30000-C,24319.46,sell,4.0,,,,
3910,244808329,2023-03-13 15:34:31,3,0.01,0.0107603,77.59,BTC-31MAR23-30000-C,24319.46,sell,10.3,,,,
3911,244808364,2023-03-13 15:34:35,0,0.011,0.01063291,79.97,BTC-31MAR23-30000-C,24302.46,buy,5.4,,,,
3912,244808709,2023-03-13 15:35:07,0,0.0115,0.01075867,80.79,BTC-31MAR23-30000-C,24329.58,buy,2.5,,,,
3913,244808710,2023-03-13 15:35:07,1,0.0115,0.01075867,80.79,BTC-31MAR23-30000-C,24329.58,buy,4.0,,,,
3914,244809873,2023-03-13 15:37:33,2,0.0105,0.01056866,79.49,BTC-31MAR23-30000-C,24251.66,sell,3.5,,,,
3915,244809874,2023-03-13 15:37:33,3,0.0105,0.01056866,79.49,BTC-31MAR23-30000-C,24251.66,sell,4.0,,,,
3916,244809876,2023-03-13 15:37:34,3,0.0105,0.01055232,79.49,BTC-31MAR23-30000-C,24253.47,buy,22.5,,,,
3917,244812436,2023-03-13 15:39:21,2,0.009,0.00962259,78.35,BTC-31MAR23-30000-C,24038.0,sell,1.0,,,,
3918,244813665,2023-03-13 15:40:42,0,0.01,0.01005688,79.21,BTC-31MAR23-30000-C,24174.68,buy,1.0,,,,
3919,244813666,2023-03-13 15:40:42,1,0.01,0.01005688,79.21,BTC-31MAR23-30000-C,24174.68,buy,4.0,,,,
3920,244819382,2023-03-13 15:52:42,2,0.009,0.00863279,77.6,BTC-31MAR23-30000-C,24113.31,buy,5.3,,,,
3921,244819383,2023-03-13 15:52:42,3,0.009,0.00863279,77.6,BTC-31MAR23-30000-C,24113.31,buy,4.0,,,,
3922,244819384,2023-03-13 15:52:42,3,0.009,0.00863279,77.6,BTC-31MAR23-30000-C,24113.31,buy,4.8,,,,
3923,244819385,2023-03-13 15:52:42,3,0.009,0.00863279,77.6,BTC-31MAR23-30000-C,24113.31,buy,6.0,,,,
3924,244819548,2023-03-13 15:52:58,3,0.009,0.00860144,77.66,BTC-31MAR23-30000-C,24110.37,buy,3.3,,,,
3925,244819549,2023-03-13 15:52:58,3,0.009,0.00860144,77.66,BTC-31MAR23-30000-C,24110.37,buy,3.4,,,,
3926,244820322,2023-03-13 15:54:58,2,0.0085,0.00856317,76.74,BTC-31MAR23-30000-C,24074.0,sell,0.1,,,,
3927,244824064,2023-03-13 16:06:52,2,0.008,0.00806966,74.69,BTC-31MAR23-30000-C,24165.87,sell,1.0,,,,
3928,244830148,2023-03-13 16:23:39,3,0.008,0.00827047,73.36,BTC-31MAR23-30000-C,24307.19,sell,0.2,,,,
3929,244830149,2023-03-13 16:23:39,3,0.008,0.00827047,73.36,BTC-31MAR23-30000-C,24307.19,sell,4.8,,,,
3930,244832348,2023-03-13 16:31:38,3,0.008,0.00760453,75.45,BTC-31MAR23-30000-C,24088.1,buy,0.3,,,,
3931,244839060,2023-03-13 16:51:25,2,0.0078,0.00764333,74.67,BTC-31MAR23-30000-C,24108.41,sell,25.0,BTC-CS-31MAR23-28000_30000,68001,,
3932,244839080,2023-03-13 16:51:29,0,0.008,0.00760945,75.25,BTC-31MAR23-30000-C,24102.81,buy,0.1,,,,
3933,244839081,2023-03-13 16:51:29,1,0.008,0.00760945,75.25,BTC-31MAR23-30000-C,24102.81,buy,1.9,,,,
3934,244839140,2023-03-13 16:51:51,1,0.008,0.00753914,75.44,BTC-31MAR23-30000-C,24088.95,buy,3.0,,,,
3935,244839280,2023-03-13 16:53:03,2,0.007,0.0075214,72.86,BTC-31MAR23-30000-C,24097.35,sell,2.6,,,,
3936,244839281,2023-03-13 16:53:03,3,0.007,0.0075214,72.86,BTC-31MAR23-30000-C,24097.35,sell,4.9,,,,
3937,244839282,2023-03-13 16:53:03,3,0.007,0.0075214,72.86,BTC-31MAR23-30000-C,24097.35,sell,6.0,,,,
3938,244839283,2023-03-13 16:53:03,3,0.007,0.0075214,72.86,BTC-31MAR23-30000-C,24097.35,sell,19.0,,,,
3939,244839284,2023-03-13 16:53:03,3,0.007,0.0075214,72.86,BTC-31MAR23-30000-C,24097.35,sell,18.2,,,,
3940,244839285,2023-03-13 16:53:03,3,0.007,0.0075214,72.86,BTC-31MAR23-30000-C,24097.35,sell,4.0,,,,
3941,244839286,2023-03-13 16:53:03,3,0.007,0.0075214,72.86,BTC-31MAR23-30000-C,24097.35,buy,45.3,,,,
3942,244839801,2023-03-13 16:57:07,3,0.007,0.00720387,72.97,BTC-31MAR23-30000-C,24097.33,buy,1.0,,,,
3943,244841021,2023-03-13 17:03:08,3,0.007,0.00698065,73.52,BTC-31MAR23-30000-C,24031.39,sell,0.1,,,,
