trade_seq,trade_id,timestamp,tick_direction,price,mark_price,iv,instrument_name,index_price,direction,contracts,amount
1,335906841,2024-12-21 09:20:52,1,0.0095,0.00982427,44.58,BTC-24DEC24-100000-C,98318.52,buy,0.1,0.1
2,335910587,2024-12-21 10:15:45,0,0.01,0.01038635,43.39,BTC-24DEC24-100000-C,98612.31,sell,0.1,0.1
3,335912347,2024-12-21 10:35:47,2,0.009,0.0090463,43.81,BTC-24DEC24-100000-C,98306.85,buy,0.4,0.4
4,335913236,2024-12-21 10:41:35,2,0.0085,0.00868989,43.74,BTC-24DEC24-100000-C,98188.33,sell,0.1,0.1
5,335913541,2024-12-21 10:46:11,2,0.008,0.00860272,42.31,BTC-24DEC24-100000-C,98141.43,sell,0.1,0.1
6,335914236,2024-12-21 10:55:50,2,0.0075,0.00806864,42.16,BTC-24DEC24-100000-C,98024.38,sell,0.1,0.1
7,335914829,2024-12-21 11:07:59,0,0.008,0.00833659,42.55,BTC-24DEC24-100000-C,98135.64,sell,0.1,0.1
8,335915527,2024-12-21 11:24:31,2,0.0075,0.007653,42.84,BTC-24DEC24-100000-C,97974.53,sell,0.1,0.1
9,335915752,2024-12-21 11:25:37,2,0.007,0.00727542,42.39,BTC-24DEC24-100000-C,97847.03,sell,0.1,0.1
10,335915775,2024-12-21 11:25:47,3,0.007,0.00719888,42.7,BTC-24DEC24-100000-C,97827.13,sell,0.1,0.1
11,335918597,2024-12-21 12:00:46,0,0.008,0.00833981,42.04,BTC-24DEC24-100000-C,98229.99,sell,5.3,5.3
12,335919302,2024-12-21 12:08:31,2,0.007,0.00739243,41.59,BTC-24DEC24-100000-C,97951.04,sell,0.1,0.1
13,335919723,2024-12-21 12:09:07,3,0.007,0.00704807,42.93,BTC-24DEC24-100000-C,97839.33,buy,0.1,0.1
14,335920153,2024-12-21 12:11:23,2,0.0065,0.00660534,42.63,BTC-24DEC24-100000-C,97696.37,buy,0.1,0.1
15,335925357,2024-12-21 12:51:20,2,0.006,0.00605653,43.73,BTC-24DEC24-100000-C,97435.6,sell,0.1,0.1
16,335926852,2024-12-21 12:57:29,2,0.005,0.00532415,42.73,BTC-24DEC24-100000-C,97118.96,sell,0.1,0.1
17,335930485,2024-12-21 13:22:21,2,0.0048,0.00500579,43.57,BTC-24DEC24-100000-C,96942.59,buy,0.1,0.1
18,335930791,2024-12-21 13:22:57,2,0.0047,0.00472747,44.39,BTC-24DEC24-100000-C,96818.68,sell,0.1,0.1
19,335931004,2024-12-21 13:23:08,2,0.0045,0.00470414,43.85,BTC-24DEC24-100000-C,96816.95,sell,0.1,0.1
20,335931064,2024-12-21 13:23:23,2,0.0044,0.0046082,43.66,BTC-24DEC24-100000-C,96763.98,sell,0.1,0.1
21,335953643,2024-12-21 16:41:55,0,0.0055,0.00570222,44.71,BTC-24DEC24-100000-C,97275.39,buy,0.5,0.5
22,335953644,2024-12-21 16:41:55,1,0.0055,0.00570222,44.71,BTC-24DEC24-100000-C,97275.39,buy,0.5,0.5
23,335956942,2024-12-21 17:16:02,0,0.006,0.00629464,44.11,BTC-24DEC24-100000-C,97555.24,sell,0.4,0.4
24,335956971,2024-12-21 17:16:03,1,0.006,0.00630089,44.11,BTC-24DEC24-100000-C,97563.05,sell,0.6,0.6
25,335956972,2024-12-21 17:16:03,1,0.006,0.00630089,44.11,BTC-24DEC24-100000-C,97563.05,sell,0.1,0.1
26,335959213,2024-12-21 17:51:22,1,0.006,0.00624886,43.44,BTC-24DEC24-100000-C,97638.22,sell,0.1,0.1
27,335991355,2024-12-21 23:27:47,2,0.0046,0.00440904,45.58,BTC-24DEC24-100000-C,97073.54,buy,1.3,1.3
28,335998852,2024-12-22 00:49:38,2,0.0043,0.00451685,44.52,BTC-24DEC24-100000-C,97107.67,sell,6.0,6.0
29,335999259,2024-12-22 00:52:36,2,0.0041,0.0045075,43.56,BTC-24DEC24-100000-C,97119.49,sell,0.4,0.4
30,335999260,2024-12-22 00:52:37,3,0.0041,0.00450746,43.56,BTC-24DEC24-100000-C,97115.94,sell,0.1,0.1
31,335999261,2024-12-22 00:52:37,3,0.0041,0.00450746,43.56,BTC-24DEC24-100000-C,97115.94,sell,0.5,0.5
32,336000614,2024-12-22 01:21:16,0,0.0046,0.00463917,44.8,BTC-24DEC24-100000-C,97272.1,sell,0.5,0.5
33,336005253,2024-12-22 02:05:51,2,0.0037,0.00384565,44.74,BTC-24DEC24-100000-C,96858.77,sell,0.1,0.1
34,336005660,2024-12-22 02:11:36,0,0.004,0.00421763,44.47,BTC-24DEC24-100000-C,97022.19,sell,0.1,0.1
35,336005743,2024-12-22 02:14:42,0,0.0041,0.0042343,45.05,BTC-24DEC24-100000-C,97030.18,buy,0.1,0.1
36,336030112,2024-12-22 06:00:08,2,0.0029,0.00286464,49.18,BTC-24DEC24-100000-C,96112.44,sell,0.1,0.1
37,336035895,2024-12-22 07:11:23,0,0.003,0.00324449,44.59,BTC-24DEC24-100000-C,96749.99,buy,2.5,2.5
38,336037021,2024-12-22 07:28:28,2,0.0026,0.00272051,45.31,BTC-24DEC24-100000-C,96451.26,sell,0.1,0.1
39,336037123,2024-12-22 07:31:57,0,0.0027,0.00279301,45.5,BTC-24DEC24-100000-C,96497.13,sell,0.2,0.2
40,336040643,2024-12-22 07:45:50,2,0.002,0.00234894,44.58,BTC-24DEC24-100000-C,96136.36,sell,0.3,0.3
41,336040644,2024-12-22 07:45:51,3,0.002,0.00235112,44.58,BTC-24DEC24-100000-C,96135.99,sell,0.2,0.2
42,336041072,2024-12-22 07:47:32,0,0.0024,0.00246508,46.8,BTC-24DEC24-100000-C,96175.55,sell,0.1,0.1
43,336041269,2024-12-22 07:48:34,0,0.0025,0.00256386,47.02,BTC-24DEC24-100000-C,96212.52,buy,0.1,0.1
44,336041309,2024-12-22 07:48:56,1,0.0025,0.00256055,46.99,BTC-24DEC24-100000-C,96214.01,buy,0.2,0.2
45,336041318,2024-12-22 07:48:58,1,0.0025,0.0025625,46.99,BTC-24DEC24-100000-C,96214.78,buy,0.1,0.1
46,336041464,2024-12-22 07:49:09,1,0.0025,0.0025358,47.12,BTC-24DEC24-100000-C,96197.38,buy,0.3,0.3
47,336041990,2024-12-22 07:50:44,2,0.0022,0.00231796,46.39,BTC-24DEC24-100000-C,96075.13,buy,0.1,0.1
48,336042011,2024-12-22 07:50:51,0,0.0024,0.00229754,47.77,BTC-24DEC24-100000-C,96067.03,buy,0.1,0.1
49,336042124,2024-12-22 07:51:46,1,0.0024,0.00231383,47.74,BTC-24DEC24-100000-C,96064.35,buy,0.2,0.2
50,336042251,2024-12-22 07:52:54,0,0.0025,0.00232886,48.3,BTC-24DEC24-100000-C,96070.97,buy,1.8,1.8
51,336042252,2024-12-22 07:52:54,1,0.0025,0.00232886,48.3,BTC-24DEC24-100000-C,96070.97,buy,1.5,1.5
52,336042253,2024-12-22 07:52:54,1,0.0025,0.00232886,48.3,BTC-24DEC24-100000-C,96070.97,buy,1.2,1.2
53,336042403,2024-12-22 07:53:53,0,0.0026,0.00233111,48.93,BTC-24DEC24-100000-C,96070.63,buy,2.9,2.9
54,336042666,2024-12-22 07:54:48,2,0.0025,0.00228685,48.7,BTC-24DEC24-100000-C,96031.27,buy,1.0,1.0
55,336042789,2024-12-22 07:55:42,0,0.0026,0.0023264,49.12,BTC-24DEC24-100000-C,96053.6,buy,3.6,3.6
56,336042914,2024-12-22 07:56:36,0,0.0027,0.00234528,49.73,BTC-24DEC24-100000-C,96068.04,buy,2.2,2.2
57,336043363,2024-12-22 07:57:34,2,0.0026,0.00233702,49.43,BTC-24DEC24-100000-C,96020.82,buy,1.0,1.0
58,336043570,2024-12-22 07:58:28,0,0.0028,0.00242468,50.29,BTC-24DEC24-100000-C,96055.3,buy,3.0,3.0
59,336043571,2024-12-22 07:58:28,1,0.0028,0.00242468,50.29,BTC-24DEC24-100000-C,96055.3,buy,0.7,0.7
60,336043844,2024-12-22 07:59:24,2,0.0027,0.0024533,49.65,BTC-24DEC24-100000-C,96061.08,buy,1.0,1.0
61,336043972,2024-12-22 08:00:18,0,0.0029,0.00256285,50.39,BTC-24DEC24-100000-C,96134.55,buy,1.8,1.8
62,336044414,2024-12-22 08:01:13,0,0.003,0.00270574,50.08,BTC-24DEC24-100000-C,96210.91,buy,1.8,1.8
63,336044823,2024-12-22 08:02:09,1,0.003,0.00271108,50.09,BTC-24DEC24-100000-C,96207.52,buy,4.6,4.6
64,336045330,2024-12-22 08:03:03,0,0.0031,0.0028723,49.76,BTC-24DEC24-100000-C,96305.32,buy,1.0,1.0
65,336045504,2024-12-22 08:03:33,2,0.0028,0.0028997,47.95,BTC-24DEC24-100000-C,96319.12,sell,0.1,0.1
66,336045565,2024-12-22 08:03:57,0,0.0032,0.00290043,50.18,BTC-24DEC24-100000-C,96319.97,buy,2.0,2.0
67,336045566,2024-12-22 08:03:57,1,0.0032,0.00290043,50.18,BTC-24DEC24-100000-C,96319.97,buy,1.3,1.3
68,336045881,2024-12-22 08:04:51,0,0.0033,0.00298996,50.38,BTC-24DEC24-100000-C,96351.99,buy,0.9,0.9
69,336046132,2024-12-22 08:05:44,0,0.0034,0.00310459,50.37,BTC-24DEC24-100000-C,96412.32,buy,2.0,2.0
70,336046133,2024-12-22 08:05:44,1,0.0034,0.00310459,50.37,BTC-24DEC24-100000-C,96412.32,buy,1.0,1.0
71,336046134,2024-12-22 08:05:44,1,0.0034,0.00310459,50.37,BTC-24DEC24-100000-C,96412.32,buy,0.6,0.6
72,336046343,2024-12-22 08:06:38,1,0.0034,0.00300223,51.11,BTC-24DEC24-100000-C,96368.55,buy,1.2,1.2
73,336046453,2024-12-22 08:07:32,2,0.0033,0.00294596,51.0,BTC-24DEC24-100000-C,96289.35,buy,1.2,1.2
74,336046567,2024-12-22 08:08:26,0,0.0034,0.00301288,51.47,BTC-24DEC24-100000-C,96300.87,buy,4.4,4.4
75,336046672,2024-12-22 08:09:20,0,0.0035,0.00309826,51.84,BTC-24DEC24-100000-C,96311.35,buy,1.2,1.2
76,336046813,2024-12-22 08:10:15,2,0.0033,0.00313768,50.66,BTC-24DEC24-100000-C,96325.99,buy,0.1,0.1
77,336047028,2024-12-22 08:11:13,0,0.0035,0.00315356,51.73,BTC-24DEC24-100000-C,96331.85,buy,5.6,5.6
78,336047133,2024-12-22 08:12:08,0,0.0037,0.00320644,52.74,BTC-24DEC24-100000-C,96338.74,buy,2.4,2.4
79,336047310,2024-12-22 08:13:03,0,0.0038,0.00339938,53.41,BTC-24DEC24-100000-C,96321.73,buy,2.2,2.2
80,336047381,2024-12-22 08:14:00,1,0.0038,0.00339572,53.82,BTC-24DEC24-100000-C,96276.69,buy,2.4,2.4
81,336047520,2024-12-22 08:14:55,0,0.0039,0.00353521,53.92,BTC-24DEC24-100000-C,96313.48,buy,2.3,2.3
82,336047608,2024-12-22 08:15:52,1,0.0039,0.00360619,53.58,BTC-24DEC24-100000-C,96352.72,buy,2.4,2.4
83,336047652,2024-12-22 08:15:54,2,0.0035,0.00360581,51.51,BTC-24DEC24-100000-C,96342.7,sell,0.2,0.2
84,336047780,2024-12-22 08:16:45,0,0.0038,0.00346824,53.88,BTC-24DEC24-100000-C,96271.78,buy,2.0,2.0
85,336047892,2024-12-22 08:17:39,1,0.0038,0.00355732,53.5,BTC-24DEC24-100000-C,96309.95,buy,0.1,0.1
86,336047997,2024-12-22 08:18:33,0,0.004,0.00367222,54.03,BTC-24DEC24-100000-C,96375.01,buy,0.8,0.8
87,336047998,2024-12-22 08:18:33,1,0.004,0.00367222,54.03,BTC-24DEC24-100000-C,96375.01,buy,3.6,3.6
88,336048332,2024-12-22 08:19:26,0,0.0041,0.00394159,53.1,BTC-24DEC24-100000-C,96509.25,buy,1.0,1.0
89,336048493,2024-12-22 08:20:20,0,0.0042,0.00395616,53.47,BTC-24DEC24-100000-C,96521.99,buy,0.3,0.3
90,336048494,2024-12-22 08:20:20,1,0.0042,0.00395616,53.47,BTC-24DEC24-100000-C,96521.99,buy,3.2,3.2
91,336048519,2024-12-22 08:20:33,2,0.0038,0.00398919,51.44,BTC-24DEC24-100000-C,96538.62,sell,0.1,0.1
92,336048627,2024-12-22 08:21:14,0,0.0042,0.00390838,53.78,BTC-24DEC24-100000-C,96498.99,buy,2.1,2.1
93,336048691,2024-12-22 08:22:08,1,0.0042,0.00394013,53.68,BTC-24DEC24-100000-C,96506.3,buy,1.3,1.3
94,336048692,2024-12-22 08:22:08,1,0.0042,0.00394013,53.68,BTC-24DEC24-100000-C,96506.3,buy,0.7,0.7
95,336048805,2024-12-22 08:23:04,0,0.0043,0.00395429,54.13,BTC-24DEC24-100000-C,96512.27,buy,2.6,2.6
96,336048916,2024-12-22 08:23:59,1,0.0043,0.00404823,53.7,BTC-24DEC24-100000-C,96553.41,buy,0.8,0.8
97,336048917,2024-12-22 08:23:59,1,0.0043,0.00404823,53.7,BTC-24DEC24-100000-C,96553.41,buy,1.5,1.5
98,336049130,2024-12-22 08:24:56,1,0.0043,0.004011,53.92,BTC-24DEC24-100000-C,96534.53,buy,1.5,1.5
99,336049131,2024-12-22 08:24:56,1,0.0043,0.004011,53.92,BTC-24DEC24-100000-C,96534.53,buy,0.9,0.9
100,336049317,2024-12-22 08:25:58,2,0.0042,0.00391023,53.99,BTC-24DEC24-100000-C,96485.96,buy,2.5,2.5
101,336049449,2024-12-22 08:27:01,3,0.0042,0.00385216,54.37,BTC-24DEC24-100000-C,96440.07,buy,2.7,2.7
102,336049534,2024-12-22 08:27:55,3,0.0042,0.00387016,54.33,BTC-24DEC24-100000-C,96442.26,buy,0.7,0.7
103,336049535,2024-12-22 08:27:55,3,0.0042,0.00387016,54.33,BTC-24DEC24-100000-C,96442.26,buy,1.5,1.5
104,336049643,2024-12-22 08:28:38,2,0.004,0.0039071,53.21,BTC-24DEC24-100000-C,96454.7,sell,4.8,4.8
105,336049644,2024-12-22 08:28:38,3,0.004,0.0039071,53.21,BTC-24DEC24-100000-C,96454.7,sell,0.1,0.1
106,336049646,2024-12-22 08:28:44,3,0.004,0.00394516,53.05,BTC-24DEC24-100000-C,96471.51,sell,0.1,0.1
107,336049780,2024-12-22 08:30:00,0,0.0043,0.00401576,54.38,BTC-24DEC24-100000-C,96491.0,buy,0.2,0.2
108,336049850,2024-12-22 08:30:29,2,0.004,0.00398962,53.03,BTC-24DEC24-100000-C,96475.22,sell,0.2,0.2
109,336049858,2024-12-22 08:30:33,3,0.004,0.0039662,53.16,BTC-24DEC24-100000-C,96463.64,sell,0.2,0.2
110,336049893,2024-12-22 08:30:53,0,0.0043,0.00394473,54.8,BTC-24DEC24-100000-C,96453.16,buy,1.2,1.2
111,336049894,2024-12-22 08:30:53,1,0.0043,0.00394473,54.8,BTC-24DEC24-100000-C,96453.16,buy,0.6,0.6
112,336049903,2024-12-22 08:31:01,2,0.004,0.00396092,53.24,BTC-24DEC24-100000-C,96458.88,sell,0.1,0.1
113,336049905,2024-12-22 08:31:09,3,0.004,0.00396673,53.22,BTC-24DEC24-100000-C,96460.72,sell,0.1,0.1
114,336049930,2024-12-22 08:31:48,0,0.0043,0.00401944,54.64,BTC-24DEC24-100000-C,96466.27,buy,2.1,2.1
115,336049959,2024-12-22 08:32:22,2,0.0041,0.00406194,53.5,BTC-24DEC24-100000-C,96483.67,sell,0.5,0.5
116,336049987,2024-12-22 08:32:40,0,0.0042,0.00410999,53.85,BTC-24DEC24-100000-C,96510.39,sell,5.6,5.6
117,336050005,2024-12-22 08:32:42,1,0.0042,0.00412322,53.85,BTC-24DEC24-100000-C,96518.91,sell,1.0,1.0
118,336050007,2024-12-22 08:32:42,1,0.0042,0.00414346,53.85,BTC-24DEC24-100000-C,96525.5,sell,0.1,0.1
119,336050235,2024-12-22 08:34:45,0,0.0045,0.00430327,54.83,BTC-24DEC24-100000-C,96547.69,buy,0.2,0.2
120,336050265,2024-12-22 08:35:39,0,0.0046,0.00431497,55.52,BTC-24DEC24-100000-C,96539.52,buy,2.2,2.2
121,336050308,2024-12-22 08:36:24,2,0.0044,0.00435937,54.28,BTC-24DEC24-100000-C,96554.69,sell,11.0,11.0
122,336050309,2024-12-22 08:36:24,3,0.0044,0.00435937,54.28,BTC-24DEC24-100000-C,96554.69,sell,13.0,13.0
123,336050371,2024-12-22 08:37:48,3,0.0044,0.00436774,54.53,BTC-24DEC24-100000-C,96517.44,sell,13.0,13.0
124,336050372,2024-12-22 08:37:48,0,0.0045,0.00436774,55.02,BTC-24DEC24-100000-C,96517.44,sell,13.0,13.0
125,336050428,2024-12-22 08:39:29,2,0.0043,0.00429704,54.93,BTC-24DEC24-100000-C,96444.05,sell,13.0,13.0
126,336050452,2024-12-22 08:40:05,3,0.0043,0.00426127,55.15,BTC-24DEC24-100000-C,96422.39,sell,13.0,13.0
127,336050453,2024-12-22 08:40:05,3,0.0043,0.00426127,55.15,BTC-24DEC24-100000-C,96422.39,sell,13.0,13.0
128,336051173,2024-12-22 08:49:41,3,0.0043,0.00433157,55.29,BTC-24DEC24-100000-C,96442.68,buy,0.1,0.1
129,336051539,2024-12-22 08:56:28,3,0.0043,0.00446505,54.52,BTC-24DEC24-100000-C,96497.19,sell,0.1,0.1
130,336052182,2024-12-22 09:09:42,2,0.004,0.00409002,55.43,BTC-24DEC24-100000-C,96261.63,sell,0.4,0.4
131,336052314,2024-12-22 09:11:41,0,0.0044,0.00418618,57.05,BTC-24DEC24-100000-C,96302.96,buy,0.6,0.6
132,336052360,2024-12-22 09:12:37,0,0.0045,0.00424673,57.3,BTC-24DEC24-100000-C,96328.29,buy,1.0,1.0
133,336052361,2024-12-22 09:12:37,1,0.0045,0.00424673,57.3,BTC-24DEC24-100000-C,96328.29,buy,1.3,1.3
134,336052377,2024-12-22 09:13:31,1,0.0045,0.00427555,57.21,BTC-24DEC24-100000-C,96339.43,buy,2.3,2.3
135,336052422,2024-12-22 09:14:36,1,0.0045,0.00426936,57.31,BTC-24DEC24-100000-C,96335.52,buy,2.7,2.7
136,336052460,2024-12-22 09:15:30,0,0.0047,0.00437607,57.79,BTC-24DEC24-100000-C,96384.62,buy,1.7,1.7
137,336052461,2024-12-22 09:15:30,1,0.0047,0.00437607,57.79,BTC-24DEC24-100000-C,96384.62,buy,0.6,0.6
138,336052514,2024-12-22 09:16:29,2,0.0046,0.00434686,57.5,BTC-24DEC24-100000-C,96366.01,buy,2.4,2.4
139,336052546,2024-12-22 09:17:34,0,0.0047,0.00440602,57.77,BTC-24DEC24-100000-C,96396.18,buy,2.7,2.7
140,336052552,2024-12-22 09:17:51,2,0.0043,0.00443111,55.72,BTC-24DEC24-100000-C,96401.22,sell,0.5,0.5
141,336052569,2024-12-22 09:18:34,0,0.0048,0.00448324,58.02,BTC-24DEC24-100000-C,96426.07,buy,0.8,0.8
142,336052570,2024-12-22 09:18:34,1,0.0048,0.00448324,58.02,BTC-24DEC24-100000-C,96426.07,buy,0.9,0.9
143,336052571,2024-12-22 09:18:34,1,0.0048,0.00448324,58.02,BTC-24DEC24-100000-C,96426.07,buy,0.8,0.8
144,336052601,2024-12-22 09:19:36,2,0.0047,0.00444833,57.67,BTC-24DEC24-100000-C,96403.96,buy,2.6,2.6
145,336052607,2024-12-22 09:20:29,0,0.0048,0.00449609,57.98,BTC-24DEC24-100000-C,96420.24,buy,2.2,2.2
146,336052655,2024-12-22 09:21:26,1,0.0048,0.00463538,57.32,BTC-24DEC24-100000-C,96484.6,buy,2.4,2.4
147,336052689,2024-12-22 09:22:26,1,0.0048,0.00461517,57.46,BTC-24DEC24-100000-C,96477.16,buy,2.5,2.5
148,336052730,2024-12-22 09:23:29,0,0.0049,0.00472876,57.47,BTC-24DEC24-100000-C,96525.02,buy,2.6,2.6
149,336052783,2024-12-22 09:24:30,0,0.005,0.00479498,57.6,BTC-24DEC24-100000-C,96553.04,buy,2.6,2.6
150,336053022,2024-12-22 09:25:24,0,0.0055,0.00496229,59.22,BTC-24DEC24-100000-C,96627.75,buy,2.2,2.2
151,336053283,2024-12-22 09:26:20,1,0.0055,0.00510361,58.52,BTC-24DEC24-100000-C,96686.3,buy,2.3,2.3
152,336053401,2024-12-22 09:27:18,1,0.0055,0.00513693,58.4,BTC-24DEC24-100000-C,96691.84,buy,2.5,2.5
153,336053455,2024-12-22 09:28:13,1,0.0055,0.00509545,58.63,BTC-24DEC24-100000-C,96682.65,buy,2.3,2.3
154,336053467,2024-12-22 09:29:15,1,0.0055,0.00508681,58.71,BTC-24DEC24-100000-C,96673.43,buy,1.6,1.6
155,336053468,2024-12-22 09:29:15,1,0.0055,0.00508681,58.71,BTC-24DEC24-100000-C,96673.43,buy,6.0,6.0
156,336053469,2024-12-22 09:29:15,1,0.0055,0.00508681,58.71,BTC-24DEC24-100000-C,96673.43,buy,11.0,11.0
157,336053470,2024-12-22 09:29:15,1,0.0055,0.00508681,58.71,BTC-24DEC24-100000-C,96673.43,buy,1.7,1.7
158,336053471,2024-12-22 09:29:15,1,0.0055,0.00508681,58.71,BTC-24DEC24-100000-C,96673.43,buy,11.0,11.0
159,336053472,2024-12-22 09:29:15,1,0.0055,0.00508681,58.71,BTC-24DEC24-100000-C,96673.43,buy,1.0,1.0
160,336053473,2024-12-22 09:29:15,1,0.0055,0.00508681,58.71,BTC-24DEC24-100000-C,96673.43,buy,2.5,2.5
161,336053474,2024-12-22 09:29:15,1,0.0055,0.00508681,58.71,BTC-24DEC24-100000-C,96673.43,buy,50.0,50.0
162,336053475,2024-12-22 09:29:15,1,0.0055,0.00508681,58.71,BTC-24DEC24-100000-C,96673.43,buy,0.2,0.2
163,336053476,2024-12-22 09:29:15,1,0.0055,0.00508681,58.71,BTC-24DEC24-100000-C,96673.43,buy,0.1,0.1
164,336053561,2024-12-22 09:29:34,2,0.005,0.00506328,56.79,BTC-24DEC24-100000-C,96638.75,sell,0.1,0.1
165,336053929,2024-12-22 09:33:02,3,0.005,0.00528465,57.12,BTC-24DEC24-100000-C,96610.92,sell,3.6,3.6
166,336053930,2024-12-22 09:33:02,3,0.005,0.00528465,57.12,BTC-24DEC24-100000-C,96610.92,sell,3.0,3.0
167,336053931,2024-12-22 09:33:02,3,0.005,0.00528465,57.12,BTC-24DEC24-100000-C,96610.92,buy,3.8,3.8
168,336053932,2024-12-22 09:33:02,3,0.005,0.00528465,57.12,BTC-24DEC24-100000-C,96610.92,buy,1.9,1.9
169,336053989,2024-12-22 09:34:09,3,0.005,0.00537056,56.4,BTC-24DEC24-100000-C,96674.95,buy,1.9,1.9
170,336054067,2024-12-22 09:35:56,3,0.005,0.00535462,56.06,BTC-24DEC24-100000-C,96706.59,buy,14.5,14.5
171,336057881,2024-12-22 10:00:35,0,0.0065,0.00640418,61.05,BTC-24DEC24-100000-C,96903.29,buy,0.1,0.1
172,336059319,2024-12-22 10:16:49,2,0.0055,0.00549442,55.83,BTC-24DEC24-100000-C,96988.55,buy,2.0,2.0
173,336059320,2024-12-22 10:16:49,3,0.0055,0.00549442,55.83,BTC-24DEC24-100000-C,96988.55,buy,1.5,1.5
174,336059321,2024-12-22 10:16:49,3,0.0055,0.00549442,55.83,BTC-24DEC24-100000-C,96988.55,sell,1.9,1.9
175,336059557,2024-12-22 10:21:02,2,0.005,0.00556936,53.07,BTC-24DEC24-100000-C,97033.71,sell,1.0,1.0
176,336060740,2024-12-22 10:39:27,0,0.0055,0.00565887,53.4,BTC-24DEC24-100000-C,97225.6,buy,0.5,0.5
177,336061823,2024-12-22 11:05:15,2,0.0048,0.00480657,53.2,BTC-24DEC24-100000-C,96977.49,buy,1.2,1.2
178,336061954,2024-12-22 11:09:23,0,0.0049,0.004886,53.19,BTC-24DEC24-100000-C,97032.57,buy,0.8,0.8
179,336062034,2024-12-22 11:11:32,2,0.0048,0.00482807,52.97,BTC-24DEC24-100000-C,97011.32,buy,0.7,0.7
180,336062102,2024-12-22 11:13:26,0,0.0049,0.0048691,53.17,BTC-24DEC24-100000-C,97037.7,buy,1.0,1.0
181,336062526,2024-12-22 11:21:39,0,0.005,0.00498242,53.23,BTC-24DEC24-100000-C,97078.27,buy,0.1,0.1
182,336063917,2024-12-22 12:02:09,2,0.0049,0.00491936,53.22,BTC-24DEC24-100000-C,97075.58,buy,0.6,0.6
183,336066051,2024-12-22 12:34:06,0,0.005,0.00496045,52.85,BTC-24DEC24-100000-C,97188.71,buy,0.5,0.5
184,336066052,2024-12-22 12:34:06,1,0.005,0.00496045,52.85,BTC-24DEC24-100000-C,97188.71,buy,0.7,0.7
185,336066534,2024-12-22 12:46:14,2,0.0044,0.00471731,51.22,BTC-24DEC24-100000-C,97074.48,sell,0.1,0.1
186,336067218,2024-12-22 13:07:30,2,0.0043,0.00422985,52.92,BTC-24DEC24-100000-C,96881.11,buy,0.6,0.6
187,336067835,2024-12-22 13:20:11,3,0.0043,0.00433078,52.66,BTC-24DEC24-100000-C,96932.29,buy,0.1,0.1
188,336069012,2024-12-22 13:52:53,2,0.004,0.00400734,52.86,BTC-24DEC24-100000-C,96804.76,buy,0.1,0.1
189,336069815,2024-12-22 14:05:05,2,0.0038,0.00405567,51.43,BTC-24DEC24-100000-C,96864.92,sell,0.5,0.5
190,336073057,2024-12-22 14:23:13,2,0.003,0.00276181,54.86,BTC-24DEC24-100000-C,96078.97,sell,0.1,0.1
191,336073339,2024-12-22 14:23:51,2,0.0027,0.00264548,54.02,BTC-24DEC24-100000-C,95989.25,sell,0.3,0.3
192,336073674,2024-12-22 14:25:07,0,0.0031,0.00274675,55.99,BTC-24DEC24-100000-C,96020.69,sell,0.1,0.1
193,336073978,2024-12-22 14:26:52,2,0.0027,0.00270933,54.02,BTC-24DEC24-100000-C,95970.07,buy,0.1,0.1
194,336080643,2024-12-22 14:45:11,2,0.0026,0.00257388,55.51,BTC-24DEC24-100000-C,95756.74,sell,0.1,0.1
195,336082497,2024-12-22 14:49:38,0,0.0027,0.00299186,53.22,BTC-24DEC24-100000-C,96081.76,sell,0.1,0.1
196,336085634,2024-12-22 14:52:32,2,0.0025,0.00246353,56.03,BTC-24DEC24-100000-C,95703.27,sell,0.1,0.1
197,336085724,2024-12-22 14:52:40,3,0.0025,0.00243075,56.04,BTC-24DEC24-100000-C,95700.27,sell,0.1,0.1
198,336092553,2024-12-22 15:05:55,2,0.0023,0.00220745,56.4,BTC-24DEC24-100000-C,95471.5,sell,0.1,0.1
199,336093272,2024-12-22 15:07:58,2,0.0021,0.00227133,54.76,BTC-24DEC24-100000-C,95515.71,sell,1.0,1.0
200,336093273,2024-12-22 15:07:58,3,0.0021,0.00227133,54.76,BTC-24DEC24-100000-C,95515.71,sell,0.9,0.9
201,336093274,2024-12-22 15:07:58,0,0.0023,0.0022888,56.1,BTC-24DEC24-100000-C,95523.14,sell,0.1,0.1
202,336093275,2024-12-22 15:07:58,1,0.0023,0.0022888,56.1,BTC-24DEC24-100000-C,95523.14,sell,4.1,4.1
203,336093276,2024-12-22 15:07:59,1,0.0023,0.0022888,56.1,BTC-24DEC24-100000-C,95523.14,sell,0.9,0.9
204,336099526,2024-12-22 15:33:35,2,0.0022,0.00218928,57.06,BTC-24DEC24-100000-C,95368.88,buy,0.1,0.1
205,336099528,2024-12-22 15:33:39,3,0.0022,0.00216869,57.11,BTC-24DEC24-100000-C,95349.1,buy,0.1,0.1
206,336099531,2024-12-22 15:33:42,3,0.0022,0.0021707,57.11,BTC-24DEC24-100000-C,95352.39,buy,0.1,0.1
207,336099599,2024-12-22 15:34:23,3,0.0022,0.0022338,56.66,BTC-24DEC24-100000-C,95417.09,buy,0.1,0.1
208,336099616,2024-12-22 15:34:27,3,0.0022,0.00225167,56.44,BTC-24DEC24-100000-C,95419.51,buy,0.1,0.1
209,336099722,2024-12-22 15:35:00,2,0.0021,0.00221931,55.83,BTC-24DEC24-100000-C,95405.12,buy,0.1,0.1
210,336099725,2024-12-22 15:35:03,3,0.0021,0.00220794,55.83,BTC-24DEC24-100000-C,95400.42,buy,0.1,0.1
211,336099742,2024-12-22 15:35:07,3,0.0021,0.00219024,55.96,BTC-24DEC24-100000-C,95380.4,buy,0.1,0.1
212,336099764,2024-12-22 15:35:10,3,0.0021,0.00218017,56.08,BTC-24DEC24-100000-C,95382.22,buy,0.1,0.1
213,336099767,2024-12-22 15:35:14,3,0.0021,0.00218586,56.12,BTC-24DEC24-100000-C,95389.36,buy,0.1,0.1
214,336100409,2024-12-22 15:39:34,2,0.002,0.00204292,56.22,BTC-24DEC24-100000-C,95290.19,buy,0.1,0.1
215,336100588,2024-12-22 15:40:27,2,0.0019,0.00202542,55.39,BTC-24DEC24-100000-C,95289.31,buy,0.9,0.9
216,336100642,2024-12-22 15:40:58,2,0.0018,0.00201718,54.67,BTC-24DEC24-100000-C,95284.36,sell,0.1,0.1
217,336102733,2024-12-22 15:53:27,3,0.0018,0.00180948,56.59,BTC-24DEC24-100000-C,95084.83,buy,0.9,0.9
218,336103088,2024-12-22 15:54:41,3,0.0018,0.00185883,56.13,BTC-24DEC24-100000-C,95151.75,buy,0.5,0.5
219,336103093,2024-12-22 15:54:43,3,0.0018,0.00187977,56.1,BTC-24DEC24-100000-C,95180.18,buy,0.5,0.5
220,336103409,2024-12-22 15:55:41,3,0.0018,0.00192868,55.48,BTC-24DEC24-100000-C,95221.07,buy,0.1,0.1
