trade_seq,trade_id,timestamp,tick_direction,price,mark_price,iv,instrument_name,index_price,direction,contracts,amount,combo_id,block_trade_id,liquidation,combo_trade_id
1,306699941,2024-06-27 14:23:07,1,0.0465,0.03700773,76.56,BTC-27JUN25-200000-C,62244.68,buy,5.0,5.0,,,,
2,306712675,2024-06-27 16:23:36,2,0.036,0.03771727,72.4,BTC-27JUN25-200000-C,61607.79,buy,0.1,0.1,,,,
3,306713092,2024-06-27 16:29:32,0,0.0365,0.03646828,72.66,BTC-27JUN25-200000-C,61560.02,buy,0.1,0.1,,,,
4,306713098,2024-06-27 16:29:45,0,0.037,0.03645595,72.89,BTC-27JUN25-200000-C,61566.85,buy,0.1,0.1,,,,
5,306713099,2024-06-27 16:29:48,0,0.038,0.03644833,73.35,BTC-27JUN25-200000-C,61565.89,buy,0.1,0.1,,,,
6,306743697,2024-06-28 01:27:06,1,0.038,0.03665918,73.13,BTC-27JUN25-200000-C,62025.51,buy,0.1,0.1,,,,
7,306743952,2024-06-28 01:27:41,1,0.038,0.03653769,73.18,BTC-27JUN25-200000-C,61941.48,buy,0.1,0.1,,,,
8,306743958,2024-06-28 01:27:44,1,0.038,0.03654171,73.18,BTC-27JUN25-200000-C,61944.65,buy,0.2,0.2,,,,
9,306743963,2024-06-28 01:27:46,1,0.038,0.0365503,73.17,BTC-27JUN25-200000-C,61952.08,buy,0.5,0.5,,,,
10,306743967,2024-06-28 01:27:49,1,0.038,0.03656119,73.17,BTC-27JUN25-200000-C,61960.0,buy,0.1,0.1,,,,
11,306743972,2024-06-28 01:27:52,1,0.038,0.0365437,73.17,BTC-27JUN25-200000-C,61948.07,buy,0.3,0.3,,,,
12,306743976,2024-06-28 01:27:55,1,0.038,0.0365395,73.18,BTC-27JUN25-200000-C,61946.24,buy,0.3,0.3,,,,
13,306744005,2024-06-28 01:28:00,1,0.038,0.03651982,73.18,BTC-27JUN25-200000-C,61936.37,buy,0.1,0.1,,,,
14,306744010,2024-06-28 01:28:02,1,0.038,0.03652487,73.18,BTC-27JUN25-200000-C,61936.77,buy,0.2,0.2,,,,
15,306744025,2024-06-28 01:28:05,1,0.038,0.03653095,73.18,BTC-27JUN25-200000-C,61942.24,buy,0.2,0.2,,,,
16,306747851,2024-06-28 01:51:20,1,0.038,0.03625572,73.27,BTC-27JUN25-200000-C,61826.88,buy,0.9,0.9,,,,
17,306747859,2024-06-28 01:51:23,1,0.038,0.03625265,73.27,BTC-27JUN25-200000-C,61826.73,buy,0.3,0.3,,,,
18,306747863,2024-06-28 01:51:25,1,0.038,0.03624957,73.27,BTC-27JUN25-200000-C,61823.08,buy,0.7,0.7,,,,
19,306761952,2024-06-28 05:38:58,2,0.037,0.0362824,73.08,BTC-27JUN25-200000-C,61467.35,buy,0.1,0.1,,,,
20,306761971,2024-06-28 05:39:09,3,0.037,0.03626338,73.09,BTC-27JUN25-200000-C,61460.74,buy,0.1,0.1,,,,
21,306761981,2024-06-28 05:39:26,2,0.0365,0.036243,72.86,BTC-27JUN25-200000-C,61460.74,buy,0.1,0.1,,,,
22,306762011,2024-06-28 05:39:49,0,0.037,0.03622624,73.1,BTC-27JUN25-200000-C,61461.33,buy,0.1,0.1,,,,
23,306762215,2024-06-28 05:40:49,1,0.037,0.03616685,73.11,BTC-27JUN25-200000-C,61444.28,buy,0.1,0.1,,,,
24,306762885,2024-06-28 05:48:12,1,0.037,0.03606732,73.09,BTC-27JUN25-200000-C,61440.31,buy,0.1,0.1,,,,
25,306762891,2024-06-28 05:48:17,1,0.037,0.03607489,73.09,BTC-27JUN25-200000-C,61443.1,buy,0.1,0.1,,,,
26,306762900,2024-06-28 05:48:21,1,0.037,0.03608917,73.08,BTC-27JUN25-200000-C,61452.22,buy,0.1,0.1,,,,
27,306762901,2024-06-28 05:48:27,1,0.037,0.03609082,73.08,BTC-27JUN25-200000-C,61455.83,buy,0.1,0.1,,,,
28,306763231,2024-06-28 05:52:07,0,0.0375,0.03610784,73.28,BTC-27JUN25-200000-C,61502.78,buy,0.1,0.1,,,,
29,306763860,2024-06-28 05:54:49,1,0.0375,0.03620813,73.25,BTC-27JUN25-200000-C,61548.16,buy,0.1,0.1,,,,
30,306763864,2024-06-28 05:54:59,1,0.0375,0.03620064,73.26,BTC-27JUN25-200000-C,61547.39,buy,0.1,0.1,,,,
31,306763887,2024-06-28 05:55:09,1,0.0375,0.03621976,73.25,BTC-27JUN25-200000-C,61556.53,buy,0.1,0.1,,,,
32,306763894,2024-06-28 05:55:19,1,0.0375,0.03624873,73.24,BTC-27JUN25-200000-C,61563.6,buy,0.1,0.1,,,,
33,306763897,2024-06-28 05:55:29,1,0.0375,0.0362576,73.23,BTC-27JUN25-200000-C,61562.58,buy,0.1,0.1,,,,
34,306763898,2024-06-28 05:55:39,1,0.0375,0.03626921,73.22,BTC-27JUN25-200000-C,61565.49,buy,0.1,0.1,,,,
35,306763903,2024-06-28 05:55:49,1,0.0375,0.03626055,73.23,BTC-27JUN25-200000-C,61560.04,buy,0.1,0.1,,,,
36,306763912,2024-06-28 05:55:59,1,0.0375,0.03624937,73.23,BTC-27JUN25-200000-C,61558.89,buy,0.1,0.1,,,,
37,306763917,2024-06-28 05:56:09,1,0.0375,0.03625274,73.23,BTC-27JUN25-200000-C,61563.82,buy,0.1,0.1,,,,
38,306764296,2024-06-28 06:02:04,1,0.0375,0.03609636,73.25,BTC-27JUN25-200000-C,61546.86,buy,0.1,0.1,,,,
39,306765245,2024-06-28 06:12:59,2,0.037,0.03627733,73.0,BTC-27JUN25-200000-C,61593.75,buy,0.1,0.1,,,,
40,306765248,2024-06-28 06:13:04,0,0.0375,0.03627779,73.24,BTC-27JUN25-200000-C,61594.42,buy,0.1,0.1,,,,
41,306765637,2024-06-28 06:18:13,2,0.036,0.03615322,72.59,BTC-27JUN25-200000-C,61532.53,buy,0.1,0.1,,,,
42,306765654,2024-06-28 06:18:27,0,0.0365,0.03613138,72.84,BTC-27JUN25-200000-C,61520.85,buy,0.1,0.1,,,,
43,306765656,2024-06-28 06:18:33,0,0.037,0.03613054,73.08,BTC-27JUN25-200000-C,61521.14,buy,0.1,0.1,,,,
44,306766054,2024-06-28 06:28:02,0,0.0375,0.03619051,73.3,BTC-27JUN25-200000-C,61533.78,buy,0.1,0.1,,,,
45,306767935,2024-06-28 06:55:24,1,0.0375,0.03622642,73.31,BTC-27JUN25-200000-C,61513.73,buy,0.1,0.1,,,,
46,306797798,2024-06-28 09:31:02,2,0.0365,0.03593384,73.18,BTC-27JUN25-200000-C,61320.85,buy,0.2,0.2,,,,
47,306810893,2024-06-28 12:27:21,3,0.0365,0.03585456,72.99,BTC-27JUN25-200000-C,61608.23,buy,0.1,0.1,,,,
48,306810951,2024-06-28 12:27:31,3,0.0365,0.03590343,72.97,BTC-27JUN25-200000-C,61638.4,buy,0.1,0.1,,,,
49,306810984,2024-06-28 12:27:41,3,0.0365,0.03592028,72.96,BTC-27JUN25-200000-C,61651.02,buy,0.1,0.1,,,,
50,306811008,2024-06-28 12:27:51,3,0.0365,0.0359135,72.96,BTC-27JUN25-200000-C,61644.8,buy,0.1,0.1,,,,
51,306811018,2024-06-28 12:28:01,3,0.0365,0.03590932,72.97,BTC-27JUN25-200000-C,61638.28,buy,0.1,0.1,,,,
52,306811049,2024-06-28 12:28:11,3,0.0365,0.0359021,72.96,BTC-27JUN25-200000-C,61647.55,buy,0.1,0.1,,,,
53,306811120,2024-06-28 12:28:22,3,0.0365,0.03596113,72.94,BTC-27JUN25-200000-C,61686.06,buy,0.1,0.1,,,,
54,306811134,2024-06-28 12:28:32,3,0.0365,0.03597375,72.94,BTC-27JUN25-200000-C,61683.81,buy,0.1,0.1,,,,
55,306811151,2024-06-28 12:28:42,3,0.0365,0.03598825,72.92,BTC-27JUN25-200000-C,61696.8,buy,0.1,0.1,,,,
56,306811172,2024-06-28 12:28:52,3,0.0365,0.0360032,72.92,BTC-27JUN25-200000-C,61699.16,buy,0.1,0.1,,,,
57,306845751,2024-06-28 15:52:23,2,0.036,0.03541997,73.28,BTC-27JUN25-200000-C,60890.43,buy,0.5,0.5,,,,
58,306845769,2024-06-28 15:52:46,0,0.0365,0.03539581,73.52,BTC-27JUN25-200000-C,60875.11,buy,0.5,0.5,,,,
59,306868130,2024-06-28 19:39:57,2,0.034,0.03439197,72.75,BTC-27JUN25-200000-C,60240.68,buy,0.2,0.2,,,,
60,306891305,2024-06-29 04:50:48,2,0.0315,0.03399483,71.28,BTC-27JUN25-200000-C,60700.2,buy,0.1,0.1,,,,
61,306911167,2024-06-29 15:52:39,0,0.032,0.03413904,71.35,BTC-27JUN25-200000-C,60968.36,buy,0.1,0.1,,,,
62,306911169,2024-06-29 15:52:57,0,0.033,0.03407309,71.84,BTC-27JUN25-200000-C,60967.49,buy,0.1,0.1,,,,
63,306911182,2024-06-29 15:53:11,1,0.033,0.03404613,71.84,BTC-27JUN25-200000-C,60976.34,buy,0.1,0.1,,,,
64,306911183,2024-06-29 15:53:11,0,0.034,0.03404613,72.33,BTC-27JUN25-200000-C,60976.34,buy,0.1,0.1,,,,
65,306911187,2024-06-29 15:53:24,1,0.034,0.03401512,72.32,BTC-27JUN25-200000-C,60975.77,buy,0.1,0.1,,,,
66,306911191,2024-06-29 15:53:42,0,0.037,0.03402216,73.75,BTC-27JUN25-200000-C,60978.3,buy,0.1,0.1,,,,
67,306962424,2024-06-30 19:21:25,2,0.0335,0.03423818,71.51,BTC-27JUN25-200000-C,61891.17,sell,0.1,0.1,,,,
68,306963950,2024-06-30 20:02:53,0,0.034,0.03367068,71.71,BTC-27JUN25-200000-C,61931.92,buy,0.1,0.1,,,,
69,306974868,2024-06-30 22:31:27,0,0.0345,0.03510762,71.25,BTC-27JUN25-200000-C,62753.52,buy,0.1,0.1,,,,
70,306983014,2024-07-01 00:00:04,1,0.0345,0.03441601,71.32,BTC-27JUN25-200000-C,62683.05,buy,0.1,0.1,,,,
71,306984900,2024-07-01 00:27:17,1,0.0345,0.0347288,71.38,BTC-27JUN25-200000-C,62611.51,buy,0.1,0.1,,,,
72,306984943,2024-07-01 00:28:03,1,0.0345,0.03472528,71.37,BTC-27JUN25-200000-C,62622.27,buy,0.1,0.1,,,,
73,306985132,2024-07-01 00:33:00,2,0.034,0.03469581,71.12,BTC-27JUN25-200000-C,62634.18,sell,0.1,0.1,,,,
74,306985286,2024-07-01 00:37:30,3,0.034,0.03461886,71.11,BTC-27JUN25-200000-C,62642.88,sell,0.1,0.1,,,,
75,306989402,2024-07-01 01:10:58,0,0.0345,0.03485804,70.9,BTC-27JUN25-200000-C,63251.87,buy,0.1,0.1,,,,
76,306989403,2024-07-01 01:10:58,1,0.0345,0.03485804,70.9,BTC-27JUN25-200000-C,63251.87,buy,0.1,0.1,,,,
77,306989404,2024-07-01 01:10:58,1,0.0345,0.03485804,70.9,BTC-27JUN25-200000-C,63251.87,buy,0.1,0.1,,,,
78,306989405,2024-07-01 01:10:58,1,0.0345,0.03485804,70.9,BTC-27JUN25-200000-C,63251.87,buy,0.1,0.1,,,,
79,306990767,2024-07-01 01:12:32,1,0.0345,0.03517091,70.71,BTC-27JUN25-200000-C,63484.14,buy,0.5,0.5,,,,
80,307008277,2024-07-01 04:12:55,0,0.035,0.03474737,71.01,BTC-27JUN25-200000-C,63355.58,buy,0.1,0.1,,,,
81,307016807,2024-07-01 07:36:56,0,0.036,0.03422793,71.65,BTC-27JUN25-200000-C,63259.92,buy,0.1,0.1,,,,
82,307016808,2024-07-01 07:36:56,1,0.036,0.03422793,71.65,BTC-27JUN25-200000-C,63259.92,buy,5.0,5.0,,,,
83,307035516,2024-07-01 12:45:56,2,0.034,0.03288365,71.13,BTC-27JUN25-200000-C,62795.8,buy,0.1,0.1,,,,
84,307035517,2024-07-01 12:45:56,0,0.0345,0.03288365,71.37,BTC-27JUN25-200000-C,62795.8,buy,0.1,0.1,,,,
85,307035835,2024-07-01 12:53:34,0,0.035,0.03381156,71.62,BTC-27JUN25-200000-C,62777.78,buy,0.1,0.1,,,,
86,307040702,2024-07-01 13:58:53,1,0.035,0.03428602,71.76,BTC-27JUN25-200000-C,62624.09,buy,0.1,0.1,,,,
87,307040725,2024-07-01 13:59:21,1,0.035,0.03429015,71.77,BTC-27JUN25-200000-C,62604.35,buy,0.1,0.1,,,,
88,307041317,2024-07-01 14:01:33,1,0.035,0.03429973,71.74,BTC-27JUN25-200000-C,62670.09,buy,0.1,0.1,,,,
89,307041395,2024-07-01 14:02:00,1,0.035,0.0343282,71.73,BTC-27JUN25-200000-C,62678.21,buy,0.1,0.1,,,,
90,307041554,2024-07-01 14:04:19,1,0.035,0.03441559,71.74,BTC-27JUN25-200000-C,62654.58,buy,0.1,0.1,,,,
91,307041742,2024-07-01 14:05:58,1,0.035,0.03466967,71.65,BTC-27JUN25-200000-C,62777.49,buy,0.1,0.1,,,,
92,307041944,2024-07-01 14:06:55,1,0.035,0.03461502,71.68,BTC-27JUN25-200000-C,62730.65,buy,0.1,0.1,,,,
93,307042006,2024-07-01 14:07:46,1,0.035,0.03458592,71.7,BTC-27JUN25-200000-C,62700.98,buy,0.1,0.1,,,,
94,307042045,2024-07-01 14:08:15,1,0.035,0.03464937,71.67,BTC-27JUN25-200000-C,62743.92,buy,0.1,0.1,,,,
95,307042068,2024-07-01 14:08:46,1,0.035,0.03465501,71.67,BTC-27JUN25-200000-C,62741.36,buy,0.1,0.1,,,,
96,307067109,2024-07-01 19:10:47,2,0.034,0.03355135,70.72,BTC-27JUN25-200000-C,63467.6,buy,0.1,0.1,,,,
97,307067721,2024-07-01 19:22:52,0,0.0345,0.03372441,71.0,BTC-27JUN25-200000-C,63428.68,buy,0.1,0.1,,,,
98,307140902,2024-07-02 16:05:07,2,0.033,0.03207117,71.59,BTC-27JUN25-200000-C,61833.59,buy,0.5,0.5,,,,
99,307144634,2024-07-02 17:04:48,0,0.0335,0.03158425,71.83,BTC-27JUN25-200000-C,61878.32,buy,0.1,0.1,,,,
100,307144635,2024-07-02 17:04:48,1,0.0335,0.03158425,71.83,BTC-27JUN25-200000-C,61878.32,buy,3.0,3.0,,,,
101,307145259,2024-07-02 17:17:15,0,0.034,0.03164606,72.11,BTC-27JUN25-200000-C,61840.08,buy,0.1,0.1,,,,
102,307145260,2024-07-02 17:17:15,1,0.034,0.03164606,72.11,BTC-27JUN25-200000-C,61840.08,buy,0.8,0.8,,,,
103,307145693,2024-07-02 17:31:51,2,0.031,0.03110069,70.58,BTC-27JUN25-200000-C,61879.34,buy,0.1,0.1,,,,
104,307145700,2024-07-02 17:32:13,2,0.0304,0.03108785,70.27,BTC-27JUN25-200000-C,61874.52,sell,25.0,25.0,,146625,,
105,307145726,2024-07-02 17:33:24,3,0.0304,0.03110803,70.26,BTC-27JUN25-200000-C,61888.85,sell,100.0,100.0,BTC-CS-27JUN25-120000_200000,146626,,
106,307145763,2024-07-02 17:35:01,0,0.031,0.03122125,70.54,BTC-27JUN25-200000-C,61918.31,buy,0.1,0.1,,,,
107,307145767,2024-07-02 17:35:16,1,0.031,0.0312283,70.54,BTC-27JUN25-200000-C,61923.13,buy,0.1,0.1,,,,
108,307145782,2024-07-02 17:35:17,2,0.0305,0.03122672,70.28,BTC-27JUN25-200000-C,61923.15,sell,60.0,60.0,,146627,,
109,307145784,2024-07-02 17:35:31,0,0.031,0.03122727,70.54,BTC-27JUN25-200000-C,61923.08,buy,0.1,0.1,,,,
110,307145875,2024-07-02 17:36:46,2,0.0309,0.0311677,70.51,BTC-27JUN25-200000-C,61896.33,sell,14.0,14.0,BTC-STRG-27JUN25-60000_200000,146628,,
111,307200306,2024-07-03 07:00:46,2,0.03,0.0312428,70.98,BTC-27JUN25-200000-C,60924.4,sell,0.1,0.1,,,,
112,307208804,2024-07-03 08:47:42,2,0.0285,0.0289992,70.34,BTC-27JUN25-200000-C,60734.62,sell,5.0,5.0,,,,
113,307214259,2024-07-03 09:33:54,2,0.027,0.02730249,69.68,BTC-27JUN25-200000-C,60555.15,buy,0.9,0.9,,,,
114,307214297,2024-07-03 09:34:39,2,0.0255,0.02714753,68.85,BTC-27JUN25-200000-C,60532.47,sell,6.0,6.0,,,,
115,307214299,2024-07-03 09:34:47,2,0.025,0.02710313,68.57,BTC-27JUN25-200000-C,60531.17,sell,0.1,0.1,,,,
116,307216509,2024-07-03 09:59:56,0,0.026,0.02728561,69.18,BTC-27JUN25-200000-C,60519.41,buy,0.5,0.5,,,,
117,307216510,2024-07-03 09:59:56,2,0.0255,0.02728914,68.89,BTC-27JUN25-200000-C,60519.22,sell,0.5,0.5,,,,
118,307216549,2024-07-03 10:00:36,0,0.026,0.02737033,69.18,BTC-27JUN25-200000-C,60504.36,buy,0.2,0.2,,,,
119,307226365,2024-07-03 10:37:21,1,0.026,0.02653991,69.65,BTC-27JUN25-200000-C,59866.82,buy,0.3,0.3,,,,
120,307307604,2024-07-03 23:05:02,0,0.0265,0.02515874,69.72,BTC-27JUN25-200000-C,60239.49,buy,0.3,0.3,,,,
121,307425125,2024-07-04 12:24:57,2,0.026,0.02564143,71.68,BTC-27JUN25-200000-C,57416.86,sell,0.5,0.5,,,,
122,307641562,2024-07-05 08:35:49,2,0.022,0.02365163,71.76,BTC-27JUN25-200000-C,54353.83,sell,2.0,2.0,,,,
123,307698768,2024-07-05 14:00:35,0,0.0245,0.02414596,72.11,BTC-27JUN25-200000-C,55837.74,buy,0.1,0.1,,,,
124,307698781,2024-07-05 14:00:42,1,0.0245,0.02412693,72.12,BTC-27JUN25-200000-C,55831.31,buy,0.1,0.1,,,,
125,307708571,2024-07-05 15:05:15,0,0.025,0.02474288,71.95,BTC-27JUN25-200000-C,56431.21,buy,0.1,0.1,,,,
126,307722148,2024-07-05 16:12:53,0,0.0255,0.02483414,72.18,BTC-27JUN25-200000-C,56398.55,buy,0.1,0.1,,,,
127,307725337,2024-07-05 16:31:32,0,0.026,0.02520748,72.37,BTC-27JUN25-200000-C,56543.08,buy,0.1,0.1,,,,
128,307816800,2024-07-06 16:26:24,2,0.025,0.02544549,70.96,BTC-27JUN25-200000-C,57687.56,buy,0.1,0.1,,,,
129,307821289,2024-07-06 16:48:13,0,0.0255,0.02531659,70.93,BTC-27JUN25-200000-C,58095.11,buy,0.1,0.1,,,,
130,307858545,2024-07-07 05:11:52,2,0.0245,0.02473809,70.79,BTC-27JUN25-200000-C,57564.91,sell,0.1,0.1,,,,
131,307858554,2024-07-07 05:11:57,3,0.0245,0.02475499,70.78,BTC-27JUN25-200000-C,57581.1,buy,0.1,0.1,,,,
132,307858579,2024-07-07 05:12:07,3,0.0245,0.02480652,70.76,BTC-27JUN25-200000-C,57613.25,buy,0.1,0.1,,,,
133,307858607,2024-07-07 05:12:17,3,0.0245,0.0248511,70.74,BTC-27JUN25-200000-C,57636.62,buy,0.1,0.1,,,,
134,307858617,2024-07-07 05:12:27,3,0.0245,0.0248646,70.73,BTC-27JUN25-200000-C,57638.03,buy,0.1,0.1,,,,
135,307858635,2024-07-07 05:12:38,3,0.0245,0.02485922,70.74,BTC-27JUN25-200000-C,57622.23,buy,0.1,0.1,,,,
136,307858644,2024-07-07 05:12:48,3,0.0245,0.02487895,70.73,BTC-27JUN25-200000-C,57629.31,buy,0.1,0.1,,,,
137,307858647,2024-07-07 05:12:58,3,0.0245,0.02488339,70.73,BTC-27JUN25-200000-C,57625.33,buy,0.1,0.1,,,,
138,307858650,2024-07-07 05:13:08,3,0.0245,0.02488564,70.74,BTC-27JUN25-200000-C,57620.06,buy,0.1,0.1,,,,
139,307858652,2024-07-07 05:13:18,3,0.0245,0.02489749,70.73,BTC-27JUN25-200000-C,57623.62,buy,0.1,0.1,,,,
140,307884450,2024-07-07 13:53:19,0,0.0255,0.02586576,71.98,BTC-27JUN25-200000-C,56899.46,buy,0.1,0.1,,,,
141,307885647,2024-07-07 14:04:28,0,0.026,0.02667924,72.39,BTC-27JUN25-200000-C,56755.47,buy,0.1,0.1,,,,
142,307885652,2024-07-07 14:04:31,1,0.026,0.02669484,72.38,BTC-27JUN25-200000-C,56757.95,buy,0.1,0.1,,,,
143,307885962,2024-07-07 14:07:52,0,0.0265,0.02692179,72.59,BTC-27JUN25-200000-C,56856.82,buy,0.1,0.1,,,,
144,307892686,2024-07-07 16:42:15,0,0.027,0.02615052,72.75,BTC-27JUN25-200000-C,57044.91,buy,0.1,0.1,,,,
145,307892687,2024-07-07 16:42:15,1,0.027,0.02615052,72.75,BTC-27JUN25-200000-C,57044.91,buy,0.1,0.1,,,,
146,307896040,2024-07-07 18:00:43,1,0.027,0.02621078,72.63,BTC-27JUN25-200000-C,57192.79,buy,0.1,0.1,,,,
147,307896054,2024-07-07 18:01:13,1,0.027,0.02620206,72.63,BTC-27JUN25-200000-C,57195.07,buy,0.1,0.1,,,,
148,307896057,2024-07-07 18:01:17,1,0.027,0.02619696,72.63,BTC-27JUN25-200000-C,57190.37,buy,0.1,0.1,,,,
149,307897176,2024-07-07 18:15:32,1,0.027,0.02595468,72.61,BTC-27JUN25-200000-C,57224.36,buy,0.1,0.1,,,,
150,307956653,2024-07-08 04:15:37,2,0.024,0.02498077,72.53,BTC-27JUN25-200000-C,55243.77,sell,0.1,0.1,,,,
151,308010275,2024-07-08 10:18:22,0,0.028,0.02697342,72.78,BTC-27JUN25-200000-C,57675.24,buy,0.1,0.1,,,,
152,308027580,2024-07-08 12:51:50,0,0.0285,0.02848601,73.36,BTC-27JUN25-200000-C,57322.4,buy,0.1,0.1,,,,
153,308153768,2024-07-09 08:49:28,2,0.0275,0.02660011,72.48,BTC-27JUN25-200000-C,57785.23,buy,0.1,0.1,,,,
154,308154580,2024-07-09 09:02:47,2,0.0255,0.02663614,71.47,BTC-27JUN25-200000-C,57631.54,sell,0.1,0.1,,,,
155,308162443,2024-07-09 11:56:46,0,0.028,0.02677507,73.05,BTC-27JUN25-200000-C,57419.21,buy,0.1,0.1,,,,
156,308315906,2024-07-10 15:38:51,2,0.0255,0.02549426,71.45,BTC-27JUN25-200000-C,57855.66,buy,0.1,0.1,,,,
157,308321600,2024-07-10 17:21:14,3,0.0255,0.02564974,71.57,BTC-27JUN25-200000-C,57654.09,sell,0.4,0.4,,,,
158,308333736,2024-07-10 20:40:59,2,0.025,0.02453921,71.61,BTC-27JUN25-200000-C,57249.38,buy,0.1,0.1,,,,
159,308369724,2024-07-11 07:30:52,3,0.025,0.02469916,70.89,BTC-27JUN25-200000-C,58207.58,buy,0.1,0.1,,,,
160,308371753,2024-07-11 08:01:49,0,0.0255,0.02494298,71.17,BTC-27JUN25-200000-C,58212.97,buy,0.1,0.1,,,,
161,308389232,2024-07-11 11:40:39,0,0.026,0.02537238,71.06,BTC-27JUN25-200000-C,58705.69,buy,2.0,2.0,,,,
162,308389451,2024-07-11 11:41:13,1,0.026,0.02539149,71.04,BTC-27JUN25-200000-C,58707.58,buy,6.0,6.0,,,,
163,308406619,2024-07-11 12:41:18,0,0.0265,0.02598267,71.01,BTC-27JUN25-200000-C,59138.85,buy,0.1,0.1,,,,
164,308406745,2024-07-11 12:42:24,0,0.027,0.02609212,71.3,BTC-27JUN25-200000-C,59130.85,buy,0.1,0.1,,,,
165,308455661,2024-07-11 20:18:55,1,0.027,0.02605185,72.88,BTC-27JUN25-200000-C,57292.58,buy,0.2,0.2,,,,
166,308485438,2024-07-12 02:47:59,2,0.0245,0.0246624,71.42,BTC-27JUN25-200000-C,57330.69,buy,0.1,0.1,,,,
167,308490326,2024-07-12 04:28:25,2,0.0225,0.02268481,70.63,BTC-27JUN25-200000-C,56795.63,buy,0.1,0.1,,,,
168,308627118,2024-07-13 19:24:51,0,0.023,0.02403608,69.61,BTC-27JUN25-200000-C,58690.67,sell,0.1,0.1,,,,
169,308667051,2024-07-14 00:36:34,0,0.0255,0.02564998,70.21,BTC-27JUN25-200000-C,59487.93,buy,0.1,0.1,,,,
170,308667052,2024-07-14 00:36:34,1,0.0255,0.02564998,70.21,BTC-27JUN25-200000-C,59487.93,buy,0.1,0.1,,,,
171,308712896,2024-07-14 05:05:27,0,0.0265,0.02653727,70.17,BTC-27JUN25-200000-C,60217.04,buy,1.0,1.0,,,,
172,308830369,2024-07-15 01:04:11,0,0.0275,0.02750134,70.07,BTC-27JUN25-200000-C,61229.08,buy,0.1,0.1,,,,
173,308833525,2024-07-15 01:18:33,0,0.028,0.02852508,69.94,BTC-27JUN25-200000-C,61741.0,sell,1.0,1.0,,,,
174,308843072,2024-07-15 02:28:54,0,0.0285,0.02872124,69.95,BTC-27JUN25-200000-C,62009.17,buy,0.1,0.1,,,,
175,308852335,2024-07-15 02:47:57,0,0.029,0.02887358,69.93,BTC-27JUN25-200000-C,62410.11,buy,0.1,0.1,,,,
176,308857549,2024-07-15 03:08:50,0,0.03,0.02915329,70.41,BTC-27JUN25-200000-C,62464.02,buy,0.1,0.1,,,,
177,308857550,2024-07-15 03:08:50,1,0.03,0.02915329,70.41,BTC-27JUN25-200000-C,62464.02,buy,0.1,0.1,,,,
178,308885731,2024-07-15 06:56:33,2,0.0275,0.02937331,68.78,BTC-27JUN25-200000-C,62924.93,sell,6.0,6.0,,,,
179,308940349,2024-07-15 14:16:48,0,0.029,0.02830275,69.76,BTC-27JUN25-200000-C,62963.13,buy,4.0,4.0,,,,
180,308961186,2024-07-15 16:47:40,1,0.029,0.02854533,69.37,BTC-27JUN25-200000-C,63500.95,buy,4.0,4.0,,,,
181,308965890,2024-07-15 17:07:26,0,0.0295,0.02928209,69.53,BTC-27JUN25-200000-C,63688.97,buy,0.1,0.1,,,,
182,308993405,2024-07-15 19:58:11,1,0.0295,0.02876811,69.89,BTC-27JUN25-200000-C,63282.14,buy,1.0,1.0,,,,
183,309002033,2024-07-15 21:20:28,0,0.031,0.03057278,70.36,BTC-27JUN25-200000-C,63688.09,buy,0.1,0.1,,,,
184,309028176,2024-07-16 00:01:35,1,0.031,0.03092504,69.5,BTC-27JUN25-200000-C,64780.56,buy,0.1,0.1,,,,
185,309029981,2024-07-16 00:09:30,0,0.032,0.03150041,69.85,BTC-27JUN25-200000-C,64959.42,buy,0.1,0.1,,,,
186,309034327,2024-07-16 00:36:19,1,0.032,0.03231555,70.2,BTC-27JUN25-200000-C,64496.3,sell,0.1,0.1,,,,
187,309049636,2024-07-16 03:19:34,1,0.032,0.0328393,69.9,BTC-27JUN25-200000-C,64846.76,sell,0.1,0.1,,,,
188,309049637,2024-07-16 03:19:34,1,0.032,0.0328393,69.9,BTC-27JUN25-200000-C,64846.76,buy,0.4,0.4,,,,
189,309055557,2024-07-16 04:19:04,0,0.0335,0.03206081,70.83,BTC-27JUN25-200000-C,64639.13,buy,6.0,6.0,,,,
190,309055558,2024-07-16 04:19:04,0,0.035,0.03206081,71.56,BTC-27JUN25-200000-C,64639.13,buy,5.7,5.7,,,,
191,309055578,2024-07-16 04:19:32,1,0.035,0.0321261,71.56,BTC-27JUN25-200000-C,64639.45,buy,0.1,0.1,,,,
192,309055579,2024-07-16 04:19:34,1,0.035,0.03212908,71.56,BTC-27JUN25-200000-C,64639.6,buy,0.1,0.1,,,,
193,309055580,2024-07-16 04:19:35,1,0.035,0.03213156,71.56,BTC-27JUN25-200000-C,64639.34,buy,0.1,0.1,,,,
194,309055581,2024-07-16 04:19:37,1,0.035,0.03213342,71.56,BTC-27JUN25-200000-C,64639.54,buy,0.1,0.1,,,,
195,309055582,2024-07-16 04:19:38,1,0.035,0.03213525,71.56,BTC-27JUN25-200000-C,64639.97,buy,0.1,0.1,,,,
196,309055583,2024-07-16 04:19:39,1,0.035,0.03213735,71.56,BTC-27JUN25-200000-C,64640.65,buy,0.1,0.1,,,,
197,309055584,2024-07-16 04:19:41,1,0.035,0.03214051,71.56,BTC-27JUN25-200000-C,64636.91,buy,0.1,0.1,,,,
198,309055585,2024-07-16 04:19:42,1,0.035,0.03213797,71.56,BTC-27JUN25-200000-C,64635.58,buy,0.1,0.1,,,,
199,309059403,2024-07-16 05:06:17,1,0.035,0.03535555,71.74,BTC-27JUN25-200000-C,64404.14,sell,1.9,1.9,,,,
200,309138785,2024-07-16 13:35:55,2,0.032,0.0317017,70.62,BTC-27JUN25-200000-C,63954.63,buy,0.1,0.1,,,,
201,309181820,2024-07-16 18:10:00,0,0.0345,0.0341825,71.47,BTC-27JUN25-200000-C,64651.71,buy,0.5,0.5,,,,
202,309181834,2024-07-16 18:10:12,0,0.0355,0.0342196,71.94,BTC-27JUN25-200000-C,64659.57,buy,3.5,3.5,,,,
203,309190630,2024-07-16 19:29:40,2,0.0345,0.03431564,71.09,BTC-27JUN25-200000-C,65116.33,buy,0.1,0.1,,,,
204,309190631,2024-07-16 19:29:40,3,0.0345,0.03431564,71.09,BTC-27JUN25-200000-C,65116.33,buy,0.1,0.1,,,,
205,309206357,2024-07-16 21:20:09,0,0.036,0.03575305,72.08,BTC-27JUN25-200000-C,64714.01,sell,3.0,3.0,,,,
206,309308097,2024-07-17 07:59:47,0,0.0375,0.03712107,72.36,BTC-27JUN25-200000-C,65298.35,buy,0.1,0.1,,,,
207,309373658,2024-07-17 16:13:05,2,0.0345,0.03559505,71.73,BTC-27JUN25-200000-C,64405.52,sell,0.1,0.1,,,,
208,309452421,2024-07-18 07:52:41,2,0.033,0.03429763,70.87,BTC-27JUN25-200000-C,64730.5,sell,0.1,0.1,,,,
209,309452666,2024-07-18 07:54:43,2,0.0325,0.03410285,70.65,BTC-27JUN25-200000-C,64701.09,sell,0.9,0.9,,,,
210,309475689,2024-07-18 13:20:34,0,0.034,0.03392977,71.12,BTC-27JUN25-200000-C,65062.21,buy,0.1,0.1,,,,
211,309489881,2024-07-18 15:03:28,0,0.0345,0.03398621,72.28,BTC-27JUN25-200000-C,63900.86,buy,0.1,0.1,,,,
212,309489882,2024-07-18 15:03:28,0,0.035,0.03398621,72.52,BTC-27JUN25-200000-C,63900.86,buy,0.1,0.1,,,,
213,309512931,2024-07-18 17:45:50,0,0.0355,0.03489124,72.87,BTC-27JUN25-200000-C,63636.34,buy,0.1,0.1,,,,
214,309523646,2024-07-18 19:41:04,0,0.036,0.03594122,73.12,BTC-27JUN25-200000-C,63626.91,buy,0.1,0.1,,,,
215,309593726,2024-07-19 08:29:31,0,0.0385,0.04367819,74.5,BTC-27JUN25-200000-C,63516.53,buy,0.3,0.3,,,,
216,309593727,2024-07-19 08:29:31,1,0.0385,0.04367819,74.5,BTC-27JUN25-200000-C,63516.53,buy,1.2,1.2,,,,
217,309633633,2024-07-19 14:10:57,0,0.039,0.03901474,73.43,BTC-27JUN25-200000-C,65329.13,buy,0.1,0.1,,,,
218,309650049,2024-07-19 15:05:19,0,0.04,0.0397913,73.61,BTC-27JUN25-200000-C,65703.5,buy,0.1,0.1,,,,
219,309650794,2024-07-19 15:06:58,0,0.041,0.0401289,73.95,BTC-27JUN25-200000-C,65823.11,buy,0.1,0.1,,,,
220,309669957,2024-07-19 16:09:28,0,0.042,0.04171199,74.21,BTC-27JUN25-200000-C,66137.6,buy,0.1,0.1,,,,
221,309697284,2024-07-19 18:32:51,0,0.0445,0.04338472,74.92,BTC-27JUN25-200000-C,66570.32,buy,2.3,2.3,,,,
222,309697285,2024-07-19 18:32:51,1,0.0445,0.04338472,74.92,BTC-27JUN25-200000-C,66570.32,buy,1.5,1.5,,,,
223,309706858,2024-07-19 19:20:01,0,0.045,0.04481789,74.81,BTC-27JUN25-200000-C,67029.11,buy,0.1,0.1,,,,
224,309708093,2024-07-19 19:23:17,0,0.0455,0.04511686,74.93,BTC-27JUN25-200000-C,67155.27,buy,0.1,0.1,,,,
225,309722581,2024-07-19 20:03:26,0,0.0465,0.04573889,75.49,BTC-27JUN25-200000-C,67004.6,buy,3.0,3.0,,,,
226,309756075,2024-07-20 02:39:52,0,0.048,0.04748153,76.42,BTC-27JUN25-200000-C,66628.32,buy,0.1,0.1,,,,
227,309756076,2024-07-20 02:39:56,1,0.048,0.04747603,76.43,BTC-27JUN25-200000-C,66626.79,buy,0.1,0.1,,,,
228,309756077,2024-07-20 02:40:01,1,0.048,0.04747488,76.43,BTC-27JUN25-200000-C,66626.34,buy,0.1,0.1,,,,
229,309756078,2024-07-20 02:40:05,1,0.048,0.04747223,76.43,BTC-27JUN25-200000-C,66625.19,buy,0.1,0.1,,,,
230,309776707,2024-07-20 10:15:26,1,0.048,0.0480711,76.49,BTC-27JUN25-200000-C,66593.7,sell,0.1,0.1,,,,
231,309816189,2024-07-20 19:11:08,0,0.0485,0.04808015,75.91,BTC-27JUN25-200000-C,67538.48,buy,1.0,1.0,,,,
232,309822037,2024-07-20 20:38:31,0,0.051,0.05018699,77.02,BTC-27JUN25-200000-C,67448.59,buy,0.2,0.2,,,,
233,309832524,2024-07-20 23:35:00,2,0.0485,0.0483913,76.19,BTC-27JUN25-200000-C,67194.22,buy,0.1,0.1,,,,
234,309855273,2024-07-21 07:02:04,2,0.0475,0.0474196,76.25,BTC-27JUN25-200000-C,66655.95,sell,0.1,0.1,,,,
235,309859939,2024-07-21 08:07:14,0,0.0485,0.04801984,76.53,BTC-27JUN25-200000-C,66848.49,buy,4.0,4.0,,,,
236,309862425,2024-07-21 09:07:34,2,0.047,0.04828215,75.91,BTC-27JUN25-200000-C,66842.71,sell,0.1,0.1,,,,
237,309862426,2024-07-21 09:07:34,3,0.047,0.04828215,75.91,BTC-27JUN25-200000-C,66842.71,sell,0.1,0.1,,,,
238,309862454,2024-07-21 09:08:32,2,0.0465,0.0471293,75.69,BTC-27JUN25-200000-C,66850.57,sell,0.1,0.1,,,,
239,309862461,2024-07-21 09:08:45,2,0.0455,0.0469025,75.27,BTC-27JUN25-200000-C,66854.23,sell,11.0,11.0,,,,
240,309862462,2024-07-21 09:08:45,3,0.0455,0.0469025,75.27,BTC-27JUN25-200000-C,66854.23,buy,3.7,3.7,,,,
241,309886354,2024-07-21 16:10:29,3,0.0455,0.04852285,75.01,BTC-27JUN25-200000-C,67201.9,sell,0.1,0.1,,,,
242,309886355,2024-07-21 16:10:29,3,0.0455,0.04852285,75.01,BTC-27JUN25-200000-C,67201.9,buy,12.0,12.0,,,,
243,309886358,2024-07-21 16:10:41,2,0.045,0.04846174,74.8,BTC-27JUN25-200000-C,67194.77,buy,2.9,2.9,,,,
244,309923581,2024-07-21 19:13:28,0,0.049,0.04964741,76.61,BTC-27JUN25-200000-C,66942.05,sell,2.1,2.1,,,,
245,309926628,2024-07-21 19:31:24,0,0.05,0.05012543,76.5,BTC-27JUN25-200000-C,67634.21,buy,0.3,0.3,,,,
246,309933744,2024-07-21 20:24:30,0,0.0525,0.05289049,77.18,BTC-27JUN25-200000-C,68004.69,buy,1.0,1.0,,,,
247,309943131,2024-07-21 21:29:47,0,0.0535,0.05151369,77.72,BTC-27JUN25-200000-C,67838.26,buy,1.0,1.0,,,,
248,309943132,2024-07-21 21:29:47,1,0.0535,0.05151369,77.72,BTC-27JUN25-200000-C,67838.26,sell,5.3,5.3,,,,
249,309943135,2024-07-21 21:29:53,0,0.054,0.05177874,77.92,BTC-27JUN25-200000-C,67836.6,sell,1.3,1.3,,,,
250,309943136,2024-07-21 21:29:53,1,0.054,0.05177874,77.92,BTC-27JUN25-200000-C,67836.6,sell,0.9,0.9,,,,
251,309943142,2024-07-21 21:29:57,0,0.0545,0.05195525,78.12,BTC-27JUN25-200000-C,67832.16,buy,6.0,6.0,,,,
252,309943143,2024-07-21 21:29:57,1,0.0545,0.05195525,78.12,BTC-27JUN25-200000-C,67832.16,sell,0.5,0.5,,,,
253,309946827,2024-07-21 21:44:08,2,0.0505,0.05426987,76.36,BTC-27JUN25-200000-C,68028.62,sell,5.0,5.0,,,,
254,309986567,2024-07-22 04:48:52,2,0.05,0.0503954,76.14,BTC-27JUN25-200000-C,67911.4,sell,1.0,1.0,,,,
255,310002272,2024-07-22 06:47:34,3,0.05,0.05050477,76.65,BTC-27JUN25-200000-C,67314.81,sell,2.0,2.0,,,,
256,310014073,2024-07-22 08:14:35,2,0.0485,0.04827161,75.93,BTC-27JUN25-200000-C,67391.22,buy,0.1,0.1,,,,
257,310038823,2024-07-22 13:28:09,0,0.05,0.04975593,76.47,BTC-27JUN25-200000-C,67634.98,buy,0.1,0.1,,,,
258,310039529,2024-07-22 13:34:31,0,0.0505,0.05020164,76.6,BTC-27JUN25-200000-C,67741.94,buy,0.1,0.1,,,,
259,310066553,2024-07-22 15:55:43,2,0.05,0.04971498,76.79,BTC-27JUN25-200000-C,67139.11,buy,0.2,0.2,,,,
260,310082266,2024-07-22 19:08:46,0,0.0505,0.05125028,76.69,BTC-27JUN25-200000-C,67545.11,sell,3.0,3.0,,,,
261,310082267,2024-07-22 19:08:46,1,0.0505,0.05125028,76.69,BTC-27JUN25-200000-C,67545.11,sell,2.0,2.0,,,,
262,310082453,2024-07-22 19:10:02,1,0.0505,0.05106966,76.67,BTC-27JUN25-200000-C,67574.58,sell,1.0,1.0,,,,
263,310082454,2024-07-22 19:10:02,1,0.0505,0.05106966,76.67,BTC-27JUN25-200000-C,67574.58,sell,1.5,1.5,,,,
264,310082455,2024-07-22 19:10:02,1,0.0505,0.05106966,76.67,BTC-27JUN25-200000-C,67574.58,buy,2.3,2.3,,,,
265,310082661,2024-07-22 19:10:48,1,0.0505,0.05032867,76.62,BTC-27JUN25-200000-C,67637.76,buy,0.2,0.2,,,,
266,310486604,2024-07-25 10:45:23,2,0.0375,0.03842245,74.43,BTC-27JUN25-200000-C,64006.77,sell,0.3,0.3,,,,
267,310814912,2024-07-27 07:37:37,0,0.042,0.04155916,73.66,BTC-27JUN25-200000-C,68258.46,buy,0.1,0.1,,,,
268,310814921,2024-07-27 07:37:48,0,0.0425,0.04158137,73.88,BTC-27JUN25-200000-C,68260.75,buy,0.1,0.1,,,,
269,310814923,2024-07-27 07:37:54,0,0.043,0.04159314,74.1,BTC-27JUN25-200000-C,68259.52,buy,0.1,0.1,,,,
270,310838467,2024-07-27 13:20:26,2,0.0405,0.04209864,72.55,BTC-27JUN25-200000-C,68799.52,sell,0.1,0.1,,,,
271,310839422,2024-07-27 13:31:49,0,0.043,0.04195489,73.65,BTC-27JUN25-200000-C,68821.86,buy,0.1,0.1,,,,
272,310898626,2024-07-27 20:20:53,2,0.0405,0.04137606,73.71,BTC-27JUN25-200000-C,67430.52,sell,1.4,1.4,,,,
273,310955057,2024-07-27 21:29:28,2,0.04,0.04068983,72.36,BTC-27JUN25-200000-C,68900.16,sell,2.5,2.5,,,,
274,311164273,2024-07-29 07:11:55,2,0.035,0.03705708,69.41,BTC-27JUN25-200000-C,69524.06,sell,0.5,0.5,,,,
275,311453517,2024-07-31 04:41:39,2,0.0275,0.02822076,68.84,BTC-27JUN25-200000-C,65640.94,sell,1.9,1.9,,,,
276,311453535,2024-07-31 04:41:42,3,0.0275,0.02822089,68.84,BTC-27JUN25-200000-C,65641.55,sell,4.7,4.7,,,,
277,311453560,2024-07-31 04:42:02,3,0.0275,0.02823395,68.84,BTC-27JUN25-200000-C,65651.23,sell,1.6,1.6,,,,
278,311465327,2024-07-31 06:48:19,0,0.03,0.02850854,69.57,BTC-27JUN25-200000-C,66447.51,buy,2.0,2.0,,,,
279,311465328,2024-07-31 06:48:19,1,0.03,0.02850854,69.57,BTC-27JUN25-200000-C,66447.51,buy,6.0,6.0,,,,
280,311465329,2024-07-31 06:48:20,1,0.03,0.02850762,69.57,BTC-27JUN25-200000-C,66447.51,sell,0.4,0.4,,,,
281,311465375,2024-07-31 06:49:27,0,0.0305,0.02858846,69.86,BTC-27JUN25-200000-C,66415.13,buy,6.0,6.0,,,,
282,311465376,2024-07-31 06:49:27,1,0.0305,0.02858846,69.86,BTC-27JUN25-200000-C,66415.13,sell,0.6,0.6,,,,
283,311465394,2024-07-31 06:49:53,2,0.0285,0.02861072,68.79,BTC-27JUN25-200000-C,66417.13,sell,0.1,0.1,,,,
284,311490393,2024-07-31 13:39:09,2,0.028,0.02881691,68.46,BTC-27JUN25-200000-C,66615.56,buy,0.3,0.3,,,,
285,311550555,2024-07-31 20:57:51,2,0.0255,0.02664106,68.59,BTC-27JUN25-200000-C,64584.04,sell,0.1,0.1,,,,
286,311554727,2024-07-31 21:22:07,0,0.029,0.02725647,70.18,BTC-27JUN25-200000-C,65029.78,buy,0.1,0.1,,,,
287,311554732,2024-07-31 21:22:23,1,0.029,0.02724314,70.19,BTC-27JUN25-200000-C,65015.0,buy,0.1,0.1,,,,
288,311664990,2024-08-01 12:41:40,2,0.025,0.02457727,68.38,BTC-27JUN25-200000-C,64795.59,sell,0.6,0.6,,,,
289,311774055,2024-08-01 21:39:39,2,0.023,0.02408982,67.44,BTC-27JUN25-200000-C,64861.63,sell,0.1,0.1,,,,
290,311774057,2024-08-01 21:39:42,3,0.023,0.02409476,67.43,BTC-27JUN25-200000-C,64862.76,sell,0.1,0.1,,,,
291,311941429,2024-08-02 17:08:44,0,0.024,0.02280468,69.44,BTC-27JUN25-200000-C,63179.93,buy,0.1,0.1,,,,
292,311942932,2024-08-02 17:27:09,2,0.022,0.0227176,68.2,BTC-27JUN25-200000-C,63160.68,buy,0.1,0.1,,,,
293,311944980,2024-08-02 17:57:27,2,0.0215,0.02217681,67.95,BTC-27JUN25-200000-C,63060.59,buy,0.1,0.1,,,,
294,312051467,2024-08-03 12:32:39,0,0.025,0.02230196,71.04,BTC-27JUN25-200000-C,62022.76,buy,0.1,0.1,,,,
295,312103067,2024-08-03 20:39:16,2,0.02,0.02067828,69.04,BTC-27JUN25-200000-C,60547.91,sell,0.1,0.1,,,,
296,312103068,2024-08-03 20:39:16,3,0.02,0.02067828,69.04,BTC-27JUN25-200000-C,60547.91,sell,0.9,0.9,,,,
297,312126736,2024-08-04 03:38:35,2,0.0195,0.02115554,68.57,BTC-27JUN25-200000-C,60755.57,sell,0.2,0.2,,,,
298,312408177,2024-08-05 04:16:52,2,0.019,0.02166792,73.32,BTC-27JUN25-200000-C,54413.79,sell,0.2,0.2,,,,
299,312522025,2024-08-05 07:22:42,0,0.0225,0.02630673,77.78,BTC-27JUN25-200000-C,52401.29,sell,8.0,8.0,,,,
300,312658191,2024-08-05 13:00:08,2,0.022,0.02171042,79.42,BTC-27JUN25-200000-C,49796.63,sell,0.1,0.1,,,,
301,312745591,2024-08-05 14:57:33,0,0.0225,0.02376963,75.91,BTC-27JUN25-200000-C,54127.51,buy,3.0,3.0,,,,
302,312816601,2024-08-05 18:52:58,0,0.023,0.02274365,76.92,BTC-27JUN25-200000-C,53418.45,sell,0.7,0.7,,,,
303,313177239,2024-08-07 08:58:24,2,0.022,0.02333626,72.96,BTC-27JUN25-200000-C,57383.59,sell,0.1,0.1,,,,
304,313209807,2024-08-07 13:59:47,0,0.024,0.02303027,74.72,BTC-27JUN25-200000-C,56821.76,buy,0.1,0.1,,,,
305,313219519,2024-08-07 14:38:04,0,0.0245,0.02336036,75.68,BTC-27JUN25-200000-C,55958.24,buy,4.0,4.0,,,,
306,313219520,2024-08-07 14:38:04,1,0.0245,0.02336036,75.68,BTC-27JUN25-200000-C,55958.24,buy,4.0,4.0,,,,
307,313227819,2024-08-07 15:14:32,1,0.0245,0.02402173,75.45,BTC-27JUN25-200000-C,56233.5,buy,2.0,2.0,,,,
308,313227820,2024-08-07 15:14:32,0,0.025,0.02402173,75.76,BTC-27JUN25-200000-C,56233.5,buy,2.0,2.0,,,,
309,313227822,2024-08-07 15:14:32,1,0.025,0.02402173,75.76,BTC-27JUN25-200000-C,56233.5,buy,4.0,4.0,,,,
310,313262219,2024-08-07 19:11:16,2,0.023,0.02260495,75.32,BTC-27JUN25-200000-C,55118.43,sell,2.8,2.8,,,,
311,313262225,2024-08-07 19:11:20,3,0.023,0.02259912,75.33,BTC-27JUN25-200000-C,55111.31,sell,0.1,0.1,,,,
312,313299431,2024-08-08 01:44:48,3,0.023,0.02306724,74.5,BTC-27JUN25-200000-C,56226.94,buy,0.1,0.1,,,,
313,313357416,2024-08-08 08:11:11,0,0.025,0.023655,74.87,BTC-27JUN25-200000-C,57178.79,buy,1.0,1.0,,,,
314,313497855,2024-08-08 22:32:57,1,0.025,0.0249783,71.66,BTC-27JUN25-200000-C,61268.24,buy,3.3,3.3,,,,
315,313518112,2024-08-08 23:11:57,0,0.0255,0.02486482,71.16,BTC-27JUN25-200000-C,62374.48,buy,10.5,10.5,,,,
316,313648739,2024-08-09 14:33:34,2,0.0235,0.02352694,72.16,BTC-27JUN25-200000-C,59825.73,sell,0.1,0.1,,,,
317,313648823,2024-08-09 14:33:36,3,0.0235,0.02350739,72.19,BTC-27JUN25-200000-C,59783.46,sell,0.4,0.4,,,,
318,313649059,2024-08-09 14:33:38,3,0.0235,0.02348474,72.22,BTC-27JUN25-200000-C,59739.7,sell,0.8,0.8,,,,
319,313751750,2024-08-10 09:54:00,0,0.0245,0.02421564,71.37,BTC-27JUN25-200000-C,61008.2,buy,0.1,0.1,,,,
320,313759110,2024-08-10 12:41:22,2,0.0235,0.02442867,70.94,BTC-27JUN25-200000-C,60815.98,sell,0.1,0.1,,,,
321,313760016,2024-08-10 13:05:14,0,0.024,0.02392413,71.33,BTC-27JUN25-200000-C,60702.83,buy,0.1,0.1,,,,
322,313795477,2024-08-11 06:08:10,0,0.025,0.02419652,71.81,BTC-27JUN25-200000-C,61086.49,buy,0.1,0.1,,,,
323,313900932,2024-08-12 06:13:05,2,0.0235,0.02229014,73.43,BTC-27JUN25-200000-C,58463.3,buy,0.2,0.2,,,,
324,314109678,2024-08-13 13:47:46,0,0.0255,0.02467412,74.12,BTC-27JUN25-200000-C,59355.79,buy,0.8,0.8,,,,
325,314109792,2024-08-13 13:48:35,1,0.0255,0.02464136,74.16,BTC-27JUN25-200000-C,59301.17,buy,1.0,1.0,,,,
326,314111927,2024-08-13 14:15:10,0,0.026,0.02540487,74.23,BTC-27JUN25-200000-C,59600.42,buy,0.1,0.1,,,,
327,314111960,2024-08-13 14:15:14,1,0.026,0.02541569,74.22,BTC-27JUN25-200000-C,59620.39,buy,0.2,0.2,,,,
328,314112341,2024-08-13 14:16:10,1,0.026,0.0254731,74.17,BTC-27JUN25-200000-C,59695.55,buy,0.3,0.3,,,,
329,314132787,2024-08-13 16:55:39,1,0.026,0.02585963,73.09,BTC-27JUN25-200000-C,61046.53,buy,0.1,0.1,,,,
330,314132821,2024-08-13 16:55:41,1,0.026,0.0258693,73.07,BTC-27JUN25-200000-C,61046.53,buy,0.1,0.1,,,,
331,314132974,2024-08-13 16:56:02,1,0.026,0.02587326,73.08,BTC-27JUN25-200000-C,61061.29,buy,0.1,0.1,,,,
332,314132990,2024-08-13 16:56:05,1,0.026,0.02587273,73.06,BTC-27JUN25-200000-C,61085.69,buy,0.1,0.1,,,,
333,314133012,2024-08-13 16:56:11,1,0.026,0.02587532,73.07,BTC-27JUN25-200000-C,61072.91,buy,0.1,0.1,,,,
334,314133026,2024-08-13 16:56:14,1,0.026,0.02588388,73.06,BTC-27JUN25-200000-C,61087.14,buy,0.1,0.1,,,,
335,314133049,2024-08-13 16:56:17,1,0.026,0.02590021,73.05,BTC-27JUN25-200000-C,61101.05,buy,0.1,0.1,,,,
336,314133075,2024-08-13 16:56:22,1,0.026,0.02593196,73.03,BTC-27JUN25-200000-C,61124.75,buy,0.6,0.6,,,,
337,314133299,2024-08-13 16:56:55,1,0.026,0.02587431,73.05,BTC-27JUN25-200000-C,61094.08,buy,8.9,8.9,,,,
338,314167104,2024-08-13 21:26:25,0,0.0265,0.0261594,73.58,BTC-27JUN25-200000-C,60818.26,buy,11.0,11.0,,,,
339,314210525,2024-08-14 11:36:37,0,0.027,0.02645666,73.72,BTC-27JUN25-200000-C,61198.48,buy,3.5,3.5,,,,
340,314211894,2024-08-14 11:45:12,1,0.027,0.02668967,73.59,BTC-27JUN25-200000-C,61380.27,buy,0.1,0.1,,,,
341,314216725,2024-08-14 12:29:57,1,0.027,0.02661819,73.47,BTC-27JUN25-200000-C,61523.39,buy,7.7,7.7,,,,
342,314241517,2024-08-14 13:57:00,2,0.025,0.02494957,73.72,BTC-27JUN25-200000-C,59717.84,sell,0.1,0.1,,,,
343,314515087,2024-08-16 05:13:01,2,0.022,0.02245235,73.2,BTC-27JUN25-200000-C,58212.31,buy,0.1,0.1,,,,
344,314992800,2024-08-21 15:01:14,0,0.0235,0.02411573,74.18,BTC-27JUN25-200000-C,59387.98,sell,0.1,0.1,,,,
345,314992801,2024-08-21 15:01:14,1,0.0235,0.02411573,74.18,BTC-27JUN25-200000-C,59387.98,sell,2.0,2.0,,,,
346,315020649,2024-08-21 19:32:35,0,0.0255,0.0250429,74.14,BTC-27JUN25-200000-C,61057.24,buy,0.1,0.1,,,,
347,315042011,2024-08-21 22:06:23,0,0.0265,0.02636005,74.58,BTC-27JUN25-200000-C,61331.25,sell,0.5,0.5,,,,
348,315153156,2024-08-23 03:19:35,2,0.0235,0.02422144,73.54,BTC-27JUN25-200000-C,60671.69,sell,0.1,0.1,,,,
349,315285419,2024-08-23 21:20:24,0,0.0275,0.02781083,73.04,BTC-27JUN25-200000-C,64600.83,buy,7.0,7.0,,,,
350,315285479,2024-08-23 21:20:26,1,0.0275,0.02764083,73.08,BTC-27JUN25-200000-C,64545.52,buy,0.9,0.9,,,,
351,315307424,2024-08-23 22:07:50,1,0.0275,0.02738016,72.73,BTC-27JUN25-200000-C,64490.78,buy,3.6,3.6,,,,
352,315358850,2024-08-24 14:36:38,2,0.025,0.0254666,71.8,BTC-27JUN25-200000-C,64178.71,buy,0.1,0.1,,,,
353,315358877,2024-08-24 14:37:54,3,0.025,0.02542834,71.81,BTC-27JUN25-200000-C,64165.25,buy,0.1,0.1,,,,
354,315362245,2024-08-24 15:50:49,0,0.0275,0.0255524,73.46,BTC-27JUN25-200000-C,63971.8,sell,5.0,5.0,,,,
355,315362246,2024-08-24 15:50:50,1,0.0275,0.02555621,73.46,BTC-27JUN25-200000-C,63971.8,sell,0.2,0.2,,,,
356,315362309,2024-08-24 15:54:17,0,0.028,0.02560109,73.77,BTC-27JUN25-200000-C,63953.15,buy,11.8,11.8,,,,
357,315362311,2024-08-24 15:54:21,1,0.028,0.0256168,73.77,BTC-27JUN25-200000-C,63952.91,sell,1.9,1.9,,,,
358,315362336,2024-08-24 15:54:27,1,0.028,0.02564154,73.77,BTC-27JUN25-200000-C,63948.64,sell,1.3,1.3,,,,
359,315459409,2024-08-26 02:39:56,2,0.024,0.02445616,71.24,BTC-27JUN25-200000-C,63944.24,sell,0.7,0.7,,,,
360,315492571,2024-08-26 09:52:35,2,0.0235,0.02235524,71.28,BTC-27JUN25-200000-C,63759.75,buy,8.0,8.0,,,,
361,315514428,2024-08-26 14:33:30,0,0.024,0.0242816,71.91,BTC-27JUN25-200000-C,63497.44,sell,0.5,0.5,,,,
362,315597439,2024-08-27 10:22:03,2,0.0225,0.02260936,72.04,BTC-27JUN25-200000-C,62365.16,sell,1.0,1.0,,,,
363,315608574,2024-08-27 12:48:49,0,0.023,0.0222497,72.4,BTC-27JUN25-200000-C,62381.61,buy,0.1,0.1,,,,
364,315611155,2024-08-27 13:26:42,2,0.022,0.02227696,71.75,BTC-27JUN25-200000-C,62409.71,sell,1.0,1.0,,,,
365,315637828,2024-08-27 16:00:13,2,0.0215,0.0215025,72.02,BTC-27JUN25-200000-C,61634.56,sell,0.1,0.1,,,,
366,315647710,2024-08-27 18:13:21,2,0.021,0.02126902,71.52,BTC-27JUN25-200000-C,61928.56,sell,0.1,0.1,,,,
367,315648524,2024-08-27 18:24:02,0,0.0215,0.02098861,71.75,BTC-27JUN25-200000-C,62072.22,buy,1.0,1.0,,,,
368,315846901,2024-08-28 13:47:18,2,0.021,0.0201252,73.44,BTC-27JUN25-200000-C,59817.64,buy,0.1,0.1,,,,
369,315878452,2024-08-28 16:21:26,2,0.019,0.01927462,73.35,BTC-27JUN25-200000-C,58132.03,sell,0.6,0.6,,,,
370,315926480,2024-08-29 02:45:11,3,0.019,0.01963987,72.58,BTC-27JUN25-200000-C,59155.34,sell,0.1,0.1,,,,
371,316004434,2024-08-29 18:57:25,0,0.0195,0.01973345,72.93,BTC-27JUN25-200000-C,59262.95,sell,1.0,1.0,,,,
372,316041917,2024-08-30 04:28:59,0,0.0205,0.0194959,73.9,BTC-27JUN25-200000-C,59065.81,buy,1.0,1.0,,,,
373,316041927,2024-08-30 04:29:27,1,0.0205,0.01951198,73.92,BTC-27JUN25-200000-C,59052.77,buy,7.0,7.0,,,,
374,316041962,2024-08-30 04:31:20,0,0.022,0.01977223,74.95,BTC-27JUN25-200000-C,59046.03,buy,15.0,15.0,,,,
375,316041963,2024-08-30 04:31:20,1,0.022,0.01977223,74.95,BTC-27JUN25-200000-C,59046.03,buy,10.4,10.4,,,,
376,316041964,2024-08-30 04:31:20,1,0.022,0.01977223,74.95,BTC-27JUN25-200000-C,59046.03,buy,8.0,8.0,,,,
377,316041965,2024-08-30 04:31:20,1,0.022,0.01977223,74.95,BTC-27JUN25-200000-C,59046.03,buy,4.6,4.6,,,,
378,316042042,2024-08-30 04:34:34,1,0.022,0.02048791,74.89,BTC-27JUN25-200000-C,59114.01,buy,0.4,0.4,,,,
379,316042043,2024-08-30 04:34:34,1,0.022,0.02048791,74.89,BTC-27JUN25-200000-C,59114.01,buy,2.0,2.0,,,,
380,316042044,2024-08-30 04:34:34,1,0.022,0.02048791,74.89,BTC-27JUN25-200000-C,59114.01,sell,1.6,1.6,,,,
381,316351631,2024-09-03 10:01:18,2,0.0215,0.0206697,75.42,BTC-27JUN25-200000-C,58840.82,buy,8.0,8.0,,,,
382,316362786,2024-09-03 13:40:18,2,0.021,0.02084552,75.22,BTC-27JUN25-200000-C,58666.56,buy,0.1,0.1,,,,
383,316451145,2024-09-04 06:05:44,2,0.0205,0.01982508,77.01,BTC-27JUN25-200000-C,56297.7,buy,16.0,16.0,,,,
384,316451146,2024-09-04 06:05:44,3,0.0205,0.01982508,77.01,BTC-27JUN25-200000-C,56297.7,buy,6.0,6.0,,,,
385,316451147,2024-09-04 06:05:44,3,0.0205,0.01982508,77.01,BTC-27JUN25-200000-C,56297.7,sell,1.0,1.0,,,,
386,316451148,2024-09-04 06:05:44,3,0.0205,0.01982508,77.01,BTC-27JUN25-200000-C,56297.7,sell,2.0,2.0,,,,
387,316453619,2024-09-04 06:53:08,2,0.02,0.02077098,76.48,BTC-27JUN25-200000-C,56451.53,sell,5.0,5.0,,,,
388,316456121,2024-09-04 07:31:55,3,0.02,0.02081363,76.35,BTC-27JUN25-200000-C,56556.99,sell,2.0,2.0,,,,
389,316478176,2024-09-04 14:00:10,3,0.02,0.0201906,76.66,BTC-27JUN25-200000-C,56317.3,sell,0.1,0.1,,,,
390,316518257,2024-09-04 18:09:40,0,0.021,0.02122233,76.07,BTC-27JUN25-200000-C,57887.21,sell,1.8,1.8,,,,
391,316546313,2024-09-05 06:23:58,2,0.0205,0.02069939,76.57,BTC-27JUN25-200000-C,56950.26,sell,1.0,1.0,,,,
392,316590545,2024-09-05 15:26:17,2,0.02,0.01996257,76.91,BTC-27JUN25-200000-C,56184.9,sell,0.9,0.9,,,,
393,316590546,2024-09-05 15:26:17,3,0.02,0.01996257,76.91,BTC-27JUN25-200000-C,56184.9,sell,2.0,2.0,,,,
394,316626165,2024-09-06 01:44:39,3,0.02,0.02030981,76.7,BTC-27JUN25-200000-C,56486.92,sell,1.5,1.5,,,,
395,316626166,2024-09-06 01:44:53,3,0.02,0.02029904,76.7,BTC-27JUN25-200000-C,56481.31,sell,0.2,0.2,,,,
396,316626659,2024-09-06 01:56:19,3,0.02,0.02038762,76.64,BTC-27JUN25-200000-C,56534.6,sell,0.1,0.1,,,,
397,316626676,2024-09-06 01:56:55,3,0.02,0.02040213,76.63,BTC-27JUN25-200000-C,56554.42,sell,0.7,0.7,,,,
398,316632518,2024-09-06 04:07:09,3,0.02,0.02052882,76.56,BTC-27JUN25-200000-C,56665.0,sell,0.1,0.1,,,,
399,316632527,2024-09-06 04:07:12,3,0.02,0.02052367,76.56,BTC-27JUN25-200000-C,56660.44,sell,0.1,0.1,,,,
400,316632530,2024-09-06 04:07:15,3,0.02,0.02052091,76.57,BTC-27JUN25-200000-C,56654.54,sell,0.1,0.1,,,,
401,316632533,2024-09-06 04:07:25,3,0.02,0.02050452,76.58,BTC-27JUN25-200000-C,56648.68,sell,0.1,0.1,,,,
402,316632541,2024-09-06 04:08:00,3,0.02,0.02048896,76.58,BTC-27JUN25-200000-C,56639.46,sell,0.1,0.1,,,,
403,316632574,2024-09-06 04:09:02,3,0.02,0.02047624,76.59,BTC-27JUN25-200000-C,56634.02,sell,0.1,0.1,,,,
404,316632592,2024-09-06 04:09:28,3,0.02,0.0204988,76.57,BTC-27JUN25-200000-C,56657.51,sell,0.1,0.1,,,,
405,316632593,2024-09-06 04:09:41,3,0.02,0.02049566,76.57,BTC-27JUN25-200000-C,56656.51,sell,0.1,0.1,,,,
406,316632595,2024-09-06 04:09:51,3,0.02,0.0204951,76.57,BTC-27JUN25-200000-C,56656.75,sell,0.1,0.1,,,,
407,316667321,2024-09-06 09:20:51,3,0.02,0.02020118,77.45,BTC-27JUN25-200000-C,55671.72,sell,5.0,5.0,,,,
408,316690716,2024-09-06 13:01:19,3,0.02,0.02022857,76.56,BTC-27JUN25-200000-C,56768.05,sell,1.2,1.2,,,,
409,316690894,2024-09-06 13:02:34,3,0.02,0.02014672,76.6,BTC-27JUN25-200000-C,56719.37,sell,1.0,1.0,,,,
410,316700708,2024-09-06 14:06:28,2,0.0195,0.01948151,77.22,BTC-27JUN25-200000-C,55511.0,sell,1.0,1.0,,,,
411,316705946,2024-09-06 14:15:37,3,0.0195,0.01911839,77.67,BTC-27JUN25-200000-C,55020.88,sell,0.5,0.5,,,,
412,316708711,2024-09-06 14:18:04,3,0.0195,0.01930405,77.53,BTC-27JUN25-200000-C,55220.91,sell,1.1,1.1,,,,
413,316709296,2024-09-06 14:19:07,3,0.0195,0.01924381,77.6,BTC-27JUN25-200000-C,55114.48,sell,0.4,0.4,,,,
414,316738504,2024-09-06 15:43:06,2,0.019,0.01911656,77.88,BTC-27JUN25-200000-C,54320.88,sell,0.3,0.3,,,,
415,316742254,2024-09-06 16:05:19,2,0.0185,0.01885853,77.7,BTC-27JUN25-200000-C,54070.84,sell,1.0,1.0,,,,
416,316742255,2024-09-06 16:05:19,3,0.0185,0.01885853,77.7,BTC-27JUN25-200000-C,54070.84,buy,0.7,0.7,,,,
417,316742256,2024-09-06 16:05:19,3,0.0185,0.01885853,77.7,BTC-27JUN25-200000-C,54070.84,buy,0.2,0.2,,,,
418,316749730,2024-09-06 16:51:44,3,0.0185,0.01855022,77.92,BTC-27JUN25-200000-C,53817.26,sell,0.6,0.6,,,,
419,316757315,2024-09-06 17:52:06,3,0.0185,0.01868148,77.96,BTC-27JUN25-200000-C,53807.33,sell,0.1,0.1,,,,
420,316757324,2024-09-06 17:52:08,3,0.0185,0.01865663,77.98,BTC-27JUN25-200000-C,53777.58,sell,0.2,0.2,,,,
421,316757396,2024-09-06 17:52:58,3,0.0185,0.01873458,77.92,BTC-27JUN25-200000-C,53855.49,sell,0.1,0.1,,,,
422,316767296,2024-09-06 19:04:28,2,0.018,0.01858417,77.76,BTC-27JUN25-200000-C,53595.75,sell,2.0,2.0,,,,
423,316815866,2024-09-07 06:12:49,0,0.0185,0.01865338,77.81,BTC-27JUN25-200000-C,54046.27,sell,0.6,0.6,,,,
424,316818088,2024-09-07 07:01:32,0,0.019,0.01897355,77.94,BTC-27JUN25-200000-C,54366.6,sell,1.0,1.0,,,,
425,316818148,2024-09-07 07:01:49,1,0.019,0.01899841,77.93,BTC-27JUN25-200000-C,54366.65,sell,1.0,1.0,,,,
426,316818272,2024-09-07 07:02:53,2,0.0185,0.01900817,77.57,BTC-27JUN25-200000-C,54340.8,sell,1.0,1.0,,,,
427,316865920,2024-09-08 06:57:09,3,0.0185,0.01847233,77.77,BTC-27JUN25-200000-C,54294.16,sell,1.0,1.0,,,,
428,316870739,2024-09-08 09:13:36,3,0.0185,0.01870929,77.44,BTC-27JUN25-200000-C,54692.22,buy,0.1,0.1,,,,
429,316874662,2024-09-08 11:12:31,0,0.019,0.01901661,77.84,BTC-27JUN25-200000-C,54655.14,buy,0.1,0.1,,,,
430,316874663,2024-09-08 11:12:31,1,0.019,0.01901661,77.84,BTC-27JUN25-200000-C,54655.14,sell,0.9,0.9,,,,
431,316896847,2024-09-08 19:08:02,2,0.0185,0.01925999,77.69,BTC-27JUN25-200000-C,54470.9,sell,1.9,1.9,,,,
432,316921297,2024-09-09 00:36:11,3,0.0185,0.01882257,77.26,BTC-27JUN25-200000-C,55011.07,sell,1.5,1.5,,,,
433,316953892,2024-09-09 08:47:44,0,0.019,0.01910993,77.58,BTC-27JUN25-200000-C,55208.94,sell,1.0,1.0,,,,
434,316959396,2024-09-09 10:05:52,0,0.0195,0.01923957,78.01,BTC-27JUN25-200000-C,55168.09,buy,0.1,0.1,,,,
435,316961917,2024-09-09 10:56:30,1,0.0195,0.01971762,77.87,BTC-27JUN25-200000-C,55348.01,sell,9.9,9.9,,,,
436,316961919,2024-09-09 10:56:31,1,0.0195,0.01971652,77.87,BTC-27JUN25-200000-C,55348.01,buy,0.1,0.1,,,,
437,316963238,2024-09-09 11:30:14,2,0.019,0.01959467,77.5,BTC-27JUN25-200000-C,55319.75,sell,3.0,3.0,,,,
438,316963669,2024-09-09 11:51:03,3,0.019,0.01922969,77.59,BTC-27JUN25-200000-C,55215.86,sell,1.1,1.1,,,,
439,316964119,2024-09-09 12:10:04,3,0.019,0.01930588,77.59,BTC-27JUN25-200000-C,55221.43,sell,1.0,1.0,,,,
440,316981743,2024-09-09 15:01:11,3,0.019,0.01922567,77.91,BTC-27JUN25-200000-C,54898.04,sell,2.0,2.0,,,,
441,317017148,2024-09-09 18:53:08,0,0.02,0.02029279,77.24,BTC-27JUN25-200000-C,56618.19,sell,0.8,0.8,,,,
442,317017217,2024-09-09 18:53:11,1,0.02,0.02029316,77.23,BTC-27JUN25-200000-C,56624.81,sell,1.5,1.5,,,,
443,317019021,2024-09-09 19:09:53,0,0.0205,0.02044978,77.53,BTC-27JUN25-200000-C,56720.13,sell,1.3,1.3,,,,
444,317049294,2024-09-09 22:38:38,0,0.021,0.02102916,77.42,BTC-27JUN25-200000-C,57307.28,sell,1.5,1.5,,,,
445,317068269,2024-09-10 05:31:40,2,0.0205,0.02078385,77.44,BTC-27JUN25-200000-C,56911.5,sell,1.5,1.5,,,,
446,317073213,2024-09-10 07:26:16,3,0.0205,0.02063185,77.2,BTC-27JUN25-200000-C,57173.76,sell,0.8,0.8,,,,
447,317085770,2024-09-10 09:01:32,3,0.0205,0.02061886,77.38,BTC-27JUN25-200000-C,56967.7,sell,0.1,0.1,,,,
448,317087153,2024-09-10 09:27:27,3,0.0205,0.02066048,77.32,BTC-27JUN25-200000-C,57041.1,sell,1.1,1.1,,,,
449,317093695,2024-09-10 11:53:27,3,0.0205,0.02068114,77.17,BTC-27JUN25-200000-C,57239.56,sell,1.0,1.0,,,,
450,317101774,2024-09-10 13:26:17,2,0.02,0.02052624,77.12,BTC-27JUN25-200000-C,56878.17,sell,1.5,1.5,,,,
451,317124209,2024-09-10 15:10:20,3,0.02,0.02035075,77.08,BTC-27JUN25-200000-C,56984.62,buy,0.1,0.1,,,,
452,317136406,2024-09-10 17:16:58,0,0.0205,0.02063503,77.18,BTC-27JUN25-200000-C,57305.96,buy,0.1,0.1,,,,
453,317142121,2024-09-10 18:15:56,0,0.021,0.02120753,77.33,BTC-27JUN25-200000-C,57542.27,buy,0.1,0.1,,,,
454,317142122,2024-09-10 18:15:56,1,0.021,0.02120753,77.33,BTC-27JUN25-200000-C,57542.27,buy,0.1,0.1,,,,
455,317174465,2024-09-11 01:12:52,0,0.0215,0.02203949,77.52,BTC-27JUN25-200000-C,57737.02,sell,2.0,2.0,,,,
456,317175220,2024-09-11 01:24:03,2,0.021,0.02113259,77.46,BTC-27JUN25-200000-C,57385.95,sell,1.5,1.5,,,,
457,317210491,2024-09-11 07:20:48,2,0.0195,0.0201097,77.12,BTC-27JUN25-200000-C,56591.32,sell,1.0,1.0,,,,
458,317228709,2024-09-11 11:39:46,3,0.0195,0.01944202,76.95,BTC-27JUN25-200000-C,56832.57,buy,0.5,0.5,,,,
459,317244855,2024-09-11 13:31:33,2,0.019,0.01915366,76.71,BTC-27JUN25-200000-C,56682.34,sell,0.4,0.4,,,,
460,317245751,2024-09-11 13:34:59,3,0.019,0.01895617,76.88,BTC-27JUN25-200000-C,56482.15,sell,0.4,0.4,,,,
461,317249336,2024-09-11 13:50:35,3,0.019,0.01880297,77.19,BTC-27JUN25-200000-C,56108.37,sell,0.3,0.3,,,,
462,317249924,2024-09-11 13:50:49,3,0.019,0.01872715,77.25,BTC-27JUN25-200000-C,56035.68,sell,0.4,0.4,,,,
463,317292418,2024-09-11 18:00:19,0,0.02,0.020541,76.64,BTC-27JUN25-200000-C,57725.48,sell,1.5,1.5,,,,
464,317311686,2024-09-11 20:35:27,1,0.02,0.02037133,76.83,BTC-27JUN25-200000-C,57516.18,sell,1.1,1.1,,,,
465,317347836,2024-09-12 06:54:21,1,0.02,0.02038449,76.53,BTC-27JUN25-200000-C,57968.35,sell,1.0,1.0,,,,
466,317354995,2024-09-12 09:12:05,1,0.02,0.02044753,76.34,BTC-27JUN25-200000-C,58194.24,sell,1.2,1.2,,,,
467,317367437,2024-09-12 12:58:05,2,0.0195,0.01992521,76.39,BTC-27JUN25-200000-C,57701.42,sell,1.5,1.5,,,,
468,317367438,2024-09-12 12:58:05,3,0.0195,0.01992521,76.39,BTC-27JUN25-200000-C,57701.42,sell,1.0,1.0,,,,
469,317389430,2024-09-12 15:12:00,3,0.0195,0.01982436,76.44,BTC-27JUN25-200000-C,57661.75,sell,1.0,1.0,,,,
470,317446732,2024-09-13 06:47:00,0,0.02,0.02002991,76.68,BTC-27JUN25-200000-C,57796.02,sell,0.3,0.3,,,,
471,317456011,2024-09-13 08:17:12,1,0.02,0.02004169,76.51,BTC-27JUN25-200000-C,58056.77,sell,0.2,0.2,,,,
472,317457043,2024-09-13 08:44:37,2,0.0195,0.01963254,76.17,BTC-27JUN25-200000-C,58010.54,sell,1.0,1.0,,,,
473,317471232,2024-09-13 12:35:07,2,0.019,0.01940496,76.05,BTC-27JUN25-200000-C,57765.38,sell,1.0,1.0,,,,
474,317487273,2024-09-13 15:10:50,0,0.02,0.01948324,76.2,BTC-27JUN25-200000-C,58529.15,buy,1.0,1.0,,,,
475,317487976,2024-09-13 15:15:52,2,0.0195,0.01956166,75.84,BTC-27JUN25-200000-C,58502.21,sell,1.5,1.5,,,,
476,317488338,2024-09-13 15:20:26,3,0.0195,0.01956243,75.87,BTC-27JUN25-200000-C,58474.06,sell,1.0,1.0,,,,
477,317527138,2024-09-13 19:28:39,0,0.02,0.02067074,75.06,BTC-27JUN25-200000-C,59980.25,sell,1.0,1.0,,,,
478,317529892,2024-09-13 19:54:49,0,0.0205,0.02063352,75.63,BTC-27JUN25-200000-C,59701.61,sell,0.5,0.5,,,,
479,317529893,2024-09-13 19:54:49,2,0.02,0.02063352,75.27,BTC-27JUN25-200000-C,59701.61,sell,1.5,1.5,,,,
480,317530071,2024-09-13 19:56:12,3,0.02,0.02059197,75.23,BTC-27JUN25-200000-C,59750.49,buy,1.7,1.7,,,,
481,317530072,2024-09-13 19:56:12,3,0.02,0.02059197,75.23,BTC-27JUN25-200000-C,59750.49,buy,0.3,0.3,,,,
482,317530075,2024-09-13 19:56:20,3,0.02,0.02058194,75.22,BTC-27JUN25-200000-C,59761.03,buy,0.8,0.8,,,,
483,317530076,2024-09-13 19:56:20,3,0.02,0.02058194,75.22,BTC-27JUN25-200000-C,59761.03,buy,0.1,0.1,,,,
484,317530079,2024-09-13 19:56:29,3,0.02,0.02056151,75.22,BTC-27JUN25-200000-C,59756.72,buy,0.8,0.8,,,,
485,317530080,2024-09-13 19:56:29,3,0.02,0.02056151,75.22,BTC-27JUN25-200000-C,59756.72,buy,0.1,0.1,,,,
486,317530150,2024-09-13 19:56:56,3,0.02,0.02047586,75.26,BTC-27JUN25-200000-C,59723.43,buy,0.9,0.9,,,,
487,317542208,2024-09-13 21:58:41,3,0.02,0.01960723,74.8,BTC-27JUN25-200000-C,60304.91,buy,0.3,0.3,,,,
488,317600829,2024-09-14 20:29:13,0,0.0205,0.0210348,75.51,BTC-27JUN25-200000-C,60059.86,sell,0.1,0.1,,,,
489,317613466,2024-09-15 05:35:05,1,0.0205,0.02084252,75.49,BTC-27JUN25-200000-C,60199.59,sell,0.1,0.1,,,,
490,317614154,2024-09-15 06:41:08,1,0.0205,0.02082667,75.53,BTC-27JUN25-200000-C,60158.1,sell,0.1,0.1,,,,
491,317653554,2024-09-15 23:11:03,1,0.0205,0.02013215,76.74,BTC-27JUN25-200000-C,58808.1,sell,0.7,0.7,,,,
492,317662844,2024-09-16 00:39:13,2,0.02,0.0199811,76.49,BTC-27JUN25-200000-C,58714.1,sell,0.1,0.1,,,,
493,317667860,2024-09-16 01:37:58,3,0.02,0.01989968,76.69,BTC-27JUN25-200000-C,58473.67,sell,0.4,0.4,,,,
494,317670651,2024-09-16 02:11:12,3,0.02,0.01994598,76.7,BTC-27JUN25-200000-C,58473.52,sell,0.2,0.2,,,,
495,317671490,2024-09-16 02:15:23,2,0.0195,0.01970059,76.4,BTC-27JUN25-200000-C,58381.91,sell,1.0,1.0,,,,
496,317705119,2024-09-16 12:53:20,2,0.019,0.01925144,76.02,BTC-27JUN25-200000-C,58491.43,sell,1.0,1.0,,,,
497,317762713,2024-09-17 04:24:38,3,0.019,0.01904283,76.36,BTC-27JUN25-200000-C,58163.55,sell,1.5,1.5,,,,
498,317762985,2024-09-17 04:28:25,3,0.019,0.01909631,76.33,BTC-27JUN25-200000-C,58208.33,sell,1.0,1.0,,,,
499,317800897,2024-09-17 14:13:38,0,0.0195,0.02000622,75.66,BTC-27JUN25-200000-C,59659.71,sell,1.0,1.0,,,,
500,317824041,2024-09-17 15:11:23,0,0.0205,0.02046276,75.39,BTC-27JUN25-200000-C,60891.11,buy,0.1,0.1,,,,
501,317824042,2024-09-17 15:11:23,1,0.0205,0.02046276,75.39,BTC-27JUN25-200000-C,60891.11,sell,1.4,1.4,,,,
502,317830459,2024-09-17 15:19:55,0,0.021,0.02084624,75.44,BTC-27JUN25-200000-C,61276.07,buy,0.1,0.1,,,,
503,317830460,2024-09-17 15:19:55,1,0.021,0.02084624,75.44,BTC-27JUN25-200000-C,61276.07,sell,1.9,1.9,,,,
504,317843225,2024-09-17 16:20:07,2,0.0205,0.02059422,75.5,BTC-27JUN25-200000-C,60843.23,sell,1.0,1.0,,,,
505,317865353,2024-09-17 18:00:02,2,0.02,0.02039797,75.17,BTC-27JUN25-200000-C,60946.44,sell,0.1,0.1,,,,
506,317865362,2024-09-17 18:00:05,3,0.02,0.02037546,75.19,BTC-27JUN25-200000-C,60932.74,sell,0.1,0.1,,,,
507,317865382,2024-09-17 18:00:07,3,0.02,0.02037122,75.19,BTC-27JUN25-200000-C,60926.17,sell,0.1,0.1,,,,
508,317882575,2024-09-17 20:02:49,3,0.02,0.01983721,76.13,BTC-27JUN25-200000-C,59758.94,sell,0.7,0.7,,,,
509,317930774,2024-09-18 11:18:36,2,0.0195,0.01989986,75.66,BTC-27JUN25-200000-C,59896.09,sell,0.1,0.1,,,,
510,317930775,2024-09-18 11:18:38,3,0.0195,0.01989979,75.66,BTC-27JUN25-200000-C,59897.63,sell,0.4,0.4,,,,
511,317930806,2024-09-18 11:19:35,3,0.0195,0.01990117,75.65,BTC-27JUN25-200000-C,59910.99,sell,0.1,0.1,,,,
512,317930904,2024-09-18 11:20:05,3,0.0195,0.0199302,75.62,BTC-27JUN25-200000-C,59945.04,sell,0.1,0.1,,,,
513,317934853,2024-09-18 13:01:45,3,0.0195,0.0198441,75.63,BTC-27JUN25-200000-C,60023.47,sell,0.3,0.3,,,,
514,317946750,2024-09-18 15:06:30,3,0.0195,0.01992368,75.89,BTC-27JUN25-200000-C,59708.18,sell,1.0,1.0,,,,
515,317947826,2024-09-18 15:30:22,2,0.019,0.01949074,75.63,BTC-27JUN25-200000-C,59572.08,sell,1.0,1.0,,,,
516,317989394,2024-09-18 18:54:57,0,0.0195,0.0195635,75.09,BTC-27JUN25-200000-C,60723.12,sell,1.0,1.0,,,,
517,317995699,2024-09-18 19:19:55,2,0.019,0.01941884,74.88,BTC-27JUN25-200000-C,60571.5,sell,1.0,1.0,,,,
518,318032338,2024-09-18 23:25:37,0,0.0195,0.01996809,74.48,BTC-27JUN25-200000-C,61109.88,sell,0.2,0.2,,,,
519,318033559,2024-09-18 23:29:47,1,0.0195,0.01991174,74.4,BTC-27JUN25-200000-C,61219.57,sell,1.0,1.0,,,,
520,318084725,2024-09-19 02:43:09,0,0.02,0.02017449,74.2,BTC-27JUN25-200000-C,62181.45,buy,0.1,0.1,,,,
521,318088402,2024-09-19 03:10:36,0,0.021,0.02007222,74.98,BTC-27JUN25-200000-C,62135.37,buy,0.2,0.2,,,,
522,318099161,2024-09-19 06:21:51,2,0.0195,0.01991067,74.09,BTC-27JUN25-200000-C,61962.72,sell,0.5,0.5,,,,
523,318099178,2024-09-19 06:22:00,3,0.0195,0.01992246,74.08,BTC-27JUN25-200000-C,61978.18,sell,0.1,0.1,,,,
524,318099179,2024-09-19 06:22:02,3,0.0195,0.01992237,74.08,BTC-27JUN25-200000-C,61980.01,sell,0.1,0.1,,,,
525,318099181,2024-09-19 06:22:05,3,0.0195,0.01991826,74.09,BTC-27JUN25-200000-C,61976.7,sell,0.1,0.1,,,,
526,318099195,2024-09-19 06:22:07,3,0.0195,0.01991352,74.09,BTC-27JUN25-200000-C,61966.79,sell,0.2,0.2,,,,
527,318101846,2024-09-19 07:06:19,2,0.019,0.01979982,73.63,BTC-27JUN25-200000-C,62047.1,sell,1.0,1.0,,,,
528,318103286,2024-09-19 07:18:04,3,0.019,0.01930047,73.63,BTC-27JUN25-200000-C,62075.09,sell,0.5,0.5,,,,
529,318116242,2024-09-19 09:38:03,0,0.02,0.0193157,74.34,BTC-27JUN25-200000-C,62201.41,buy,1.9,1.9,,,,
530,318116243,2024-09-19 09:38:03,1,0.02,0.0193157,74.34,BTC-27JUN25-200000-C,62201.41,sell,8.1,8.1,,,,
531,318126180,2024-09-19 10:44:51,1,0.02,0.02009301,74.15,BTC-27JUN25-200000-C,62440.03,sell,1.0,1.0,,,,
532,318126587,2024-09-19 10:49:28,2,0.0195,0.02002171,73.77,BTC-27JUN25-200000-C,62452.58,sell,0.1,0.1,,,,
533,318126589,2024-09-19 10:49:30,3,0.0195,0.02001897,73.78,BTC-27JUN25-200000-C,62449.29,sell,0.1,0.1,,,,
534,318126610,2024-09-19 10:49:53,3,0.0195,0.02000514,73.78,BTC-27JUN25-200000-C,62448.28,sell,0.1,0.1,,,,
535,318126611,2024-09-19 10:50:00,3,0.0195,0.02000413,73.78,BTC-27JUN25-200000-C,62448.32,sell,0.1,0.1,,,,
536,318126613,2024-09-19 10:50:04,3,0.0195,0.02000059,73.78,BTC-27JUN25-200000-C,62448.3,sell,0.1,0.1,,,,
537,318126617,2024-09-19 10:50:07,3,0.0195,0.01999902,73.78,BTC-27JUN25-200000-C,62447.62,sell,0.1,0.1,,,,
538,318126629,2024-09-19 10:50:18,3,0.0195,0.01999452,73.78,BTC-27JUN25-200000-C,62448.63,sell,0.1,0.1,,,,
539,318126642,2024-09-19 10:50:25,3,0.0195,0.01999015,73.78,BTC-27JUN25-200000-C,62446.77,sell,0.1,0.1,,,,
540,318126663,2024-09-19 10:50:28,3,0.0195,0.01998947,73.78,BTC-27JUN25-200000-C,62446.86,sell,0.1,0.1,,,,
541,318126684,2024-09-19 10:50:30,3,0.0195,0.01997609,73.8,BTC-27JUN25-200000-C,62426.07,sell,0.1,0.1,,,,
542,318127911,2024-09-19 11:06:58,2,0.019,0.01950678,73.56,BTC-27JUN25-200000-C,62311.45,sell,0.2,0.2,,,,
543,318137076,2024-09-19 12:08:58,0,0.02,0.02010752,73.62,BTC-27JUN25-200000-C,63205.64,sell,1.0,1.0,,,,
544,318137110,2024-09-19 12:09:10,2,0.0195,0.02007796,73.27,BTC-27JUN25-200000-C,63175.09,sell,1.0,1.0,,,,
545,318137195,2024-09-19 12:09:23,3,0.0195,0.02004141,73.32,BTC-27JUN25-200000-C,63117.8,sell,1.0,1.0,,,,
546,318137236,2024-09-19 12:09:34,3,0.0195,0.02001635,73.31,BTC-27JUN25-200000-C,63126.03,sell,1.0,1.0,,,,
547,318146820,2024-09-19 13:16:56,0,0.02,0.02010934,73.74,BTC-27JUN25-200000-C,63093.36,sell,1.5,1.5,,,,
548,318146901,2024-09-19 13:17:38,2,0.0195,0.0201317,73.37,BTC-27JUN25-200000-C,63103.92,sell,5.0,5.0,,,,
549,318146904,2024-09-19 13:17:52,3,0.0195,0.02013109,73.37,BTC-27JUN25-200000-C,63106.71,sell,1.9,1.9,,,,
550,318158610,2024-09-19 14:14:10,0,0.02,0.020729,73.52,BTC-27JUN25-200000-C,63386.07,sell,1.4,1.4,,,,
551,318158640,2024-09-19 14:14:25,1,0.02,0.02074188,73.5,BTC-27JUN25-200000-C,63409.27,sell,3.0,3.0,,,,
552,318161664,2024-09-19 14:27:57,1,0.02,0.02059607,73.54,BTC-27JUN25-200000-C,63343.87,sell,1.0,1.0,,,,
553,318164065,2024-09-19 14:38:22,1,0.02,0.02055481,73.48,BTC-27JUN25-200000-C,63414.44,sell,1.0,1.0,,,,
554,318227346,2024-09-19 22:49:44,2,0.0195,0.02024756,73.49,BTC-27JUN25-200000-C,62890.42,sell,0.5,0.5,,,,
555,318229895,2024-09-19 23:21:25,3,0.0195,0.0203002,73.37,BTC-27JUN25-200000-C,63049.6,sell,0.5,0.5,,,,
556,318246087,2024-09-20 03:42:20,3,0.0195,0.0201779,73.27,BTC-27JUN25-200000-C,63317.78,sell,1.3,1.3,,,,
557,318285148,2024-09-20 08:54:54,3,0.0195,0.02010919,73.32,BTC-27JUN25-200000-C,63319.76,sell,0.8,0.8,,,,
558,318293621,2024-09-20 10:58:47,0,0.021,0.0204359,74.09,BTC-27JUN25-200000-C,63641.08,sell,1.0,1.0,,,,
559,318294258,2024-09-20 11:05:35,0,0.0215,0.02085685,74.4,BTC-27JUN25-200000-C,63679.3,buy,0.1,0.1,,,,
560,318294259,2024-09-20 11:05:35,1,0.0215,0.02085685,74.4,BTC-27JUN25-200000-C,63679.3,sell,1.0,1.0,,,,
561,318309727,2024-09-20 13:56:44,2,0.0205,0.02097126,74.29,BTC-27JUN25-200000-C,62903.3,sell,1.5,1.5,,,,
562,318323111,2024-09-20 14:48:16,2,0.02,0.02062151,73.69,BTC-27JUN25-200000-C,63215.52,sell,1.0,1.0,,,,
563,318406776,2024-09-22 04:56:21,2,0.0195,0.0196578,73.74,BTC-27JUN25-200000-C,63125.85,sell,1.3,1.3,,,,
564,318406884,2024-09-22 05:00:29,2,0.019,0.01943161,73.39,BTC-27JUN25-200000-C,63092.11,sell,1.2,1.2,,,,
565,318447303,2024-09-22 23:06:57,0,0.0195,0.0191792,73.25,BTC-27JUN25-200000-C,63754.48,buy,40.0,40.0,,,,
566,318447322,2024-09-22 23:07:01,1,0.0195,0.01917204,73.25,BTC-27JUN25-200000-C,63749.62,buy,7.5,7.5,,,,
567,318457346,2024-09-23 00:58:36,1,0.0195,0.01989748,73.37,BTC-27JUN25-200000-C,63613.39,sell,1.0,1.0,,,,
568,318466107,2024-09-23 03:04:29,0,0.02,0.02034897,73.47,BTC-27JUN25-200000-C,63970.53,sell,1.0,1.0,,,,
569,318473025,2024-09-23 03:27:30,0,0.021,0.02081921,73.62,BTC-27JUN25-200000-C,64693.5,buy,0.1,0.1,,,,
570,318473026,2024-09-23 03:27:30,1,0.021,0.02081921,73.62,BTC-27JUN25-200000-C,64693.5,sell,0.9,0.9,,,,
571,318543876,2024-09-23 21:18:01,2,0.0195,0.01990996,73.81,BTC-27JUN25-200000-C,63201.01,sell,1.5,1.5,,,,
572,318546477,2024-09-23 21:39:39,2,0.019,0.01964057,73.33,BTC-27JUN25-200000-C,63359.12,sell,0.5,0.5,,,,
573,318546695,2024-09-23 21:45:01,3,0.019,0.01948759,73.39,BTC-27JUN25-200000-C,63281.97,sell,0.1,0.1,,,,
574,318546745,2024-09-23 21:46:19,3,0.019,0.01947757,73.41,BTC-27JUN25-200000-C,63265.59,sell,0.1,0.1,,,,
575,318546746,2024-09-23 21:46:35,3,0.019,0.01948736,73.4,BTC-27JUN25-200000-C,63266.06,sell,0.6,0.6,,,,
576,318546747,2024-09-23 21:46:35,3,0.019,0.01948736,73.4,BTC-27JUN25-200000-C,63266.06,buy,0.4,0.4,,,,
577,318546762,2024-09-23 21:46:56,2,0.0185,0.01946005,73.04,BTC-27JUN25-200000-C,63252.78,sell,0.1,0.1,,,,
578,318546799,2024-09-23 21:47:01,3,0.0185,0.01945319,73.05,BTC-27JUN25-200000-C,63237.0,sell,0.5,0.5,,,,
579,318546800,2024-09-23 21:47:01,3,0.0185,0.01945319,73.05,BTC-27JUN25-200000-C,63237.0,buy,0.5,0.5,,,,
580,318547004,2024-09-23 21:47:29,0,0.019,0.01946046,73.4,BTC-27JUN25-200000-C,63275.01,buy,1.0,1.0,,,,
581,318547036,2024-09-23 21:48:03,1,0.019,0.0194062,73.43,BTC-27JUN25-200000-C,63244.54,buy,0.5,0.5,,,,
582,318547050,2024-09-23 21:48:28,2,0.018,0.01938501,72.66,BTC-27JUN25-200000-C,63247.32,sell,1.0,1.0,,,,
583,318547077,2024-09-23 21:50:19,3,0.018,0.01932934,72.64,BTC-27JUN25-200000-C,63266.71,sell,0.1,0.1,,,,
584,318547192,2024-09-23 21:53:51,0,0.0205,0.01937438,74.43,BTC-27JUN25-200000-C,63361.65,buy,0.1,0.1,,,,
585,318547213,2024-09-23 21:56:36,2,0.019,0.01934536,73.31,BTC-27JUN25-200000-C,63374.12,buy,0.2,0.2,,,,
586,318548175,2024-09-23 22:40:08,3,0.019,0.01944583,73.41,BTC-27JUN25-200000-C,63263.74,sell,0.2,0.2,,,,
587,318552621,2024-09-24 00:22:23,2,0.0185,0.01924606,73.05,BTC-27JUN25-200000-C,63237.07,sell,0.5,0.5,,,,
588,318552622,2024-09-24 00:22:23,3,0.0185,0.01924606,73.05,BTC-27JUN25-200000-C,63237.07,buy,0.3,0.3,,,,
589,318552694,2024-09-24 00:25:17,2,0.0175,0.01921753,72.22,BTC-27JUN25-200000-C,63291.92,sell,5.0,5.0,,,,
590,318552826,2024-09-24 00:32:40,0,0.0185,0.01937179,72.98,BTC-27JUN25-200000-C,63317.22,sell,0.2,0.2,,,,
591,318552827,2024-09-24 00:32:40,1,0.0185,0.01937179,72.98,BTC-27JUN25-200000-C,63317.22,sell,1.3,1.3,,,,
592,318571983,2024-09-24 07:14:32,1,0.0185,0.01907579,72.92,BTC-27JUN25-200000-C,63432.4,sell,0.2,0.2,,,,
593,318571984,2024-09-24 07:14:32,1,0.0185,0.01907579,72.92,BTC-27JUN25-200000-C,63432.4,buy,0.8,0.8,,,,
594,318572017,2024-09-24 07:15:05,2,0.018,0.01907404,72.53,BTC-27JUN25-200000-C,63444.18,sell,0.5,0.5,,,,
595,318642623,2024-09-24 20:21:21,0,0.019,0.01934456,72.74,BTC-27JUN25-200000-C,64239.25,sell,0.1,0.1,,,,
596,318681876,2024-09-25 02:51:57,0,0.02,0.02002358,73.44,BTC-27JUN25-200000-C,64437.85,sell,1.0,1.0,,,,
597,318722949,2024-09-25 12:56:44,2,0.019,0.01905846,73.2,BTC-27JUN25-200000-C,63649.63,sell,0.2,0.2,,,,
598,318749515,2024-09-25 17:27:16,2,0.0185,0.01850756,73.13,BTC-27JUN25-200000-C,63264.58,sell,0.5,0.5,,,,
599,318766364,2024-09-25 22:36:43,3,0.0185,0.018509,73.15,BTC-27JUN25-200000-C,63354.29,sell,15.2,15.2,,159047,,
600,318787362,2024-09-26 04:46:43,3,0.0185,0.01861235,73.11,BTC-27JUN25-200000-C,63377.62,sell,0.3,0.3,,,,
601,318800744,2024-09-26 08:19:41,3,0.0185,0.01851852,72.8,BTC-27JUN25-200000-C,63787.5,sell,0.1,0.1,,,,
602,318800745,2024-09-26 08:19:41,3,0.0185,0.01851852,72.8,BTC-27JUN25-200000-C,63787.5,buy,1.7,1.7,,,,
603,318815587,2024-09-26 10:30:57,3,0.0185,0.01865125,72.39,BTC-27JUN25-200000-C,64211.3,sell,0.3,0.3,,,,
604,318815593,2024-09-26 10:31:02,2,0.018,0.01865371,72.0,BTC-27JUN25-200000-C,64212.48,sell,0.5,0.5,,,,
605,318822205,2024-09-26 11:04:48,3,0.018,0.01825147,71.94,BTC-27JUN25-200000-C,64325.08,sell,0.2,0.2,,,,
606,318828551,2024-09-26 12:07:57,3,0.018,0.01824443,71.91,BTC-27JUN25-200000-C,64376.58,sell,0.2,0.2,,,,
607,318872777,2024-09-26 14:57:58,0,0.0185,0.01825763,72.24,BTC-27JUN25-200000-C,64416.73,sell,0.2,0.2,,,,
608,318879827,2024-09-26 15:28:01,1,0.0185,0.01847751,71.92,BTC-27JUN25-200000-C,64924.8,sell,0.2,0.2,,,,
609,318908591,2024-09-26 17:39:28,0,0.0195,0.0194647,72.56,BTC-27JUN25-200000-C,65184.8,sell,0.2,0.2,,,,
610,318920618,2024-09-26 19:56:56,2,0.019,0.01909977,72.46,BTC-27JUN25-200000-C,64874.1,sell,0.1,0.1,,,,
611,318965326,2024-09-27 05:50:44,3,0.019,0.01933597,72.21,BTC-27JUN25-200000-C,65283.92,sell,0.2,0.2,,,,
612,318968849,2024-09-27 06:17:22,3,0.019,0.01925434,72.1,BTC-27JUN25-200000-C,65475.13,sell,1.0,1.0,,,,
613,319000444,2024-09-27 08:50:19,2,0.0185,0.01869811,71.82,BTC-27JUN25-200000-C,65727.5,sell,0.1,0.1,,,,
614,319000449,2024-09-27 08:50:22,3,0.0185,0.01869814,71.82,BTC-27JUN25-200000-C,65728.35,sell,0.1,0.1,,,,
615,319018598,2024-09-27 10:56:50,3,0.0185,0.01872621,71.86,BTC-27JUN25-200000-C,65508.2,sell,0.1,0.1,,,,
616,319024316,2024-09-27 12:12:40,2,0.0175,0.01830104,71.08,BTC-27JUN25-200000-C,65507.17,sell,0.2,0.2,,,,
617,319060458,2024-09-27 15:14:20,0,0.018,0.01831838,70.57,BTC-27JUN25-200000-C,66339.55,sell,0.1,0.1,,,,
618,319143913,2024-09-28 20:53:04,2,0.0175,0.01775861,70.93,BTC-27JUN25-200000-C,65702.11,sell,0.1,0.1,,,,
619,319147655,2024-09-28 22:51:22,2,0.017,0.01756733,70.44,BTC-27JUN25-200000-C,65758.57,sell,0.1,0.1,,,,
620,319149456,2024-09-28 23:53:07,3,0.017,0.01716541,70.28,BTC-27JUN25-200000-C,65930.3,sell,0.1,0.1,,,,
621,319210810,2024-09-30 02:25:00,0,0.0175,0.0167002,71.82,BTC-27JUN25-200000-C,64553.26,buy,0.2,0.2,,,,
622,319224892,2024-09-30 06:07:48,2,0.017,0.01688196,71.35,BTC-27JUN25-200000-C,64657.29,sell,0.3,0.3,,,,
623,319243762,2024-09-30 09:13:33,3,0.017,0.01694176,71.91,BTC-27JUN25-200000-C,64075.65,sell,0.1,0.1,,,,
624,319256118,2024-09-30 10:08:00,2,0.0165,0.01643787,72.09,BTC-27JUN25-200000-C,63511.5,sell,0.1,0.1,,,,
625,319280128,2024-09-30 12:14:49,3,0.0165,0.01671207,71.86,BTC-27JUN25-200000-C,63802.11,sell,0.1,0.1,,,,
626,319299307,2024-09-30 14:15:15,3,0.0165,0.01653646,71.93,BTC-27JUN25-200000-C,63735.85,sell,0.1,0.1,,,,
627,319329271,2024-09-30 18:31:35,2,0.016,0.01604189,72.09,BTC-27JUN25-200000-C,63073.4,sell,1.0,1.0,,,,
628,319361144,2024-10-01 01:25:53,3,0.016,0.01621258,71.89,BTC-27JUN25-200000-C,63453.71,sell,0.3,0.3,,,,
629,319372824,2024-10-01 06:27:24,0,0.0165,0.01661213,71.89,BTC-27JUN25-200000-C,63963.02,sell,0.5,0.5,,,,
630,319404177,2024-10-01 13:39:01,2,0.016,0.01585172,72.41,BTC-27JUN25-200000-C,62838.11,sell,0.5,0.5,,,,
631,319436688,2024-10-01 15:11:39,2,0.0155,0.01546573,72.64,BTC-27JUN25-200000-C,61979.64,sell,1.0,1.0,,,,
632,319445078,2024-10-01 15:39:25,3,0.0155,0.01549241,72.22,BTC-27JUN25-200000-C,62602.34,sell,0.5,0.5,,,,
633,319456504,2024-10-01 16:32:51,3,0.0155,0.01537714,72.61,BTC-27JUN25-200000-C,62046.87,sell,0.5,0.5,,,,
634,319456505,2024-10-01 16:32:51,3,0.0155,0.01537714,72.61,BTC-27JUN25-200000-C,62046.87,sell,1.0,1.0,,,,
635,319472495,2024-10-01 17:18:32,2,0.015,0.01468936,72.65,BTC-27JUN25-200000-C,61587.56,sell,0.2,0.2,,,,
636,319552115,2024-10-02 00:54:33,2,0.0145,0.01450922,72.58,BTC-27JUN25-200000-C,61023.94,sell,0.2,0.2,,,,
637,319639102,2024-10-02 16:45:34,3,0.0145,0.01464004,72.02,BTC-27JUN25-200000-C,61900.88,sell,0.1,0.1,,,,
638,319643806,2024-10-02 17:35:25,3,0.0145,0.01424942,72.51,BTC-27JUN25-200000-C,61277.08,sell,0.2,0.2,,,,
639,319650669,2024-10-02 18:27:29,2,0.014,0.01415807,72.21,BTC-27JUN25-200000-C,61088.07,sell,0.5,0.5,,,,
640,319650696,2024-10-02 18:27:33,3,0.014,0.0141657,72.19,BTC-27JUN25-200000-C,61116.14,buy,0.5,0.5,,,,
641,319650755,2024-10-02 18:28:05,3,0.014,0.01421526,72.13,BTC-27JUN25-200000-C,61185.55,buy,0.5,0.5,,,,
642,319657346,2024-10-02 19:19:17,3,0.014,0.01380155,72.71,BTC-27JUN25-200000-C,60465.44,sell,0.3,0.3,,,,
643,319666834,2024-10-02 19:59:03,0,0.0145,0.01398367,73.27,BTC-27JUN25-200000-C,60331.88,buy,1.0,1.0,,,,
644,319687507,2024-10-02 23:22:28,2,0.014,0.0138744,72.47,BTC-27JUN25-200000-C,60735.8,sell,0.2,0.2,,,,
645,319708879,2024-10-03 06:17:49,3,0.014,0.01406072,72.09,BTC-27JUN25-200000-C,61262.69,sell,0.2,0.2,,,,
646,319731512,2024-10-03 11:13:44,3,0.014,0.01405717,72.33,BTC-27JUN25-200000-C,61004.17,sell,0.2,0.2,,,,
647,319829106,2024-10-04 07:44:27,0,0.0145,0.01422603,72.62,BTC-27JUN25-200000-C,61364.2,buy,0.5,0.5,,,,
648,319829107,2024-10-04 07:44:27,1,0.0145,0.01422603,72.62,BTC-27JUN25-200000-C,61364.2,sell,0.2,0.2,,,,
649,319838278,2024-10-04 08:37:16,2,0.014,0.01454316,71.98,BTC-27JUN25-200000-C,61610.4,sell,0.2,0.2,,,,
650,319838279,2024-10-04 08:37:16,3,0.014,0.01454316,71.98,BTC-27JUN25-200000-C,61610.4,buy,0.3,0.3,,,,
651,319844984,2024-10-04 11:25:46,0,0.0145,0.01423741,72.66,BTC-27JUN25-200000-C,61343.82,sell,0.4,0.4,,,,
652,319866057,2024-10-04 14:27:51,2,0.014,0.01390872,72.61,BTC-27JUN25-200000-C,60851.57,sell,0.2,0.2,,,,
653,319938950,2024-10-05 17:27:33,3,0.014,0.01429853,71.87,BTC-27JUN25-200000-C,61974.7,sell,0.5,0.5,,,,
654,319944159,2024-10-05 20:38:52,2,0.0135,0.01376483,71.6,BTC-27JUN25-200000-C,61748.65,sell,0.2,0.2,,,,
655,319944161,2024-10-05 20:38:54,2,0.012,0.01376544,70.13,BTC-27JUN25-200000-C,61750.63,sell,1.0,1.0,,,,
656,319950195,2024-10-06 01:25:28,0,0.0135,0.01357828,71.38,BTC-27JUN25-200000-C,62044.38,sell,0.2,0.2,,,,
657,319980385,2024-10-06 16:34:14,1,0.0135,0.01408159,70.85,BTC-27JUN25-200000-C,62765.93,sell,0.5,0.5,,,,
658,319995771,2024-10-06 22:20:07,1,0.0135,0.0138697,71.09,BTC-27JUN25-200000-C,62526.54,sell,0.5,0.5,,,,
659,319995772,2024-10-06 22:20:07,1,0.0135,0.0138697,71.09,BTC-27JUN25-200000-C,62526.54,buy,0.5,0.5,,,,
660,320009249,2024-10-07 00:54:06,1,0.0135,0.01421417,70.25,BTC-27JUN25-200000-C,63654.15,sell,0.1,0.1,,,,
661,320027441,2024-10-07 04:45:51,1,0.0135,0.01400576,70.38,BTC-27JUN25-200000-C,63539.88,sell,0.4,0.4,,,,
662,320089343,2024-10-07 14:47:35,0,0.014,0.01416328,70.52,BTC-27JUN25-200000-C,64048.9,sell,1.0,1.0,,,,
663,320162147,2024-10-08 03:28:17,2,0.0135,0.01359288,71.33,BTC-27JUN25-200000-C,62634.14,sell,0.5,0.5,,,,
664,320162859,2024-10-08 03:49:40,3,0.0135,0.01329492,71.34,BTC-27JUN25-200000-C,62592.15,sell,0.3,0.3,,,,
665,320177370,2024-10-08 07:06:24,2,0.013,0.01301553,71.0,BTC-27JUN25-200000-C,62387.75,sell,0.5,0.5,,,,
666,320226401,2024-10-08 14:37:54,3,0.013,0.01313935,71.09,BTC-27JUN25-200000-C,62343.04,sell,1.0,1.0,,,,
667,320257988,2024-10-08 19:23:00,2,0.0125,0.01284378,71.0,BTC-27JUN25-200000-C,61901.41,sell,1.0,1.0,,,,
668,320299253,2024-10-09 08:59:58,3,0.0125,0.01288363,70.86,BTC-27JUN25-200000-C,62108.18,sell,1.0,1.0,,,,
669,320302511,2024-10-09 10:22:22,3,0.0125,0.01279481,70.91,BTC-27JUN25-200000-C,62056.03,sell,1.0,1.0,,,,
670,320309416,2024-10-09 12:42:46,2,0.012,0.01222639,70.65,BTC-27JUN25-200000-C,61759.38,sell,1.0,1.0,,,,
671,320365363,2024-10-09 20:59:46,3,0.012,0.01202681,71.75,BTC-27JUN25-200000-C,60426.91,sell,0.1,0.1,,,,
672,320365373,2024-10-09 20:59:48,3,0.012,0.01201429,71.76,BTC-27JUN25-200000-C,60408.68,sell,0.4,0.4,,,,
673,320396453,2024-10-10 06:20:05,3,0.012,0.01190006,71.36,BTC-27JUN25-200000-C,60973.98,sell,0.2,0.2,,,,
674,320418932,2024-10-10 12:23:15,3,0.012,0.01188346,71.21,BTC-27JUN25-200000-C,61212.21,sell,1.0,1.0,,,,
675,320445150,2024-10-10 15:41:11,2,0.0115,0.01186369,71.26,BTC-27JUN25-200000-C,60485.22,sell,1.0,1.0,,,,
676,320455149,2024-10-10 17:09:20,0,0.012,0.01121159,72.15,BTC-27JUN25-200000-C,60048.05,buy,0.1,0.1,,,,
677,320478983,2024-10-10 18:14:04,2,0.011,0.01099128,71.92,BTC-27JUN25-200000-C,59046.66,sell,1.0,1.0,,,,
678,320540213,2024-10-11 07:59:03,0,0.0115,0.01132276,71.27,BTC-27JUN25-200000-C,60637.51,sell,1.8,1.8,,,,
679,320544734,2024-10-11 08:51:22,2,0.011,0.01109381,70.74,BTC-27JUN25-200000-C,60635.87,buy,1.0,1.0,,,,
680,320544791,2024-10-11 08:51:41,3,0.011,0.01108544,70.75,BTC-27JUN25-200000-C,60623.18,buy,1.0,1.0,,,,
681,320585810,2024-10-11 15:22:34,0,0.012,0.01152945,70.68,BTC-27JUN25-200000-C,62136.7,buy,0.5,0.5,,,,
682,320603788,2024-10-11 17:32:52,1,0.012,0.01185169,70.42,BTC-27JUN25-200000-C,62474.07,buy,5.0,5.0,,,,
683,320605811,2024-10-11 17:36:07,1,0.012,0.0119387,70.25,BTC-27JUN25-200000-C,62695.02,buy,9.5,9.5,,,,
684,320616956,2024-10-11 18:55:14,0,0.0125,0.01248791,70.65,BTC-27JUN25-200000-C,62864.7,sell,1.0,1.0,,,,
685,320637194,2024-10-11 22:20:15,0,0.013,0.01313975,71.37,BTC-27JUN25-200000-C,62571.34,sell,0.4,0.4,,,,
686,320637239,2024-10-11 22:20:43,2,0.0125,0.0131123,70.9,BTC-27JUN25-200000-C,62547.89,sell,1.0,1.0,,,,
687,320656644,2024-10-12 07:01:54,0,0.014,0.01325874,72.31,BTC-27JUN25-200000-C,62665.88,buy,0.1,0.1,,,,
688,320656793,2024-10-12 07:09:15,2,0.0125,0.0131247,70.87,BTC-27JUN25-200000-C,62648.09,sell,0.1,0.1,,,,
689,320677901,2024-10-12 14:38:56,0,0.014,0.01333892,72.07,BTC-27JUN25-200000-C,63169.25,sell,2.0,2.0,,,,
690,320718856,2024-10-13 09:41:00,2,0.013,0.01327487,71.47,BTC-27JUN25-200000-C,62781.15,sell,0.3,0.3,,,,
691,320718857,2024-10-13 09:41:12,3,0.013,0.01326754,71.47,BTC-27JUN25-200000-C,62781.08,buy,0.7,0.7,,,,
692,320728314,2024-10-13 15:01:16,2,0.0125,0.01300541,71.39,BTC-27JUN25-200000-C,62256.44,sell,0.4,0.4,,,,
693,320742535,2024-10-13 20:12:22,3,0.0125,0.01276371,71.15,BTC-27JUN25-200000-C,62614.82,sell,0.5,0.5,,,,
694,320758246,2024-10-14 02:53:06,0,0.0135,0.01279118,72.22,BTC-27JUN25-200000-C,62518.8,buy,10.0,10.0,,,,
695,320758247,2024-10-14 02:53:06,1,0.0135,0.01279118,72.22,BTC-27JUN25-200000-C,62518.8,sell,5.1,5.1,,,,
696,320768525,2024-10-14 03:42:30,0,0.014,0.01413997,71.59,BTC-27JUN25-200000-C,63892.81,buy,0.1,0.1,,,,
697,320842127,2024-10-14 13:03:22,0,0.0145,0.01454084,71.37,BTC-27JUN25-200000-C,64763.93,sell,0.5,0.5,,,,
698,320850550,2024-10-14 13:50:08,1,0.0145,0.01487663,71.05,BTC-27JUN25-200000-C,65212.93,sell,1.0,1.0,,,,
699,320864805,2024-10-14 14:27:22,0,0.0155,0.01534873,71.41,BTC-27JUN25-200000-C,65852.51,sell,1.0,1.0,,,,
700,320864928,2024-10-14 14:27:31,2,0.015,0.01539695,70.94,BTC-27JUN25-200000-C,65910.02,sell,1.0,1.0,,,,
701,320865089,2024-10-14 14:27:47,3,0.015,0.01538363,70.94,BTC-27JUN25-200000-C,65906.96,sell,1.0,1.0,,,,
702,320874436,2024-10-14 14:41:05,3,0.015,0.01542623,70.89,BTC-27JUN25-200000-C,65946.78,sell,1.0,1.0,,,,
703,320909771,2024-10-14 17:46:09,2,0.0145,0.01495411,70.59,BTC-27JUN25-200000-C,65770.66,sell,1.0,1.0,,,,
704,320979487,2024-10-15 06:17:25,2,0.014,0.01445897,70.44,BTC-27JUN25-200000-C,65425.94,sell,0.5,0.5,,,,
705,320979488,2024-10-15 06:17:27,3,0.014,0.01445807,70.44,BTC-27JUN25-200000-C,65427.43,sell,0.5,0.5,,,,
706,320981409,2024-10-15 06:55:57,2,0.0135,0.01417948,69.93,BTC-27JUN25-200000-C,65504.13,sell,0.1,0.1,,,,
707,320981412,2024-10-15 06:55:59,3,0.0135,0.01417561,69.94,BTC-27JUN25-200000-C,65501.31,sell,0.1,0.1,,,,
708,320981539,2024-10-15 06:57:50,3,0.0135,0.01419763,69.89,BTC-27JUN25-200000-C,65554.77,sell,0.1,0.1,,,,
709,320981545,2024-10-15 06:57:54,3,0.0135,0.01419299,69.9,BTC-27JUN25-200000-C,65542.63,sell,0.4,0.4,,,,
710,320981550,2024-10-15 06:58:00,3,0.0135,0.01418094,69.91,BTC-27JUN25-200000-C,65540.16,sell,0.1,0.1,,,,
711,320981562,2024-10-15 06:58:36,3,0.0135,0.01417465,69.9,BTC-27JUN25-200000-C,65550.1,sell,0.1,0.1,,,,
712,320981563,2024-10-15 06:58:41,3,0.0135,0.01416491,69.91,BTC-27JUN25-200000-C,65542.1,sell,0.1,0.1,,,,
713,320982261,2024-10-15 07:07:36,3,0.0135,0.01395416,69.81,BTC-27JUN25-200000-C,65673.8,sell,0.5,0.5,,,,
714,321025387,2024-10-15 13:58:13,0,0.0145,0.01472677,69.42,BTC-27JUN25-200000-C,67496.09,sell,0.9,0.9,,,,
715,321052699,2024-10-15 14:38:03,1,0.0145,0.01412724,70.56,BTC-27JUN25-200000-C,66028.28,sell,0.1,0.1,,,,
716,321133504,2024-10-15 19:34:09,1,0.0145,0.01477652,70.13,BTC-27JUN25-200000-C,66687.67,sell,1.0,1.0,,,,
717,321178902,2024-10-16 02:37:25,0,0.015,0.0153267,70.2,BTC-27JUN25-200000-C,67302.55,sell,1.0,1.0,,,,
718,321179064,2024-10-16 02:39:16,2,0.0145,0.01524702,69.78,BTC-27JUN25-200000-C,67273.47,sell,0.7,0.7,,,,
719,321179087,2024-10-16 02:39:20,3,0.0145,0.01524672,69.78,BTC-27JUN25-200000-C,67274.88,sell,0.3,0.3,,,,
720,321180835,2024-10-16 03:05:33,3,0.0145,0.01471921,69.8,BTC-27JUN25-200000-C,67230.0,sell,0.5,0.5,,,,
721,321254060,2024-10-16 13:33:52,0,0.0155,0.01535802,70.33,BTC-27JUN25-200000-C,67709.45,sell,1.0,1.0,,,,
722,321269078,2024-10-16 14:44:16,1,0.0155,0.01539998,70.62,BTC-27JUN25-200000-C,67418.12,sell,1.0,1.0,,,,
723,321348137,2024-10-17 09:47:42,2,0.015,0.01502056,70.47,BTC-27JUN25-200000-C,67250.4,sell,0.5,0.5,,,,
724,321358223,2024-10-17 11:51:50,3,0.015,0.01514305,70.76,BTC-27JUN25-200000-C,66853.09,sell,1.2,1.2,,,,
725,321380459,2024-10-17 15:02:39,2,0.0145,0.01480862,70.22,BTC-27JUN25-200000-C,66999.67,sell,0.1,0.1,,,,
726,321404012,2024-10-17 19:17:47,3,0.0145,0.01457922,70.37,BTC-27JUN25-200000-C,66920.3,sell,1.0,1.0,,,,
727,321409870,2024-10-17 21:28:30,2,0.014,0.01459232,69.77,BTC-27JUN25-200000-C,67088.97,sell,1.0,1.0,,,,
728,321433594,2024-10-18 03:31:52,3,0.014,0.01460198,69.15,BTC-27JUN25-200000-C,67899.88,sell,1.0,1.0,,,,
729,321498856,2024-10-18 15:02:24,0,0.0145,0.01447769,69.13,BTC-27JUN25-200000-C,68503.37,sell,0.3,0.3,,,,
730,321549670,2024-10-19 05:52:40,1,0.0145,0.01437098,69.35,BTC-27JUN25-200000-C,68384.42,sell,0.1,0.1,,,,
731,321577069,2024-10-20 03:38:39,2,0.014,0.01413463,69.18,BTC-27JUN25-200000-C,68157.36,sell,1.0,1.0,,,,
732,321656269,2024-10-21 07:08:57,3,0.014,0.01426696,68.73,BTC-27JUN25-200000-C,68696.56,sell,0.3,0.3,,,,
733,321656270,2024-10-21 07:08:57,3,0.014,0.01426696,68.73,BTC-27JUN25-200000-C,68696.56,buy,0.1,0.1,,,,
734,321745942,2024-10-21 19:11:29,2,0.013,0.01342147,68.89,BTC-27JUN25-200000-C,67460.96,sell,1.0,1.0,,,,
735,321751742,2024-10-21 20:17:07,3,0.013,0.01274922,68.76,BTC-27JUN25-200000-C,67618.43,sell,0.1,0.1,,,,
736,321781185,2024-10-22 04:04:37,2,0.0125,0.01264877,68.48,BTC-27JUN25-200000-C,67322.99,sell,0.5,0.5,,,,
737,321790541,2024-10-22 07:37:40,2,0.012,0.01232324,67.89,BTC-27JUN25-200000-C,67448.03,sell,0.1,0.1,,,,
738,321800566,2024-10-22 09:13:26,0,0.013,0.01253811,69.23,BTC-27JUN25-200000-C,67016.54,buy,8.0,8.0,,,,
739,321867062,2024-10-22 22:19:35,1,0.013,0.01249766,68.93,BTC-27JUN25-200000-C,67587.73,buy,0.3,0.3,,,,
740,321924317,2024-10-23 12:56:03,2,0.012,0.01207096,68.97,BTC-27JUN25-200000-C,66311.85,sell,0.9,0.9,,,,
741,321939660,2024-10-23 15:16:47,3,0.012,0.01175948,69.05,BTC-27JUN25-200000-C,66269.0,buy,2.0,2.0,,,,
742,322170784,2024-10-25 07:04:23,0,0.0125,0.01210879,68.69,BTC-27JUN25-200000-C,67649.41,buy,10.0,10.0,,,,
743,322251866,2024-10-25 17:02:08,1,0.0125,0.01227864,68.78,BTC-27JUN25-200000-C,67623.75,sell,2.0,2.0,,,,
744,322270253,2024-10-25 18:06:32,2,0.012,0.01180988,69.19,BTC-27JUN25-200000-C,66365.26,sell,0.5,0.5,,,,
745,322363936,2024-10-26 10:23:10,2,0.0115,0.01202418,68.25,BTC-27JUN25-200000-C,67058.05,sell,1.0,1.0,,,,
746,322363937,2024-10-26 10:23:10,2,0.0105,0.01202418,67.18,BTC-27JUN25-200000-C,67058.05,buy,1.5,1.5,,,,
747,322365152,2024-10-26 10:57:08,0,0.0115,0.01164009,68.35,BTC-27JUN25-200000-C,66974.96,sell,0.6,0.6,,,,
748,322371587,2024-10-26 14:20:02,2,0.011,0.01135175,67.98,BTC-27JUN25-200000-C,66742.25,sell,1.0,1.0,,,,
749,322375684,2024-10-26 15:50:40,3,0.011,0.01084907,67.91,BTC-27JUN25-200000-C,66834.33,sell,0.1,0.1,,,,
750,322385127,2024-10-26 18:45:37,2,0.0105,0.01089912,67.29,BTC-27JUN25-200000-C,67000.57,sell,0.1,0.1,,,,
751,322385129,2024-10-26 18:45:40,3,0.0105,0.01089454,67.29,BTC-27JUN25-200000-C,67000.75,sell,0.1,0.1,,,,
752,322409209,2024-10-27 09:34:21,3,0.0105,0.01083854,67.35,BTC-27JUN25-200000-C,67062.73,sell,0.1,0.1,,,,
753,322517008,2024-10-28 15:17:34,0,0.0115,0.01159207,67.25,BTC-27JUN25-200000-C,68603.35,sell,1.0,1.0,,,,
754,322627381,2024-10-29 03:54:57,0,0.0135,0.01304363,67.57,BTC-27JUN25-200000-C,70886.71,buy,0.5,0.5,,,,
755,322729978,2024-10-29 16:24:05,0,0.014,0.0143588,66.73,BTC-27JUN25-200000-C,72668.67,buy,1.0,1.0,,,,
756,322910325,2024-10-30 17:48:55,1,0.014,0.01328949,67.41,BTC-27JUN25-200000-C,71782.27,buy,0.1,0.1,,,,
757,322927101,2024-10-30 20:13:08,2,0.013,0.01305413,66.59,BTC-27JUN25-200000-C,71743.59,sell,0.3,0.3,,,,
758,322928190,2024-10-30 20:15:42,2,0.0125,0.01318745,65.94,BTC-27JUN25-200000-C,71974.14,sell,0.2,0.2,,,,
759,322949242,2024-10-31 00:31:00,0,0.013,0.01303596,66.21,BTC-27JUN25-200000-C,72258.29,sell,0.1,0.1,,,,
760,322950054,2024-10-31 00:32:52,1,0.013,0.01290929,66.35,BTC-27JUN25-200000-C,72070.81,sell,0.4,0.4,,,,
761,322984969,2024-10-31 10:36:58,1,0.013,0.01287478,66.31,BTC-27JUN25-200000-C,72301.91,sell,0.1,0.1,,,,
762,322993134,2024-10-31 12:26:46,2,0.0125,0.01273639,65.99,BTC-27JUN25-200000-C,72052.35,sell,0.3,0.3,,,,
763,322993135,2024-10-31 12:26:46,3,0.0125,0.01273639,65.99,BTC-27JUN25-200000-C,72052.35,buy,0.2,0.2,,,,
764,323056441,2024-10-31 18:04:55,3,0.0125,0.01223111,67.09,BTC-27JUN25-200000-C,70555.17,buy,0.1,0.1,,,,
765,323069004,2024-10-31 19:30:09,2,0.012,0.01198442,66.73,BTC-27JUN25-200000-C,70345.38,sell,0.5,0.5,,,,
766,323069005,2024-10-31 19:30:09,3,0.012,0.01198442,66.73,BTC-27JUN25-200000-C,70345.38,buy,2.9,2.9,,,,
767,323166628,2024-11-01 06:22:05,3,0.012,0.01133366,67.66,BTC-27JUN25-200000-C,69359.3,buy,0.1,0.1,,,,
768,323179062,2024-11-01 07:19:27,2,0.0105,0.01077784,66.33,BTC-27JUN25-200000-C,69050.7,sell,0.5,0.5,,,,
769,323249328,2024-11-01 14:14:10,3,0.0105,0.01065335,64.65,BTC-27JUN25-200000-C,71185.61,buy,0.1,0.1,,,,
770,323252707,2024-11-01 14:28:22,0,0.011,0.01078001,65.02,BTC-27JUN25-200000-C,71443.05,buy,10.0,10.0,,,,
771,323266867,2024-11-01 15:12:48,0,0.0115,0.0112048,65.85,BTC-27JUN25-200000-C,71000.72,buy,1.8,1.8,,,,
772,323267175,2024-11-01 15:16:24,1,0.0115,0.0111607,65.92,BTC-27JUN25-200000-C,70933.03,buy,1.0,1.0,,,,
773,323369250,2024-11-02 08:53:05,2,0.011,0.01113593,66.57,BTC-27JUN25-200000-C,69627.95,sell,1.0,1.0,,,,
774,323369252,2024-11-02 08:53:14,2,0.0105,0.01112859,66.03,BTC-27JUN25-200000-C,69627.98,sell,1.0,1.0,,,,
775,323431076,2024-11-03 02:22:22,0,0.011,0.01096609,67.92,BTC-27JUN25-200000-C,68490.58,sell,1.0,1.0,,,,
776,323487801,2024-11-03 15:04:12,2,0.0105,0.01081578,67.98,BTC-27JUN25-200000-C,67764.53,sell,0.1,0.1,,,,
777,323519119,2024-11-03 20:21:02,0,0.011,0.01080195,67.97,BTC-27JUN25-200000-C,68550.97,sell,0.6,0.6,,,,
778,323522307,2024-11-03 21:04:26,0,0.0115,0.01091464,68.12,BTC-27JUN25-200000-C,69114.73,buy,7.5,7.5,,,,
779,323522308,2024-11-03 21:04:26,1,0.0115,0.01091464,68.12,BTC-27JUN25-200000-C,69114.73,buy,1.0,1.0,,,,
780,323522309,2024-11-03 21:04:26,1,0.0115,0.01091464,68.12,BTC-27JUN25-200000-C,69114.73,sell,1.8,1.8,,,,
781,323522310,2024-11-03 21:04:26,1,0.0115,0.01091464,68.12,BTC-27JUN25-200000-C,69114.73,sell,1.7,1.7,,,,
782,323563239,2024-11-04 04:12:52,2,0.011,0.01095759,67.38,BTC-27JUN25-200000-C,69106.83,buy,1.0,1.0,,,,
783,323586639,2024-11-04 09:13:53,0,0.0127,0.01130996,69.53,BTC-27JUN25-200000-C,68772.24,buy,420.0,420.0,,165107,,
784,323586656,2024-11-04 09:14:01,2,0.012,0.01130563,68.83,BTC-27JUN25-200000-C,68763.82,buy,10.5,10.5,,,,
785,323586657,2024-11-04 09:14:01,3,0.012,0.01130563,68.83,BTC-27JUN25-200000-C,68763.82,buy,2.6,2.6,,,,
786,323586658,2024-11-04 09:14:01,3,0.012,0.01130563,68.83,BTC-27JUN25-200000-C,68763.82,buy,23.8,23.8,,,,
787,323586798,2024-11-04 09:14:56,3,0.012,0.01135552,68.81,BTC-27JUN25-200000-C,68782.69,sell,1.0,1.0,,,,
788,323587978,2024-11-04 09:22:44,3,0.012,0.01153627,68.81,BTC-27JUN25-200000-C,68796.94,buy,2.0,2.0,,,,
789,323588003,2024-11-04 09:23:12,0,0.0125,0.01154935,69.33,BTC-27JUN25-200000-C,68791.62,buy,10.8,10.8,,,,
790,323588004,2024-11-04 09:23:12,1,0.0125,0.01154935,69.33,BTC-27JUN25-200000-C,68791.62,buy,23.6,23.6,,,,
791,323588005,2024-11-04 09:23:12,1,0.0125,0.01154935,69.33,BTC-27JUN25-200000-C,68791.62,sell,94.7,94.7,,,,
792,323588173,2024-11-04 09:25:04,1,0.0125,0.01167185,69.33,BTC-27JUN25-200000-C,68797.06,sell,62.6,62.6,,,,
793,323588267,2024-11-04 09:26:51,1,0.0125,0.01179323,69.32,BTC-27JUN25-200000-C,68809.88,buy,50.0,50.0,,,,
794,323588268,2024-11-04 09:26:51,1,0.0125,0.01179323,69.32,BTC-27JUN25-200000-C,68809.88,buy,0.1,0.1,,,,
795,323588279,2024-11-04 09:27:05,1,0.0125,0.01181728,69.32,BTC-27JUN25-200000-C,68810.68,sell,0.1,0.1,,,,
796,323588396,2024-11-04 09:28:06,1,0.0125,0.01187747,69.34,BTC-27JUN25-200000-C,68784.41,buy,50.0,50.0,,,,
797,323588407,2024-11-04 09:28:19,1,0.0125,0.01190072,69.34,BTC-27JUN25-200000-C,68790.94,sell,5.0,5.0,,,,
798,323588408,2024-11-04 09:28:20,1,0.0125,0.01190543,69.34,BTC-27JUN25-200000-C,68791.15,sell,5.0,5.0,,,,
799,323588520,2024-11-04 09:29:09,1,0.0125,0.011925,69.37,BTC-27JUN25-200000-C,68749.85,buy,40.0,40.0,,,,
800,323588792,2024-11-04 09:31:10,2,0.012,0.01198681,68.93,BTC-27JUN25-200000-C,68666.83,sell,5.0,5.0,,,,
801,323588815,2024-11-04 09:31:21,0,0.0125,0.01198257,69.44,BTC-27JUN25-200000-C,68666.93,buy,5.0,5.0,,,,
802,323588816,2024-11-04 09:31:21,1,0.0125,0.01198257,69.44,BTC-27JUN25-200000-C,68666.93,buy,6.0,6.0,,,,
803,323588818,2024-11-04 09:31:26,1,0.0125,0.01198756,69.44,BTC-27JUN25-200000-C,68663.05,sell,38.0,38.0,,,,
804,323588917,2024-11-04 09:32:00,1,0.0125,0.01196959,69.47,BTC-27JUN25-200000-C,68631.53,buy,5.0,5.0,,,,
805,323590492,2024-11-04 09:44:22,1,0.0125,0.01204457,69.49,BTC-27JUN25-200000-C,68583.81,buy,5.0,5.0,,,,
806,323590507,2024-11-04 09:44:35,0,0.013,0.01204326,70.0,BTC-27JUN25-200000-C,68576.54,buy,11.0,11.0,,,,
807,323590508,2024-11-04 09:44:35,1,0.013,0.01204326,70.0,BTC-27JUN25-200000-C,68576.54,buy,9.0,9.0,,,,
808,323714527,2024-11-05 01:54:03,2,0.012,0.01203202,69.66,BTC-27JUN25-200000-C,67956.14,sell,1.0,1.0,,,,
809,323764429,2024-11-05 13:16:26,2,0.0115,0.01204595,68.62,BTC-27JUN25-200000-C,68688.94,sell,0.1,0.1,,,,
810,323775121,2024-11-05 14:37:46,0,0.012,0.01191538,68.38,BTC-27JUN25-200000-C,69682.97,buy,0.3,0.3,,,,
811,323784320,2024-11-05 14:53:45,1,0.012,0.01182153,68.1,BTC-27JUN25-200000-C,70020.46,buy,7.7,7.7,,,,
812,323785205,2024-11-05 14:54:58,1,0.012,0.01182257,68.15,BTC-27JUN25-200000-C,69959.99,sell,1.3,1.3,,,,
813,323810682,2024-11-05 16:37:52,0,0.013,0.01281347,68.95,BTC-27JUN25-200000-C,70354.01,buy,0.1,0.1,,,,
814,323810683,2024-11-05 16:37:52,1,0.013,0.01281347,68.95,BTC-27JUN25-200000-C,70354.01,buy,0.5,0.5,,,,
815,323810684,2024-11-05 16:37:52,1,0.013,0.01281347,68.95,BTC-27JUN25-200000-C,70354.01,sell,0.4,0.4,,,,
816,323810778,2024-11-05 16:38:11,2,0.0125,0.01281801,68.46,BTC-27JUN25-200000-C,70347.54,sell,0.5,0.5,,,,
817,323951665,2024-11-06 03:00:46,3,0.0125,0.01264379,66.37,BTC-27JUN25-200000-C,73166.36,sell,1.0,1.0,,,,
818,323980379,2024-11-06 03:17:36,0,0.0134,0.01275587,66.41,BTC-27JUN25-200000-C,74393.87,buy,78.1,78.1,,165588,,
819,323982627,2024-11-06 03:19:25,1,0.0134,0.01264039,66.5,BTC-27JUN25-200000-C,74254.94,buy,50.0,50.0,,165589,,
820,323982918,2024-11-06 03:19:52,2,0.013,0.01256869,66.14,BTC-27JUN25-200000-C,74224.1,buy,3.3,3.3,,,,
821,323982919,2024-11-06 03:19:52,3,0.013,0.01256869,66.14,BTC-27JUN25-200000-C,74224.1,buy,0.1,0.1,,,,
822,323983361,2024-11-06 03:20:28,0,0.0134,0.01250781,66.59,BTC-27JUN25-200000-C,74114.74,buy,40.0,40.0,,165592,,
823,323990446,2024-11-06 03:29:55,0,0.0135,0.01263035,66.83,BTC-27JUN25-200000-C,73940.96,buy,50.0,50.0,,165596,,
824,324174997,2024-11-06 11:41:30,2,0.012,0.01232767,65.12,BTC-27JUN25-200000-C,74277.9,sell,0.1,0.1,,,,
825,324203085,2024-11-06 14:02:19,3,0.012,0.01207108,65.26,BTC-27JUN25-200000-C,74116.93,buy,0.1,0.1,,,,
826,324331852,2024-11-07 00:25:41,0,0.0125,0.01250922,64.96,BTC-27JUN25-200000-C,75313.8,sell,1.0,1.0,,,,
827,324390904,2024-11-07 07:41:15,2,0.0115,0.01188888,64.09,BTC-27JUN25-200000-C,74958.74,sell,0.1,0.1,,,,
828,324394897,2024-11-07 08:02:07,3,0.0115,0.01161323,64.29,BTC-27JUN25-200000-C,74726.82,sell,0.8,0.8,,,,
829,324415999,2024-11-07 11:55:14,3,0.0115,0.01095715,64.26,BTC-27JUN25-200000-C,74813.14,buy,3.0,3.0,,,,
830,324416000,2024-11-07 11:55:14,3,0.0115,0.01095715,64.26,BTC-27JUN25-200000-C,74813.14,buy,0.1,0.1,,,,
831,324549584,2024-11-07 21:45:08,0,0.012,0.01229831,63.61,BTC-27JUN25-200000-C,76165.87,sell,1.0,1.0,,,,
832,324577131,2024-11-08 01:30:04,1,0.012,0.01185433,63.63,BTC-27JUN25-200000-C,76287.18,buy,0.1,0.1,,,,
833,324644448,2024-11-08 08:38:51,2,0.0115,0.01178717,63.43,BTC-27JUN25-200000-C,75923.25,sell,1.0,1.0,,,,
834,324668888,2024-11-08 11:53:13,2,0.011,0.01141333,62.8,BTC-27JUN25-200000-C,76158.91,sell,0.2,0.2,,,,
835,324669022,2024-11-08 11:55:40,3,0.011,0.01125182,62.8,BTC-27JUN25-200000-C,76144.92,sell,0.2,0.2,,,,
836,324706716,2024-11-08 15:49:15,3,0.011,0.01079955,62.75,BTC-27JUN25-200000-C,76101.42,sell,1.1,1.1,,,,
837,324706717,2024-11-08 15:49:15,3,0.011,0.01079955,62.75,BTC-27JUN25-200000-C,76101.42,sell,0.9,0.9,,,,
838,324761770,2024-11-08 21:08:41,0,0.0115,0.01138318,62.96,BTC-27JUN25-200000-C,76671.31,sell,0.3,0.3,,,,
839,324814213,2024-11-09 14:22:51,2,0.011,0.0120444,62.75,BTC-27JUN25-200000-C,76318.47,sell,0.8,0.8,,,,
840,324939061,2024-11-10 06:45:52,0,0.0125,0.01273014,62.41,BTC-27JUN25-200000-C,78755.08,sell,1.0,1.0,,,,
841,324942308,2024-11-10 07:04:47,2,0.012,0.01258392,61.76,BTC-27JUN25-200000-C,79008.24,sell,0.3,0.3,,,,
842,324942314,2024-11-10 07:04:51,3,0.012,0.01258517,61.76,BTC-27JUN25-200000-C,79009.75,sell,0.2,0.2,,,,
843,324942499,2024-11-10 07:06:53,2,0.0115,0.01217961,61.26,BTC-27JUN25-200000-C,79020.3,sell,1.0,1.0,,,,
844,324943892,2024-11-10 07:18:24,2,0.011,0.01152203,60.7,BTC-27JUN25-200000-C,79146.25,sell,0.2,0.2,,,,
845,325052009,2024-11-10 18:09:34,0,0.013,0.01245494,61.44,BTC-27JUN25-200000-C,80910.07,sell,15.0,15.0,,,,
846,325055603,2024-11-10 18:20:38,1,0.013,0.01214106,61.62,BTC-27JUN25-200000-C,80681.7,sell,0.1,0.1,,,,
847,325069181,2024-11-10 19:24:01,2,0.0115,0.01224476,60.37,BTC-27JUN25-200000-C,80439.96,sell,1.0,1.0,,,,
848,325091232,2024-11-10 21:11:51,3,0.0115,0.0118258,61.56,BTC-27JUN25-200000-C,78745.84,sell,0.5,0.5,,,,
849,325098573,2024-11-10 21:52:51,0,0.012,0.01157235,61.29,BTC-27JUN25-200000-C,79876.01,buy,1.1,1.1,,,,
850,325098575,2024-11-10 21:52:52,1,0.012,0.01157235,61.29,BTC-27JUN25-200000-C,79876.01,buy,0.3,0.3,,,,
851,325144876,2024-11-11 01:24:39,0,0.013,0.01291211,61.64,BTC-27JUN25-200000-C,80802.21,sell,0.3,0.3,,,,
852,325216122,2024-11-11 07:08:15,2,0.012,0.01238548,60.66,BTC-27JUN25-200000-C,80956.63,sell,1.0,1.0,,,,
853,325233070,2024-11-11 08:28:32,0,0.013,0.01307247,61.45,BTC-27JUN25-200000-C,81157.19,sell,2.4,2.4,,,,
854,325233090,2024-11-11 08:28:35,1,0.013,0.01307603,61.46,BTC-27JUN25-200000-C,81154.09,sell,2.4,2.4,,,,
855,325345259,2024-11-11 15:37:17,0,0.015,0.01489678,61.07,BTC-27JUN25-200000-C,84351.33,sell,1.0,1.0,,,,
856,325367710,2024-11-11 16:14:36,0,0.016,0.01522411,61.6,BTC-27JUN25-200000-C,84849.85,buy,0.1,0.1,,,,
857,325368205,2024-11-11 16:15:30,2,0.0155,0.01518432,61.25,BTC-27JUN25-200000-C,84780.6,sell,0.1,0.1,,,,
858,325368206,2024-11-11 16:15:30,3,0.0155,0.01518432,61.25,BTC-27JUN25-200000-C,84780.6,sell,0.7,0.7,,,,
859,325377569,2024-11-11 16:33:06,2,0.015,0.01489774,61.3,BTC-27JUN25-200000-C,84109.72,sell,0.5,0.5,,,,
860,325395182,2024-11-11 17:39:01,3,0.015,0.01537877,60.83,BTC-27JUN25-200000-C,84846.67,buy,0.5,0.5,,,,
861,325443050,2024-11-11 19:26:06,0,0.018,0.01696183,62.37,BTC-27JUN25-200000-C,86040.46,buy,0.3,0.3,,,,
862,325457458,2024-11-11 19:55:50,0,0.0185,0.01751293,62.55,BTC-27JUN25-200000-C,86339.39,buy,0.2,0.2,,,,
863,325469778,2024-11-11 20:15:47,1,0.0185,0.01818508,61.86,BTC-27JUN25-200000-C,87441.91,buy,0.4,0.4,,,,
864,325485251,2024-11-11 20:47:33,2,0.018,0.01834351,61.74,BTC-27JUN25-200000-C,87070.38,sell,4.1,4.1,,,,
865,325485252,2024-11-11 20:47:33,3,0.018,0.01834351,61.74,BTC-27JUN25-200000-C,87070.38,sell,2.4,2.4,,,,
866,325485253,2024-11-11 20:47:33,3,0.018,0.01834351,61.74,BTC-27JUN25-200000-C,87070.38,sell,2.0,2.0,,,,
867,325488256,2024-11-11 20:53:33,0,0.0185,0.01879675,61.89,BTC-27JUN25-200000-C,87411.73,sell,1.5,1.5,,,,
868,325488257,2024-11-11 20:53:33,1,0.0185,0.01879675,61.89,BTC-27JUN25-200000-C,87411.73,sell,4.1,4.1,,,,
869,325488258,2024-11-11 20:53:33,1,0.0185,0.01879675,61.89,BTC-27JUN25-200000-C,87411.73,sell,1.2,1.2,,,,
870,325531954,2024-11-11 22:28:05,0,0.02,0.02002023,63.5,BTC-27JUN25-200000-C,86648.38,sell,1.0,1.0,,,,
871,325531955,2024-11-11 22:28:05,1,0.02,0.02002023,63.5,BTC-27JUN25-200000-C,86648.38,sell,4.1,4.1,,,,
872,325585729,2024-11-11 23:57:29,0,0.0235,0.02274372,64.5,BTC-27JUN25-200000-C,88626.64,buy,0.1,0.1,,,,
873,325610554,2024-11-12 00:41:06,2,0.023,0.02339616,64.72,BTC-27JUN25-200000-C,87801.7,sell,1.0,1.0,,,,
874,325610555,2024-11-12 00:41:06,3,0.023,0.02339616,64.72,BTC-27JUN25-200000-C,87801.7,buy,0.5,0.5,,,,
875,325618170,2024-11-12 00:58:26,0,0.024,0.02398488,64.65,BTC-27JUN25-200000-C,88840.23,buy,0.9,0.9,,,,
876,325658431,2024-11-12 03:05:09,2,0.023,0.02338918,64.81,BTC-27JUN25-200000-C,87692.37,sell,1.0,1.0,,,,
877,325658432,2024-11-12 03:05:09,3,0.023,0.02338918,64.81,BTC-27JUN25-200000-C,87692.37,buy,3.8,3.8,,,,
878,325658433,2024-11-12 03:05:09,3,0.023,0.02338918,64.81,BTC-27JUN25-200000-C,87692.37,buy,0.2,0.2,,,,
879,325684078,2024-11-12 04:41:50,3,0.023,0.02374829,63.91,BTC-27JUN25-200000-C,88893.31,sell,1.0,1.0,,,,
880,325697997,2024-11-12 05:52:11,2,0.022,0.02267835,63.56,BTC-27JUN25-200000-C,88518.46,sell,0.2,0.2,,,,
881,325698257,2024-11-12 05:54:32,3,0.022,0.02269049,63.49,BTC-27JUN25-200000-C,88613.64,sell,0.3,0.3,,,,
882,325698267,2024-11-12 05:54:32,3,0.022,0.02269049,63.49,BTC-27JUN25-200000-C,88613.64,sell,0.2,0.2,,,,
883,325698285,2024-11-12 05:54:34,3,0.022,0.02267813,63.5,BTC-27JUN25-200000-C,88602.26,sell,0.1,0.1,,,,
884,325698290,2024-11-12 05:54:35,3,0.022,0.0226427,63.51,BTC-27JUN25-200000-C,88577.94,sell,0.2,0.2,,,,
885,325700968,2024-11-12 06:09:08,3,0.022,0.02126757,63.56,BTC-27JUN25-200000-C,88459.48,buy,0.1,0.1,,,,
886,325709803,2024-11-12 06:45:34,3,0.022,0.02163896,62.77,BTC-27JUN25-200000-C,89596.2,buy,0.1,0.1,,,,
887,325709804,2024-11-12 06:45:34,3,0.022,0.02163896,62.77,BTC-27JUN25-200000-C,89596.2,sell,1.9,1.9,,,,
888,325728162,2024-11-12 07:18:06,2,0.0215,0.02194834,62.25,BTC-27JUN25-200000-C,89833.37,sell,0.5,0.5,,,,
889,325735626,2024-11-12 07:39:48,3,0.0215,0.02157745,62.6,BTC-27JUN25-200000-C,89331.57,sell,0.1,0.1,,,,
890,325738459,2024-11-12 07:51:16,2,0.021,0.02138786,62.21,BTC-27JUN25-200000-C,89399.7,sell,0.5,0.5,,,,
891,325743455,2024-11-12 08:07:34,0,0.0235,0.02140927,64.05,BTC-27JUN25-200000-C,89114.07,buy,290.0,290.0,,167391,,
892,325743799,2024-11-12 08:08:49,2,0.023,0.02140329,63.77,BTC-27JUN25-200000-C,89055.4,buy,1.0,1.0,,,,
893,325755985,2024-11-12 09:04:45,2,0.022,0.02205999,62.91,BTC-27JUN25-200000-C,89313.6,sell,0.1,0.1,,,,
894,325756968,2024-11-12 09:08:49,3,0.022,0.02178803,63.26,BTC-27JUN25-200000-C,88837.92,sell,0.1,0.1,,,,
895,325775381,2024-11-12 09:57:20,2,0.0215,0.02129405,63.65,BTC-27JUN25-200000-C,87917.65,buy,2.5,2.5,,,,
896,325790270,2024-11-12 10:21:00,0,0.022,0.02144002,63.99,BTC-27JUN25-200000-C,87938.76,buy,0.1,0.1,,,,
897,325790271,2024-11-12 10:21:00,1,0.022,0.02144002,63.99,BTC-27JUN25-200000-C,87938.76,buy,0.4,0.4,,,,
898,325798459,2024-11-12 10:34:38,2,0.021,0.02098152,63.72,BTC-27JUN25-200000-C,87361.62,sell,0.5,0.5,,,,
899,325915627,2024-11-12 13:50:40,0,0.0214,0.01954291,65.35,BTC-27JUN25-200000-C,85262.5,buy,200.0,200.0,,167496,,
900,325924061,2024-11-12 14:07:23,2,0.0203,0.02052799,63.81,BTC-27JUN25-200000-C,86384.47,sell,50.0,50.0,BTC-STRG-27JUN25-50000_200000,167505,,
901,325975671,2024-11-12 16:02:21,0,0.0205,0.02065282,64.01,BTC-27JUN25-200000-C,86510.14,sell,0.1,0.1,,,,
902,326004081,2024-11-12 17:22:19,0,0.021,0.02098607,63.79,BTC-27JUN25-200000-C,87324.37,sell,0.1,0.1,,,,
903,326016156,2024-11-12 17:59:02,2,0.0205,0.02083659,63.65,BTC-27JUN25-200000-C,87009.02,sell,0.1,0.1,,,,
904,326016157,2024-11-12 17:59:02,3,0.0205,0.02083659,63.65,BTC-27JUN25-200000-C,87009.02,sell,0.1,0.1,,,,
905,326021552,2024-11-12 18:14:00,0,0.0215,0.02146648,63.87,BTC-27JUN25-200000-C,87730.83,sell,0.1,0.1,,,,
906,326021582,2024-11-12 18:14:04,1,0.0215,0.02147286,63.86,BTC-27JUN25-200000-C,87743.12,sell,0.1,0.1,,,,
907,326021587,2024-11-12 18:14:07,1,0.0215,0.02148426,63.86,BTC-27JUN25-200000-C,87746.56,sell,0.1,0.1,,,,
908,326021602,2024-11-12 18:14:10,1,0.0215,0.02148396,63.86,BTC-27JUN25-200000-C,87748.49,sell,0.1,0.1,,,,
909,326021612,2024-11-12 18:14:20,1,0.0215,0.02148977,63.85,BTC-27JUN25-200000-C,87752.06,sell,0.1,0.1,,,,
910,326021652,2024-11-12 18:14:23,1,0.0215,0.02148879,63.86,BTC-27JUN25-200000-C,87747.57,sell,0.1,0.1,,,,
911,326021785,2024-11-12 18:14:44,1,0.0215,0.021477,63.87,BTC-27JUN25-200000-C,87728.0,sell,0.1,0.1,,,,
912,326026373,2024-11-12 18:27:19,1,0.0215,0.02187653,63.42,BTC-27JUN25-200000-C,88347.77,sell,0.1,0.1,,,,
913,326026593,2024-11-12 18:27:32,1,0.0215,0.02185278,63.44,BTC-27JUN25-200000-C,88330.27,buy,0.1,0.1,,,,
914,326026639,2024-11-12 18:27:36,1,0.0215,0.02182683,63.44,BTC-27JUN25-200000-C,88319.67,buy,0.1,0.1,,,,
915,326026648,2024-11-12 18:27:38,1,0.0215,0.02181297,63.45,BTC-27JUN25-200000-C,88311.36,buy,0.1,0.1,,,,
916,326026655,2024-11-12 18:27:41,1,0.0215,0.02180048,63.45,BTC-27JUN25-200000-C,88310.84,buy,0.1,0.1,,,,
917,326026694,2024-11-12 18:27:46,1,0.0215,0.02178501,63.45,BTC-27JUN25-200000-C,88315.46,buy,0.1,0.1,,,,
918,326027015,2024-11-12 18:28:19,1,0.0215,0.02183527,63.38,BTC-27JUN25-200000-C,88414.35,buy,9.4,9.4,,,,
919,326027655,2024-11-12 18:30:10,1,0.0215,0.02189632,63.32,BTC-27JUN25-200000-C,88520.72,sell,0.1,0.1,,,,
920,326033138,2024-11-12 18:42:59,1,0.0215,0.02186267,63.35,BTC-27JUN25-200000-C,88484.46,sell,0.1,0.1,,,,
921,326033139,2024-11-12 18:42:59,1,0.0215,0.02186267,63.35,BTC-27JUN25-200000-C,88484.46,sell,0.1,0.1,,,,
922,326033140,2024-11-12 18:42:59,1,0.0215,0.02186267,63.35,BTC-27JUN25-200000-C,88484.46,sell,0.1,0.1,,,,
923,326044227,2024-11-12 19:15:29,0,0.0225,0.02281291,63.32,BTC-27JUN25-200000-C,89468.2,sell,0.1,0.1,,,,
924,326064981,2024-11-12 19:56:26,1,0.0225,0.02256837,63.76,BTC-27JUN25-200000-C,88896.09,sell,0.1,0.1,,,,
925,326096139,2024-11-12 21:07:55,0,0.0235,0.02324281,64.36,BTC-27JUN25-200000-C,89164.72,sell,1.0,1.0,,,,
926,326123449,2024-11-12 22:30:19,2,0.023,0.02225518,64.83,BTC-27JUN25-200000-C,88116.91,buy,0.1,0.1,,,,
927,326127697,2024-11-12 22:56:00,2,0.022,0.0223863,63.79,BTC-27JUN25-200000-C,88642.35,sell,0.1,0.1,,,,
928,326140853,2024-11-13 00:04:32,3,0.022,0.02143978,64.07,BTC-27JUN25-200000-C,88202.51,buy,1.9,1.9,,,,
929,326140854,2024-11-13 00:04:32,3,0.022,0.02143978,64.07,BTC-27JUN25-200000-C,88202.51,buy,0.1,0.1,,,,
930,326198539,2024-11-13 04:30:29,2,0.021,0.02073482,64.12,BTC-27JUN25-200000-C,87275.7,sell,0.1,0.1,,,,
931,326227509,2024-11-13 06:48:13,2,0.0205,0.02090637,64.05,BTC-27JUN25-200000-C,86813.01,sell,0.1,0.1,,,,
932,326227976,2024-11-13 06:50:00,2,0.02,0.02065885,63.8,BTC-27JUN25-200000-C,86651.99,sell,0.1,0.1,,,,
933,326227977,2024-11-13 06:50:00,3,0.02,0.02065885,63.8,BTC-27JUN25-200000-C,86651.99,sell,1.0,1.0,,,,
934,326228137,2024-11-13 06:50:53,2,0.019,0.02009392,63.18,BTC-27JUN25-200000-C,86493.74,sell,0.5,0.5,,,,
