trade_seq,trade_id,timestamp,tick_direction,price,mark_price,iv,instrument_name,index_price,direction,contracts,amount,combo_id,block_trade_id
1,326470281,2024-11-13 17:47:24,1,0.0755,0.07533402,57.98,BTC-28MAR25-115000-C,91898.74,sell,0.1,0.1,,
2,326470282,2024-11-13 17:47:24,1,0.0755,0.07533402,57.98,BTC-28MAR25-115000-C,91898.74,sell,0.1,0.1,,
3,326470331,2024-11-13 17:47:38,0,0.076,0.07543397,58.14,BTC-28MAR25-115000-C,91938.22,buy,3.0,3.0,,
4,326470334,2024-11-13 17:47:38,1,0.076,0.07543397,58.14,BTC-28MAR25-115000-C,91938.22,sell,6.2,6.2,,
5,326470345,2024-11-13 17:47:40,1,0.076,0.07546259,58.14,BTC-28MAR25-115000-C,91939.37,sell,0.8,0.8,,
6,326478871,2024-11-13 18:17:56,1,0.076,0.07616245,57.59,BTC-28MAR25-115000-C,92420.06,sell,0.1,0.1,,
7,326514418,2024-11-13 19:26:57,2,0.0725,0.07132108,58.51,BTC-28MAR25-115000-C,90774.77,buy,0.3,0.3,,
8,326681829,2024-11-14 07:39:50,2,0.065,0.06546786,56.36,BTC-28MAR25-115000-C,89998.27,buy,0.7,0.7,,
9,326716282,2024-11-14 09:30:43,0,0.069,0.06936291,57.1,BTC-28MAR25-115000-C,90689.32,sell,0.7,0.7,,
10,326716283,2024-11-14 09:30:43,1,0.069,0.06936291,57.1,BTC-28MAR25-115000-C,90689.32,sell,0.1,0.1,,
11,326716284,2024-11-14 09:30:43,1,0.069,0.06936291,57.1,BTC-28MAR25-115000-C,90689.32,sell,0.2,0.2,,
12,326757571,2024-11-14 12:27:26,0,0.0725,0.07200768,57.62,BTC-28MAR25-115000-C,91383.68,buy,5.0,5.0,,
13,326766650,2024-11-14 13:26:56,1,0.0725,0.07273334,58.08,BTC-28MAR25-115000-C,91048.7,buy,0.7,0.7,,
14,326782282,2024-11-14 14:33:06,0,0.074,0.0735942,58.04,BTC-28MAR25-115000-C,91534.29,buy,2.3,2.3,,
15,326893277,2024-11-14 20:04:18,2,0.0645,0.06387326,57.59,BTC-28MAR25-115000-C,89096.3,buy,0.1,0.1,,
16,326936830,2024-11-14 21:43:04,2,0.0605,0.06076345,57.4,BTC-28MAR25-115000-C,87925.06,buy,1.0,1.0,,
17,326976140,2024-11-15 00:09:59,0,0.061,0.06084595,57.67,BTC-28MAR25-115000-C,87920.03,buy,1.4,1.4,,
18,326976968,2024-11-15 00:12:40,1,0.061,0.06119375,57.49,BTC-28MAR25-115000-C,88043.25,buy,0.8,0.8,,
19,327111111,2024-11-15 10:14:04,0,0.0655,0.06483869,58.04,BTC-28MAR25-115000-C,89097.64,buy,1.0,1.0,,
20,327111305,2024-11-15 10:14:22,1,0.0655,0.06490753,58.01,BTC-28MAR25-115000-C,89117.68,buy,0.8,0.8,,
21,327111306,2024-11-15 10:14:22,1,0.0655,0.06490753,58.01,BTC-28MAR25-115000-C,89117.68,sell,0.2,0.2,,
22,327111744,2024-11-15 10:15:09,1,0.0655,0.06499246,58.0,BTC-28MAR25-115000-C,89124.78,sell,1.0,1.0,,
23,327132295,2024-11-15 11:38:48,0,0.068,0.06774601,58.54,BTC-28MAR25-115000-C,89554.66,sell,0.2,0.2,,
24,327139430,2024-11-15 12:05:07,0,0.0695,0.06873526,58.92,BTC-28MAR25-115000-C,89747.74,buy,0.2,0.2,,
25,327145672,2024-11-15 12:14:23,0,0.0715,0.07144817,58.55,BTC-28MAR25-115000-C,90596.58,sell,0.2,0.2,,
26,327149994,2024-11-15 12:18:33,2,0.071,0.07061315,58.69,BTC-28MAR25-115000-C,90329.84,sell,0.2,0.2,,
27,327151178,2024-11-15 12:20:54,0,0.0715,0.07097645,58.78,BTC-28MAR25-115000-C,90409.46,sell,0.2,0.2,,
28,327154517,2024-11-15 12:29:27,1,0.0715,0.07067776,59.01,BTC-28MAR25-115000-C,90246.98,buy,0.2,0.2,,
29,327155259,2024-11-15 12:31:54,2,0.0705,0.0702209,58.8,BTC-28MAR25-115000-C,90101.95,sell,0.2,0.2,,
30,327155757,2024-11-15 12:32:59,3,0.0705,0.07021112,58.8,BTC-28MAR25-115000-C,90086.36,sell,0.1,0.1,,
31,327156517,2024-11-15 12:35:38,2,0.07,0.06998315,58.72,BTC-28MAR25-115000-C,89991.08,sell,0.1,0.1,,
32,327156861,2024-11-15 12:36:08,2,0.0695,0.06951849,58.71,BTC-28MAR25-115000-C,89841.21,sell,0.2,0.2,,
33,327158913,2024-11-15 12:39:50,3,0.0695,0.06949104,58.73,BTC-28MAR25-115000-C,89846.78,sell,0.2,0.2,,
34,327159669,2024-11-15 12:43:45,0,0.07,0.06955489,58.99,BTC-28MAR25-115000-C,89831.21,sell,0.2,0.2,,
35,327163019,2024-11-15 13:02:11,1,0.07,0.06971643,59.0,BTC-28MAR25-115000-C,89851.09,sell,0.2,0.2,,
36,327163917,2024-11-15 13:07:47,1,0.07,0.06960856,59.07,BTC-28MAR25-115000-C,89801.51,sell,0.2,0.2,,
37,327164242,2024-11-15 13:09:50,1,0.07,0.06990321,58.92,BTC-28MAR25-115000-C,89899.49,sell,0.2,0.2,,
38,327165580,2024-11-15 13:20:35,1,0.07,0.06971584,58.89,BTC-28MAR25-115000-C,89941.16,sell,0.2,0.2,,
39,327195981,2024-11-15 14:51:39,2,0.067,0.06782587,57.97,BTC-28MAR25-115000-C,89666.41,sell,1.6,1.6,,
40,327213827,2024-11-15 15:26:24,2,0.0605,0.06063398,57.62,BTC-28MAR25-115000-C,87856.07,sell,3.0,3.0,,
41,327280377,2024-11-15 20:26:27,0,0.0695,0.06920572,57.26,BTC-28MAR25-115000-C,91064.54,sell,1.2,1.2,,
42,327280383,2024-11-15 20:26:29,1,0.0695,0.06920572,57.27,BTC-28MAR25-115000-C,91055.78,sell,0.3,0.3,,
43,327280408,2024-11-15 20:26:38,1,0.0695,0.06911361,57.27,BTC-28MAR25-115000-C,91060.5,sell,8.5,8.5,,
44,327535295,2024-11-17 12:32:20,0,0.0705,0.0702513,58.21,BTC-28MAR25-115000-C,90860.49,buy,0.1,0.1,,
45,327682277,2024-11-18 09:01:14,0,0.0735,0.07364046,58.2,BTC-28MAR25-115000-C,91787.19,buy,1.0,1.0,,
46,327867743,2024-11-18 22:32:21,2,0.0705,0.07054047,57.69,BTC-28MAR25-115000-C,91264.1,buy,0.1,0.1,,
47,327915729,2024-11-19 06:31:58,0,0.0745,0.07454966,58.7,BTC-28MAR25-115000-C,91951.03,buy,1.0,1.0,,
48,327923494,2024-11-19 07:39:53,0,0.0755,0.0749748,59.08,BTC-28MAR25-115000-C,91878.77,sell,0.1,0.1,,
49,327974730,2024-11-19 13:09:42,0,0.077,0.0766111,58.55,BTC-28MAR25-115000-C,92708.65,buy,2.8,2.8,,
50,327974731,2024-11-19 13:09:42,1,0.077,0.0766111,58.55,BTC-28MAR25-115000-C,92708.65,buy,6.0,6.0,,
51,327974732,2024-11-19 13:09:42,1,0.077,0.0766111,58.55,BTC-28MAR25-115000-C,92708.65,buy,5.0,5.0,,
52,327974733,2024-11-19 13:09:42,1,0.077,0.0766111,58.55,BTC-28MAR25-115000-C,92708.65,buy,3.0,3.0,,
53,327981489,2024-11-19 13:32:25,2,0.074,0.07435146,58.27,BTC-28MAR25-115000-C,92024.25,sell,0.9,0.9,,
54,327988043,2024-11-19 13:50:35,2,0.073,0.07262432,58.54,BTC-28MAR25-115000-C,91570.2,buy,0.1,0.1,,
55,328007060,2024-11-19 14:47:37,0,0.074,0.07386471,58.12,BTC-28MAR25-115000-C,92119.23,buy,1.0,1.0,,
56,328023532,2024-11-19 15:30:37,2,0.0725,0.07248055,58.09,BTC-28MAR25-115000-C,91674.38,buy,0.1,0.1,,
57,328025330,2024-11-19 15:33:29,0,0.0745,0.07411155,58.3,BTC-28MAR25-115000-C,92145.5,buy,0.1,0.1,,
58,328041845,2024-11-19 16:30:38,0,0.076,0.07604612,58.22,BTC-28MAR25-115000-C,92666.95,buy,0.4,0.4,,
59,328111464,2024-11-19 20:06:17,0,0.0795,0.07892755,58.75,BTC-28MAR25-115000-C,93396.78,buy,0.1,0.1,,
60,328155300,2024-11-19 22:56:33,2,0.0755,0.07486463,59.39,BTC-28MAR25-115000-C,91870.48,buy,4.4,4.4,,
61,328155301,2024-11-19 22:56:33,3,0.0755,0.07486463,59.39,BTC-28MAR25-115000-C,91870.48,buy,0.2,0.2,,
62,328180864,2024-11-20 03:02:57,2,0.0735,0.07377387,58.78,BTC-28MAR25-115000-C,91795.8,sell,0.1,0.1,,
63,328233342,2024-11-20 09:59:41,0,0.08,0.07959552,59.62,BTC-28MAR25-115000-C,93189.33,buy,5.0,5.0,,
64,328239934,2024-11-20 10:53:11,0,0.0815,0.08092724,60.05,BTC-28MAR25-115000-C,93448.63,buy,1.8,1.8,,
65,328239935,2024-11-20 10:53:11,1,0.0815,0.08092724,60.05,BTC-28MAR25-115000-C,93448.63,buy,6.0,6.0,,
66,328239936,2024-11-20 10:53:11,1,0.0815,0.08092724,60.05,BTC-28MAR25-115000-C,93448.63,buy,0.6,0.6,,
67,328239937,2024-11-20 10:53:11,0,0.082,0.08092724,60.27,BTC-28MAR25-115000-C,93448.63,buy,9.6,9.6,,
68,328239938,2024-11-20 10:53:11,1,0.082,0.08092724,60.27,BTC-28MAR25-115000-C,93448.63,buy,5.0,5.0,,
69,328239939,2024-11-20 10:53:11,1,0.082,0.08092724,60.27,BTC-28MAR25-115000-C,93448.63,sell,0.2,0.2,,
70,328239947,2024-11-20 10:53:11,1,0.082,0.08092724,60.27,BTC-28MAR25-115000-C,93448.63,sell,0.7,0.7,,
71,328252500,2024-11-20 12:13:03,0,0.084,0.08357535,60.97,BTC-28MAR25-115000-C,93487.97,buy,0.1,0.1,,
72,328255641,2024-11-20 12:28:09,0,0.085,0.08479786,61.0,BTC-28MAR25-115000-C,93751.16,buy,0.1,0.1,,
73,328261207,2024-11-20 12:46:25,2,0.0845,0.0842293,61.16,BTC-28MAR25-115000-C,93516.21,sell,0.9,0.9,,
74,328261209,2024-11-20 12:46:25,3,0.0845,0.0842293,61.16,BTC-28MAR25-115000-C,93516.21,sell,0.1,0.1,,
75,328282115,2024-11-20 13:46:36,0,0.0865,0.08657637,60.62,BTC-28MAR25-115000-C,94389.57,buy,1.0,1.0,,
76,328300867,2024-11-20 14:31:56,0,0.088,0.08849271,60.7,BTC-28MAR25-115000-C,94792.11,sell,5.0,5.0,,
77,328320129,2024-11-20 15:11:49,0,0.089,0.08798838,61.89,BTC-28MAR25-115000-C,94327.37,buy,0.1,0.1,,
78,328323032,2024-11-20 15:20:54,0,0.0895,0.08934605,61.91,BTC-28MAR25-115000-C,94417.73,sell,3.0,3.0,,
79,328324664,2024-11-20 15:25:48,0,0.0905,0.0903708,62.15,BTC-28MAR25-115000-C,94585.58,sell,5.0,5.0,,
80,328333619,2024-11-20 15:48:33,0,0.091,0.09183066,61.96,BTC-28MAR25-115000-C,94861.36,sell,1.0,1.0,,
81,328343664,2024-11-20 16:16:48,2,0.0895,0.08946505,62.31,BTC-28MAR25-115000-C,94222.88,buy,5.0,5.0,,
82,328344163,2024-11-20 16:17:37,3,0.0895,0.08920114,62.43,BTC-28MAR25-115000-C,94145.1,buy,2.5,2.5,,
83,328436976,2024-11-21 01:32:13,0,0.091,0.09047619,62.11,BTC-28MAR25-115000-C,94952.54,sell,1.0,1.0,,
84,328474804,2024-11-21 04:10:08,0,0.102,0.10062219,64.16,BTC-28MAR25-115000-C,96648.83,sell,0.1,0.1,,
85,328544583,2024-11-21 07:37:29,2,0.0995,0.09989153,62.17,BTC-28MAR25-115000-C,97281.66,buy,1.0,1.0,,
86,328548998,2024-11-21 07:57:14,2,0.0985,0.09867071,62.14,BTC-28MAR25-115000-C,96990.83,buy,1.8,1.8,,
87,328550487,2024-11-21 08:02:46,0,0.099,0.09936953,62.11,BTC-28MAR25-115000-C,97144.21,sell,5.0,5.0,,
88,328558507,2024-11-21 08:59:54,0,0.0995,0.09887862,62.29,BTC-28MAR25-115000-C,97152.37,buy,2.8,2.8,,
89,328558508,2024-11-21 08:59:54,1,0.0995,0.09887862,62.29,BTC-28MAR25-115000-C,97152.37,buy,3.2,3.2,,
90,328561356,2024-11-21 09:10:32,0,0.1015,0.10059162,62.57,BTC-28MAR25-115000-C,97521.54,buy,1.9,1.9,,
91,328624787,2024-11-21 13:12:24,0,0.106,0.10506432,64.67,BTC-28MAR25-115000-C,97545.54,buy,0.2,0.2,,
92,328624829,2024-11-21 13:12:38,2,0.1055,0.10515355,64.43,BTC-28MAR25-115000-C,97562.96,sell,0.2,0.2,,
93,328626409,2024-11-21 13:20:19,3,0.1055,0.10488653,64.69,BTC-28MAR25-115000-C,97392.02,buy,0.5,0.5,,
94,328626410,2024-11-21 13:20:19,3,0.1055,0.10488653,64.69,BTC-28MAR25-115000-C,97392.02,sell,0.1,0.1,,
95,328644608,2024-11-21 14:39:37,2,0.1015,0.10167346,63.84,BTC-28MAR25-115000-C,96826.32,sell,0.1,0.1,,
96,328657678,2024-11-21 15:00:32,2,0.1005,0.10092957,63.2,BTC-28MAR25-115000-C,96951.22,sell,0.1,0.1,,
97,328674955,2024-11-21 15:32:04,2,0.0975,0.09677135,63.03,BTC-28MAR25-115000-C,96241.25,buy,1.1,1.1,,
98,328674956,2024-11-21 15:32:04,3,0.0975,0.09677135,63.03,BTC-28MAR25-115000-C,96241.25,buy,4.9,4.9,,
99,328676540,2024-11-21 15:35:23,2,0.0965,0.09698839,62.56,BTC-28MAR25-115000-C,96263.68,sell,4.9,4.9,,
100,328737270,2024-11-21 19:17:45,0,0.106,0.10547028,62.57,BTC-28MAR25-115000-C,98950.32,buy,0.1,0.1,,
101,328744122,2024-11-21 19:41:01,2,0.1025,0.10327591,61.97,BTC-28MAR25-115000-C,98404.86,sell,3.0,3.0,,
102,328752281,2024-11-21 20:23:00,0,0.1035,0.1029982,62.24,BTC-28MAR25-115000-C,98595.7,sell,1.0,1.0,,
103,328774825,2024-11-21 22:45:59,2,0.1005,0.10097046,61.49,BTC-28MAR25-115000-C,98263.14,buy,0.2,0.2,,
104,328832111,2024-11-22 06:25:47,0,0.1065,0.10593216,62.74,BTC-28MAR25-115000-C,98977.49,buy,1.1,1.1,,
105,328970180,2024-11-22 15:46:08,2,0.1045,0.10387404,62.29,BTC-28MAR25-115000-C,98872.04,buy,89.0,89.0,BTC-CDIAG-28MAR25_27DEC24-115000_95000,169479
106,329096497,2024-11-23 13:50:15,2,0.1035,0.1026152,62.37,BTC-28MAR25-115000-C,98775.12,buy,0.1,0.1,,
107,329142250,2024-11-23 22:33:11,2,0.1015,0.10150815,62.94,BTC-28MAR25-115000-C,97841.61,sell,0.5,0.5,,
108,329181524,2024-11-24 12:23:22,2,0.099,0.10021729,62.69,BTC-28MAR25-115000-C,97471.44,sell,3.7,3.7,,
109,329201248,2024-11-24 14:12:30,0,0.0995,0.09879831,63.5,BTC-28MAR25-115000-C,97043.37,buy,4.2,4.2,,
110,329277097,2024-11-25 02:08:07,0,0.1015,0.10139145,63.82,BTC-28MAR25-115000-C,97551.92,buy,0.5,0.5,,
111,329331102,2024-11-25 13:11:00,2,0.099,0.09903632,62.85,BTC-28MAR25-115000-C,97457.71,sell,0.1,0.1,,
112,329613635,2024-11-26 08:08:27,2,0.0818,0.08143433,61.82,BTC-28MAR25-115000-C,93472.71,sell,10.0,10.0,,170005
113,329625927,2024-11-26 08:23:32,2,0.0795,0.07923609,61.88,BTC-28MAR25-115000-C,92723.21,buy,0.8,0.8,,
114,329684604,2024-11-26 11:44:59,2,0.0765,0.07634329,62.48,BTC-28MAR25-115000-C,91519.12,buy,0.1,0.1,,
115,329684605,2024-11-26 11:44:59,3,0.0765,0.07634329,62.48,BTC-28MAR25-115000-C,91519.12,buy,0.5,0.5,,
116,329718280,2024-11-26 13:40:31,2,0.0755,0.07619955,60.68,BTC-28MAR25-115000-C,92466.76,sell,0.1,0.1,,
117,329733958,2024-11-26 14:23:12,2,0.075,0.0748433,60.79,BTC-28MAR25-115000-C,92295.22,buy,0.8,0.8,,
118,329733959,2024-11-26 14:23:12,3,0.075,0.0748433,60.79,BTC-28MAR25-115000-C,92295.22,buy,4.2,4.2,,
119,329795886,2024-11-26 16:43:18,0,0.0826,0.08098472,60.97,BTC-28MAR25-115000-C,94537.28,buy,50.0,50.0,BTC-RR-28MAR25-90000_115000,170224
120,329889667,2024-11-26 22:08:18,2,0.0745,0.0745075,60.97,BTC-28MAR25-115000-C,92098.51,buy,1.2,1.2,,
121,330015522,2024-11-27 14:02:34,0,0.0815,0.08161432,60.96,BTC-28MAR25-115000-C,94223.74,buy,0.6,0.6,,
122,330048361,2024-11-27 15:35:28,0,0.0845,0.08500634,60.79,BTC-28MAR25-115000-C,95272.72,buy,0.7,0.7,,
123,330049582,2024-11-27 15:37:05,0,0.085,0.08531157,60.82,BTC-28MAR25-115000-C,95415.44,buy,0.1,0.1,,
124,330050176,2024-11-27 15:37:44,1,0.085,0.08534323,60.82,BTC-28MAR25-115000-C,95400.65,sell,0.1,0.1,,
125,330050182,2024-11-27 15:37:45,1,0.085,0.08532214,60.83,BTC-28MAR25-115000-C,95395.56,sell,0.1,0.1,,
126,330050196,2024-11-27 15:37:45,1,0.085,0.08532214,60.83,BTC-28MAR25-115000-C,95395.56,sell,0.1,0.1,,
127,330050300,2024-11-27 15:37:47,1,0.085,0.08530535,60.85,BTC-28MAR25-115000-C,95378.92,sell,0.1,0.1,,
128,330050305,2024-11-27 15:37:47,1,0.085,0.08530535,60.85,BTC-28MAR25-115000-C,95378.92,sell,0.2,0.2,,
129,330050306,2024-11-27 15:37:47,1,0.085,0.08530535,60.85,BTC-28MAR25-115000-C,95378.92,sell,0.1,0.1,,
130,330050416,2024-11-27 15:37:52,1,0.085,0.08520728,60.88,BTC-28MAR25-115000-C,95362.46,sell,0.1,0.1,,
131,330050423,2024-11-27 15:37:52,1,0.085,0.08520728,60.88,BTC-28MAR25-115000-C,95362.46,sell,0.1,0.1,,
132,330050452,2024-11-27 15:37:56,1,0.085,0.08509488,60.92,BTC-28MAR25-115000-C,95336.2,sell,4.1,4.1,,
133,330053653,2024-11-27 15:46:42,0,0.086,0.08567965,61.12,BTC-28MAR25-115000-C,95517.28,buy,0.1,0.1,,
134,330061612,2024-11-27 16:07:16,1,0.086,0.0859793,61.07,BTC-28MAR25-115000-C,95542.25,buy,3.0,3.0,,
135,330081990,2024-11-27 17:12:43,0,0.0865,0.08624957,61.14,BTC-28MAR25-115000-C,95711.05,buy,2.2,2.2,,
136,330103713,2024-11-27 19:00:59,0,0.0895,0.08909809,61.56,BTC-28MAR25-115000-C,96294.72,buy,0.6,0.6,,
137,330103714,2024-11-27 19:00:59,1,0.0895,0.08909809,61.56,BTC-28MAR25-115000-C,96294.72,sell,0.4,0.4,,
138,330216523,2024-11-28 08:06:33,2,0.0865,0.08617883,62.03,BTC-28MAR25-115000-C,95186.31,sell,0.1,0.1,,
139,330226482,2024-11-28 09:51:41,2,0.0855,0.08536678,61.57,BTC-28MAR25-115000-C,95187.57,sell,0.1,0.1,,
140,330279036,2024-11-28 13:24:52,2,0.083,0.08351896,60.36,BTC-28MAR25-115000-C,95322.41,buy,1.0,1.0,,
141,330306407,2024-11-28 15:53:57,2,0.0815,0.08149199,60.26,BTC-28MAR25-115000-C,94950.51,sell,0.1,0.1,,
142,330394748,2024-11-29 01:11:24,0,0.085,0.08357094,60.8,BTC-28MAR25-115000-C,95472.35,buy,0.1,0.1,,
143,330488577,2024-11-29 10:23:11,2,0.084,0.08411428,58.96,BTC-28MAR25-115000-C,96622.72,buy,0.6,0.6,,
144,330490894,2024-11-29 10:40:28,0,0.0845,0.08419534,58.99,BTC-28MAR25-115000-C,96707.92,buy,0.6,0.6,,
145,330497036,2024-11-29 11:21:35,0,0.085,0.08434199,59.4,BTC-28MAR25-115000-C,96591.66,buy,2.2,2.2,,
146,330497456,2024-11-29 11:24:04,0,0.0855,0.08481176,59.43,BTC-28MAR25-115000-C,96713.53,buy,0.5,0.5,,
147,330521160,2024-11-29 13:13:49,0,0.087,0.08706004,59.38,BTC-28MAR25-115000-C,96972.88,buy,0.1,0.1,,
148,330555769,2024-11-29 15:26:26,0,0.093,0.09276839,59.8,BTC-28MAR25-115000-C,98427.77,sell,0.1,0.1,,
149,330555770,2024-11-29 15:26:26,1,0.093,0.09276839,59.8,BTC-28MAR25-115000-C,98427.77,sell,0.1,0.1,,
150,330828367,2024-12-01 22:36:59,2,0.09,0.08890839,60.49,BTC-28MAR25-115000-C,97526.83,buy,0.3,0.3,,
151,330835699,2024-12-02 00:02:46,2,0.0885,0.08859656,60.16,BTC-28MAR25-115000-C,97259.58,sell,0.1,0.1,,
152,330854449,2024-12-02 02:59:52,0,0.0895,0.089238,59.77,BTC-28MAR25-115000-C,97743.46,buy,0.6,0.6,,
153,330857894,2024-12-02 03:43:46,2,0.088,0.0878888,59.94,BTC-28MAR25-115000-C,97211.21,sell,0.1,0.1,,
154,330956079,2024-12-02 14:59:08,2,0.0845,0.08492252,60.12,BTC-28MAR25-115000-C,96394.31,sell,10.0,10.0,,
155,331011312,2024-12-02 18:07:58,2,0.0795,0.07971178,59.8,BTC-28MAR25-115000-C,95208.35,buy,0.6,0.6,,
156,331110102,2024-12-03 07:40:48,3,0.0795,0.07885273,59.63,BTC-28MAR25-115000-C,95341.86,buy,0.7,0.7,,
157,331122948,2024-12-03 09:50:10,2,0.077,0.0790019,58.85,BTC-28MAR25-115000-C,95218.04,sell,0.4,0.4,,
158,331122951,2024-12-03 09:50:13,3,0.077,0.07900996,58.84,BTC-28MAR25-115000-C,95219.56,sell,0.4,0.4,,
159,331122953,2024-12-03 09:50:16,3,0.077,0.07900894,58.84,BTC-28MAR25-115000-C,95225.44,sell,0.4,0.4,,
160,331142028,2024-12-03 12:22:54,2,0.0755,0.0760561,58.56,BTC-28MAR25-115000-C,94940.1,sell,0.7,0.7,,
161,331142029,2024-12-03 12:22:54,3,0.0755,0.0760561,58.56,BTC-28MAR25-115000-C,94940.1,sell,10.0,10.0,,
162,331142030,2024-12-03 12:22:54,3,0.0755,0.0760561,58.56,BTC-28MAR25-115000-C,94940.1,sell,4.0,4.0,,
163,331142031,2024-12-03 12:22:54,3,0.0755,0.0760561,58.56,BTC-28MAR25-115000-C,94940.1,sell,6.3,6.3,,
164,331142032,2024-12-03 12:22:54,3,0.0755,0.0760561,58.56,BTC-28MAR25-115000-C,94940.1,buy,2.5,2.5,,
165,331142033,2024-12-03 12:22:54,3,0.0755,0.0760561,58.56,BTC-28MAR25-115000-C,94940.1,buy,6.3,6.3,,
166,331142034,2024-12-03 12:22:54,3,0.0755,0.0760561,58.56,BTC-28MAR25-115000-C,94940.1,buy,0.1,0.1,,
167,331142035,2024-12-03 12:22:54,3,0.0755,0.0760561,58.56,BTC-28MAR25-115000-C,94940.1,buy,0.1,0.1,,
168,331143064,2024-12-03 12:36:08,2,0.0745,0.0752016,58.33,BTC-28MAR25-115000-C,94826.25,sell,6.3,6.3,,
169,331143065,2024-12-03 12:36:08,3,0.0745,0.0752016,58.33,BTC-28MAR25-115000-C,94826.25,sell,0.1,0.1,,
170,331143066,2024-12-03 12:36:08,3,0.0745,0.0752016,58.33,BTC-28MAR25-115000-C,94826.25,buy,3.6,3.6,,
171,331180033,2024-12-03 14:45:39,0,0.0755,0.07569748,58.92,BTC-28MAR25-115000-C,94898.34,buy,0.4,0.4,,
172,331196221,2024-12-03 15:23:50,0,0.0805,0.07997868,59.24,BTC-28MAR25-115000-C,96080.08,buy,3.0,3.0,,
173,331318764,2024-12-04 09:49:07,0,0.082,0.08259252,58.53,BTC-28MAR25-115000-C,96917.5,buy,1.5,1.5,,
174,331319051,2024-12-04 09:56:11,1,0.082,0.0821688,58.61,BTC-28MAR25-115000-C,96856.29,buy,0.7,0.7,,
175,331371219,2024-12-04 15:11:14,2,0.081,0.08047195,58.94,BTC-28MAR25-115000-C,96404.62,buy,0.6,0.6,,
176,331453266,2024-12-04 20:25:21,0,0.0905,0.0900834,59.55,BTC-28MAR25-115000-C,98874.47,buy,0.3,0.3,,
177,331453270,2024-12-04 20:25:21,1,0.0905,0.0900834,59.55,BTC-28MAR25-115000-C,98874.47,buy,0.2,0.2,,
178,331453305,2024-12-04 20:25:22,1,0.0905,0.0900834,59.55,BTC-28MAR25-115000-C,98874.47,buy,1.3,1.3,,
179,331498187,2024-12-04 22:37:20,2,0.09,0.08942332,59.79,BTC-28MAR25-115000-C,98694.24,buy,5.0,5.0,,
180,331547456,2024-12-05 02:36:05,0,0.095,0.09415845,59.55,BTC-28MAR25-115000-C,100022.59,buy,0.4,0.4,,
181,331582991,2024-12-05 02:57:22,0,0.1,0.09936644,59.88,BTC-28MAR25-115000-C,101108.96,buy,1.3,1.3,,
182,331659232,2024-12-05 04:47:46,0,0.1065,0.10657032,60.06,BTC-28MAR25-115000-C,103037.49,buy,0.1,0.1,,
183,331672578,2024-12-05 05:40:55,2,0.1045,0.10444359,59.8,BTC-28MAR25-115000-C,102569.6,sell,0.1,0.1,,
184,331685116,2024-12-05 06:15:18,2,0.102,0.10273326,59.58,BTC-28MAR25-115000-C,102007.75,buy,0.2,0.2,,
185,331714969,2024-12-05 07:53:19,0,0.1045,0.10439209,59.44,BTC-28MAR25-115000-C,102545.54,sell,0.5,0.5,,
186,331714970,2024-12-05 07:53:19,1,0.1045,0.10439209,59.44,BTC-28MAR25-115000-C,102545.54,buy,4.5,4.5,,
187,331723006,2024-12-05 08:10:51,0,0.105,0.10510911,59.48,BTC-28MAR25-115000-C,102652.6,sell,0.5,0.5,,
188,331723007,2024-12-05 08:10:51,1,0.105,0.10510911,59.48,BTC-28MAR25-115000-C,102652.6,buy,0.1,0.1,,
189,331729601,2024-12-05 08:38:26,0,0.106,0.10561695,59.78,BTC-28MAR25-115000-C,102790.16,sell,0.1,0.1,,
190,331730183,2024-12-05 08:42:04,2,0.1055,0.10564769,59.56,BTC-28MAR25-115000-C,102780.07,buy,6.2,6.2,,
191,331730184,2024-12-05 08:42:04,3,0.1055,0.10564769,59.56,BTC-28MAR25-115000-C,102780.07,buy,0.1,0.1,,
192,331730195,2024-12-05 08:42:05,3,0.1055,0.10564744,59.57,BTC-28MAR25-115000-C,102772.93,buy,3.7,3.7,,
193,331730324,2024-12-05 08:43:06,0,0.106,0.105615,59.86,BTC-28MAR25-115000-C,102749.18,sell,0.1,0.1,,
194,331730856,2024-12-05 08:45:33,1,0.106,0.10547099,59.93,BTC-28MAR25-115000-C,102674.31,buy,0.1,0.1,,
195,331731912,2024-12-05 08:50:25,1,0.106,0.10577021,59.87,BTC-28MAR25-115000-C,102675.37,sell,1.4,1.4,,
196,331774893,2024-12-05 12:55:46,0,0.1115,0.11058841,61.0,BTC-28MAR25-115000-C,103361.75,buy,0.1,0.1,,
197,331780351,2024-12-05 13:13:00,2,0.11,0.10983324,60.75,BTC-28MAR25-115000-C,103035.69,buy,0.4,0.4,,
198,331787840,2024-12-05 13:39:27,0,0.1105,0.11059027,60.67,BTC-28MAR25-115000-C,103146.43,buy,1.7,1.7,,
199,331787925,2024-12-05 13:39:34,1,0.1105,0.11068148,60.62,BTC-28MAR25-115000-C,103177.09,buy,0.7,0.7,,
200,331788428,2024-12-05 13:41:03,1,0.1105,0.11022152,60.84,BTC-28MAR25-115000-C,103039.11,sell,10.0,10.0,,
201,331788429,2024-12-05 13:41:03,1,0.1105,0.11022152,60.84,BTC-28MAR25-115000-C,103039.11,sell,2.0,2.0,,
202,331791531,2024-12-05 13:53:14,1,0.1105,0.11010691,61.02,BTC-28MAR25-115000-C,102920.07,buy,0.2,0.2,,
203,331794022,2024-12-05 14:04:34,2,0.1095,0.1096101,60.74,BTC-28MAR25-115000-C,102830.23,buy,0.5,0.5,,
204,331840995,2024-12-05 15:30:37,2,0.104,0.10439204,59.86,BTC-28MAR25-115000-C,102154.12,sell,0.8,0.8,,
205,331855609,2024-12-05 15:55:39,2,0.102,0.102294,59.78,BTC-28MAR25-115000-C,101662.43,buy,0.1,0.1,,
206,331856616,2024-12-05 15:59:29,2,0.1015,0.10140803,59.87,BTC-28MAR25-115000-C,101432.34,buy,0.1,0.1,,
207,331858064,2024-12-05 16:01:36,0,0.102,0.10190371,59.87,BTC-28MAR25-115000-C,101614.93,buy,0.1,0.1,,
208,331960971,2024-12-05 20:11:58,2,0.0925,0.09255972,60.45,BTC-28MAR25-115000-C,98771.2,sell,0.7,0.7,,
209,331974564,2024-12-05 20:33:50,2,0.0915,0.09146571,60.49,BTC-28MAR25-115000-C,98437.14,buy,0.2,0.2,,
210,332102899,2024-12-05 23:41:58,2,0.086,0.08553981,60.98,BTC-28MAR25-115000-C,96790.04,buy,0.1,0.1,,
211,332102961,2024-12-05 23:42:08,2,0.0855,0.08538991,60.83,BTC-28MAR25-115000-C,96742.57,sell,0.1,0.1,,
212,332162838,2024-12-06 04:18:45,0,0.087,0.08694412,60.4,BTC-28MAR25-115000-C,97554.8,sell,0.5,0.5,,
213,332180415,2024-12-06 07:22:41,0,0.0875,0.08775613,59.72,BTC-28MAR25-115000-C,97961.7,buy,0.1,0.1,,
214,332244607,2024-12-06 12:58:23,2,0.087,0.08688663,60.31,BTC-28MAR25-115000-C,97633.16,sell,0.1,0.1,,
215,332368031,2024-12-06 19:20:10,0,0.1005,0.09999188,60.49,BTC-28MAR25-115000-C,101457.99,buy,1.4,1.4,,
216,332368049,2024-12-06 19:20:11,1,0.1005,0.09999197,60.49,BTC-28MAR25-115000-C,101460.96,buy,0.8,0.8,,
217,332368056,2024-12-06 19:20:11,1,0.1005,0.09999197,60.49,BTC-28MAR25-115000-C,101460.96,buy,0.1,0.1,,
218,332523293,2024-12-07 19:16:53,2,0.093,0.09319838,59.4,BTC-28MAR25-115000-C,100238.65,sell,1.0,1.0,,
219,332523308,2024-12-07 19:17:03,3,0.093,0.0931467,59.42,BTC-28MAR25-115000-C,100226.1,sell,0.5,0.5,,
220,332543812,2024-12-07 23:52:54,2,0.0925,0.09252328,59.84,BTC-28MAR25-115000-C,99900.83,sell,1.0,1.0,,
221,332544190,2024-12-07 23:57:39,3,0.0925,0.09258769,59.82,BTC-28MAR25-115000-C,99893.17,sell,0.2,0.2,,
222,332544293,2024-12-08 00:00:11,3,0.0925,0.09269032,59.79,BTC-28MAR25-115000-C,99907.4,sell,0.1,0.1,,
223,332556580,2024-12-08 04:42:41,2,0.0915,0.09166621,59.57,BTC-28MAR25-115000-C,99796.85,buy,1.3,1.3,,
224,332556581,2024-12-08 04:42:41,3,0.0915,0.09166621,59.57,BTC-28MAR25-115000-C,99796.85,buy,0.2,0.2,,
225,332600952,2024-12-08 14:35:33,2,0.091,0.09153114,58.8,BTC-28MAR25-115000-C,100170.49,sell,0.3,0.3,,
226,332706368,2024-12-09 07:49:29,0,0.093,0.09273611,61.1,BTC-28MAR25-115000-C,99669.4,sell,0.1,0.1,,
227,332796389,2024-12-09 15:35:30,2,0.086,0.08596571,60.68,BTC-28MAR25-115000-C,97978.48,sell,0.1,0.1,,
228,332797717,2024-12-09 15:36:36,2,0.0855,0.08520121,60.83,BTC-28MAR25-115000-C,97754.05,sell,0.1,0.1,,
229,332824306,2024-12-09 17:26:46,2,0.084,0.08443348,60.15,BTC-28MAR25-115000-C,97754.89,sell,0.4,0.4,,
230,332848187,2024-12-09 18:25:13,0,0.085,0.08553181,60.14,BTC-28MAR25-115000-C,98180.7,buy,0.6,0.6,,
231,332851152,2024-12-09 18:51:30,2,0.084,0.08439127,59.96,BTC-28MAR25-115000-C,98024.47,sell,5.0,5.0,,
232,332852494,2024-12-09 19:00:48,2,0.083,0.08296368,60.09,BTC-28MAR25-115000-C,97658.54,sell,0.1,0.1,,
233,332852844,2024-12-09 19:01:41,2,0.0825,0.08251402,60.1,BTC-28MAR25-115000-C,97503.57,sell,0.1,0.1,,
234,332880696,2024-12-09 20:52:25,2,0.0785,0.07836093,60.2,BTC-28MAR25-115000-C,96304.71,sell,0.1,0.1,,
235,332889533,2024-12-09 21:03:31,2,0.076,0.07608146,60.29,BTC-28MAR25-115000-C,95486.48,sell,0.1,0.1,,
236,332892789,2024-12-09 21:04:24,2,0.075,0.07460751,60.47,BTC-28MAR25-115000-C,95065.73,sell,0.1,0.1,,
237,332895447,2024-12-09 21:05:03,2,0.074,0.07368942,60.35,BTC-28MAR25-115000-C,94850.17,sell,0.1,0.1,,
238,333048381,2024-12-10 07:20:05,0,0.082,0.08238824,60.65,BTC-28MAR25-115000-C,97194.74,buy,0.3,0.3,,
239,333048384,2024-12-10 07:20:18,2,0.0815,0.08222434,60.41,BTC-28MAR25-115000-C,97195.2,buy,6.5,6.5,,
240,333048386,2024-12-10 07:20:21,3,0.0815,0.0821915,60.41,BTC-28MAR25-115000-C,97195.88,buy,3.2,3.2,,
241,333048387,2024-12-10 07:20:21,3,0.0815,0.0821915,60.41,BTC-28MAR25-115000-C,97195.88,buy,0.8,0.8,,
242,333070378,2024-12-10 11:42:30,2,0.0795,0.08000501,59.03,BTC-28MAR25-115000-C,97536.55,sell,0.6,0.6,,
243,333070379,2024-12-10 11:42:30,3,0.0795,0.08000501,59.03,BTC-28MAR25-115000-C,97536.55,sell,0.4,0.4,,
244,333170404,2024-12-10 17:30:31,2,0.0735,0.07305692,60.68,BTC-28MAR25-115000-C,94757.3,buy,0.1,0.1,,
245,333170405,2024-12-10 17:30:32,3,0.0735,0.07305692,60.68,BTC-28MAR25-115000-C,94757.3,buy,1.0,1.0,,
246,333282321,2024-12-11 07:46:17,0,0.084,0.08399147,61.53,BTC-28MAR25-115000-C,97395.53,buy,0.6,0.6,,
247,333282322,2024-12-11 07:46:17,1,0.084,0.08399147,61.53,BTC-28MAR25-115000-C,97395.53,buy,0.1,0.1,,
248,333364638,2024-12-11 15:38:40,0,0.095,0.094821,61.76,BTC-28MAR25-115000-C,100290.22,buy,1.0,1.0,,
249,333364639,2024-12-11 15:38:40,1,0.095,0.094821,61.76,BTC-28MAR25-115000-C,100290.22,buy,3.8,3.8,,
250,333408791,2024-12-11 18:32:22,2,0.0945,0.09446198,61.26,BTC-28MAR25-115000-C,100570.09,buy,0.5,0.5,,
251,333408792,2024-12-11 18:32:22,3,0.0945,0.09446198,61.26,BTC-28MAR25-115000-C,100570.09,buy,0.7,0.7,,
252,333411949,2024-12-11 18:49:50,0,0.095,0.09516012,61.02,BTC-28MAR25-115000-C,100866.26,buy,0.4,0.4,,
253,333411950,2024-12-11 18:49:50,1,0.095,0.09516012,61.02,BTC-28MAR25-115000-C,100866.26,buy,1.3,1.3,,
254,333414172,2024-12-11 19:09:09,2,0.094,0.09410578,60.97,BTC-28MAR25-115000-C,100652.89,buy,0.1,0.1,,
255,333414175,2024-12-11 19:09:12,3,0.094,0.09415876,60.94,BTC-28MAR25-115000-C,100667.92,buy,0.2,0.2,,
256,333414421,2024-12-11 19:12:17,3,0.094,0.09414424,60.93,BTC-28MAR25-115000-C,100690.34,buy,0.2,0.2,,
257,333471931,2024-12-12 02:23:03,2,0.0935,0.09351113,60.76,BTC-28MAR25-115000-C,100860.78,buy,3.2,3.2,,
258,333471932,2024-12-12 02:23:03,3,0.0935,0.09351113,60.76,BTC-28MAR25-115000-C,100860.78,buy,2.9,2.9,,
259,333474393,2024-12-12 02:47:18,0,0.094,0.09424938,60.55,BTC-28MAR25-115000-C,101108.74,buy,4.2,4.2,,
260,333474394,2024-12-12 02:47:18,1,0.094,0.09424938,60.55,BTC-28MAR25-115000-C,101108.74,buy,2.2,2.2,,
261,333498859,2024-12-12 06:08:03,1,0.094,0.09333988,61.39,BTC-28MAR25-115000-C,100571.2,buy,0.2,0.2,,
262,333694804,2024-12-13 03:15:48,2,0.0905,0.08966371,61.47,BTC-28MAR25-115000-C,99646.94,buy,1.1,1.1,,
263,333740021,2024-12-13 10:16:54,2,0.09,0.08967684,60.6,BTC-28MAR25-115000-C,100134.83,buy,10.0,10.0,,
264,333742176,2024-12-13 10:38:42,3,0.09,0.09008794,60.37,BTC-28MAR25-115000-C,100241.39,buy,2.0,2.0,,
265,333751004,2024-12-13 11:57:57,0,0.0906,0.09098404,60.4,BTC-28MAR25-115000-C,100440.51,sell,12.5,12.5,BTC-STRG-28MAR25-95000_115000,173033
266,333784307,2024-12-13 15:15:00,0,0.096,0.09570247,61.45,BTC-28MAR25-115000-C,101265.07,sell,1.0,1.0,,
267,333855820,2024-12-13 22:47:50,2,0.094,0.094394,60.53,BTC-28MAR25-115000-C,101410.07,sell,5.0,5.0,,
268,333950800,2024-12-14 16:51:45,0,0.0945,0.09468678,60.7,BTC-28MAR25-115000-C,101582.7,buy,0.4,0.4,,
269,333950801,2024-12-14 16:51:45,1,0.0945,0.09468678,60.7,BTC-28MAR25-115000-C,101582.7,buy,1.6,1.6,,
270,334007249,2024-12-15 05:05:16,0,0.0975,0.09738594,60.93,BTC-28MAR25-115000-C,102407.31,buy,0.1,0.1,,
271,334029951,2024-12-15 11:57:18,0,0.098,0.09781006,60.64,BTC-28MAR25-115000-C,102610.76,buy,0.1,0.1,,
272,334029952,2024-12-15 11:57:18,0,0.0985,0.09781006,60.88,BTC-28MAR25-115000-C,102610.76,buy,0.1,0.1,,
273,334029953,2024-12-15 11:57:18,1,0.0985,0.09781006,60.88,BTC-28MAR25-115000-C,102610.76,buy,1.7,1.7,,
274,334029954,2024-12-15 11:57:18,1,0.0985,0.09781006,60.88,BTC-28MAR25-115000-C,102610.76,sell,0.1,0.1,,
275,334031922,2024-12-15 12:08:16,0,0.099,0.09906269,60.58,BTC-28MAR25-115000-C,102900.02,buy,0.1,0.1,,
276,334075217,2024-12-15 21:07:32,1,0.099,0.09903702,60.35,BTC-28MAR25-115000-C,103094.71,sell,0.1,0.1,,
277,334077411,2024-12-15 21:25:25,2,0.097,0.09721006,59.98,BTC-28MAR25-115000-C,102722.52,buy,6.5,6.5,,
278,334077412,2024-12-15 21:25:25,3,0.097,0.09721006,59.98,BTC-28MAR25-115000-C,102722.52,buy,0.1,0.1,,
279,334119179,2024-12-16 00:16:14,0,0.106,0.10563547,61.11,BTC-28MAR25-115000-C,104444.61,buy,8.5,8.5,,
280,334125387,2024-12-16 00:31:06,0,0.111,0.11066783,61.36,BTC-28MAR25-115000-C,105657.94,sell,8.0,8.0,,
281,334125388,2024-12-16 00:31:06,1,0.111,0.11066783,61.36,BTC-28MAR25-115000-C,105657.94,sell,2.0,2.0,,
282,334186482,2024-12-16 06:20:05,2,0.109,0.10919317,61.24,BTC-28MAR25-115000-C,105178.85,buy,0.1,0.1,,
283,334191599,2024-12-16 07:13:23,3,0.109,0.10926734,61.12,BTC-28MAR25-115000-C,105226.97,buy,0.1,0.1,,
284,334211367,2024-12-16 10:19:21,2,0.106,0.10615751,61.38,BTC-28MAR25-115000-C,104435.5,sell,0.4,0.4,,
285,334234283,2024-12-16 12:45:02,2,0.1025,0.10279313,61.35,BTC-28MAR25-115000-C,103576.65,sell,2.0,2.0,,
286,334235739,2024-12-16 12:50:13,2,0.1015,0.10185947,61.3,BTC-28MAR25-115000-C,103336.12,sell,1.0,1.0,,
287,334243416,2024-12-16 13:47:45,0,0.1035,0.10364756,61.25,BTC-28MAR25-115000-C,103960.18,sell,3.5,3.5,,
288,334253752,2024-12-16 14:46:59,0,0.1095,0.10929097,61.19,BTC-28MAR25-115000-C,105594.44,buy,0.1,0.1,,
289,334265669,2024-12-16 15:08:22,0,0.111,0.11061725,61.2,BTC-28MAR25-115000-C,105936.77,buy,0.1,0.1,,
290,334265670,2024-12-16 15:08:22,1,0.111,0.11061725,61.2,BTC-28MAR25-115000-C,105936.77,buy,0.1,0.1,,
291,334279824,2024-12-16 15:35:48,0,0.1115,0.11115596,61.28,BTC-28MAR25-115000-C,106030.11,sell,0.9,0.9,,
292,334279825,2024-12-16 15:35:48,1,0.1115,0.11115596,61.28,BTC-28MAR25-115000-C,106030.11,sell,0.1,0.1,,
293,334359543,2024-12-16 20:24:36,2,0.111,0.11085763,61.14,BTC-28MAR25-115000-C,106233.28,sell,0.1,0.1,,
294,334372938,2024-12-16 22:16:57,2,0.108,0.10887048,59.9,BTC-28MAR25-115000-C,106228.17,sell,0.5,0.5,,
295,334372975,2024-12-16 22:17:15,3,0.108,0.10865895,60.0,BTC-28MAR25-115000-C,106176.09,sell,0.5,0.5,,
296,334373028,2024-12-16 22:18:18,2,0.1075,0.10848256,59.84,BTC-28MAR25-115000-C,106124.59,sell,0.5,0.5,,
297,334373097,2024-12-16 22:19:04,3,0.1075,0.10835509,59.91,BTC-28MAR25-115000-C,106074.49,sell,0.2,0.2,,
298,334373150,2024-12-16 22:19:51,3,0.1075,0.1083387,59.89,BTC-28MAR25-115000-C,106079.48,sell,0.1,0.1,,
299,334373187,2024-12-16 22:20:24,3,0.1075,0.10840436,59.87,BTC-28MAR25-115000-C,106089.51,sell,0.1,0.1,,
300,334373224,2024-12-16 22:20:49,3,0.1075,0.10847294,59.82,BTC-28MAR25-115000-C,106111.97,sell,0.1,0.1,,
301,334415550,2024-12-17 06:18:55,0,0.1115,0.11147944,60.73,BTC-28MAR25-115000-C,106699.42,sell,0.5,0.5,,
302,334416229,2024-12-17 06:29:02,2,0.111,0.11094243,60.78,BTC-28MAR25-115000-C,106534.29,sell,0.5,0.5,,
303,334482192,2024-12-17 15:10:16,0,0.1135,0.11361397,60.05,BTC-28MAR25-115000-C,107726.31,buy,0.1,0.1,,
304,334499775,2024-12-17 15:38:20,2,0.109,0.10868168,60.6,BTC-28MAR25-115000-C,106312.02,sell,2.0,2.0,,
305,334565041,2024-12-17 23:06:38,2,0.1065,0.10694473,60.14,BTC-28MAR25-115000-C,105892.27,sell,0.5,0.5,,
306,334568197,2024-12-17 23:33:42,0,0.1075,0.10713857,60.42,BTC-28MAR25-115000-C,106064.61,buy,0.1,0.1,,
307,334583339,2024-12-18 01:48:03,1,0.1075,0.10760694,60.62,BTC-28MAR25-115000-C,106023.07,sell,0.5,0.5,,
308,334583708,2024-12-18 01:49:37,2,0.107,0.10725314,60.56,BTC-28MAR25-115000-C,105932.24,sell,0.5,0.5,,
309,334610201,2024-12-18 04:14:42,2,0.101,0.10157057,60.51,BTC-28MAR25-115000-C,104354.79,sell,0.5,0.5,,
310,334622732,2024-12-18 05:09:15,2,0.099,0.09857803,60.96,BTC-28MAR25-115000-C,103604.91,sell,1.0,1.0,,
311,334657421,2024-12-18 07:57:37,0,0.1015,0.10109906,61.0,BTC-28MAR25-115000-C,104259.27,buy,0.1,0.1,,
312,334658006,2024-12-18 08:00:22,2,0.101,0.10089949,60.88,BTC-28MAR25-115000-C,104200.03,sell,0.1,0.1,,
313,334658007,2024-12-18 08:00:22,3,0.101,0.10089949,60.88,BTC-28MAR25-115000-C,104200.03,sell,0.2,0.2,,
314,334680081,2024-12-18 11:40:19,0,0.103,0.10324359,60.58,BTC-28MAR25-115000-C,104936.49,buy,1.0,1.0,,
315,334680718,2024-12-18 11:47:06,2,0.1025,0.10261681,60.57,BTC-28MAR25-115000-C,104786.54,buy,1.0,1.0,,
316,334685902,2024-12-18 12:21:17,0,0.104,0.10419927,60.67,BTC-28MAR25-115000-C,105141.52,buy,0.1,0.1,,
317,334685903,2024-12-18 12:21:17,1,0.104,0.10419927,60.67,BTC-28MAR25-115000-C,105141.52,buy,0.1,0.1,,
318,334685928,2024-12-18 12:21:18,1,0.104,0.10418204,60.66,BTC-28MAR25-115000-C,105146.94,buy,0.1,0.1,,
319,334685939,2024-12-18 12:21:19,1,0.104,0.10418204,60.66,BTC-28MAR25-115000-C,105146.94,buy,0.2,0.2,,
320,334700121,2024-12-18 13:46:32,1,0.104,0.1032121,61.19,BTC-28MAR25-115000-C,104824.61,buy,0.1,0.1,,
321,334705734,2024-12-18 14:24:58,2,0.102,0.10223538,60.7,BTC-28MAR25-115000-C,104604.35,sell,0.5,0.5,,
322,334705735,2024-12-18 14:24:58,3,0.102,0.10223538,60.7,BTC-28MAR25-115000-C,104604.35,buy,1.0,1.0,,
323,334705957,2024-12-18 14:25:50,2,0.1015,0.10167545,60.71,BTC-28MAR25-115000-C,104465.52,buy,0.1,0.1,,
324,334705958,2024-12-18 14:25:50,3,0.1015,0.10167545,60.71,BTC-28MAR25-115000-C,104465.52,buy,0.1,0.1,,
325,334705973,2024-12-18 14:25:51,3,0.1015,0.10167614,60.69,BTC-28MAR25-115000-C,104474.27,buy,0.1,0.1,,
326,334706284,2024-12-18 14:28:55,0,0.102,0.10208611,60.68,BTC-28MAR25-115000-C,104600.33,buy,0.4,0.4,,
327,334706286,2024-12-18 14:28:57,1,0.102,0.10210111,60.67,BTC-28MAR25-115000-C,104607.94,buy,0.2,0.2,,
328,334706287,2024-12-18 14:28:59,1,0.102,0.10212993,60.66,BTC-28MAR25-115000-C,104612.24,buy,0.2,0.2,,
329,334706289,2024-12-18 14:29:02,1,0.102,0.10213544,60.66,BTC-28MAR25-115000-C,104612.84,buy,0.2,0.2,,
330,334706290,2024-12-18 14:29:03,1,0.102,0.10213493,60.67,BTC-28MAR25-115000-C,104611.01,buy,1.0,1.0,,
331,334706291,2024-12-18 14:29:04,1,0.102,0.10213493,60.67,BTC-28MAR25-115000-C,104611.01,buy,0.2,0.2,,
332,334755616,2024-12-18 17:25:11,2,0.0995,0.0995974,60.31,BTC-28MAR25-115000-C,104349.26,buy,1.8,1.8,,
333,334755761,2024-12-18 17:27:30,2,0.099,0.09918695,60.21,BTC-28MAR25-115000-C,104290.35,sell,0.6,0.6,,
334,334755762,2024-12-18 17:27:30,3,0.099,0.09918695,60.21,BTC-28MAR25-115000-C,104290.35,buy,2.6,2.6,,
335,334822947,2024-12-18 20:11:35,2,0.093,0.09241442,61.04,BTC-28MAR25-115000-C,102124.55,sell,0.1,0.1,,
336,334822948,2024-12-18 20:11:35,3,0.093,0.09241442,61.04,BTC-28MAR25-115000-C,102124.55,sell,1.5,1.5,,
337,334867441,2024-12-18 20:46:37,2,0.088,0.08739589,61.05,BTC-28MAR25-115000-C,100810.78,buy,0.3,0.3,,
338,334897163,2024-12-18 22:01:48,3,0.088,0.08798616,61.12,BTC-28MAR25-115000-C,100850.76,sell,0.1,0.1,,
339,334938288,2024-12-19 01:14:26,3,0.088,0.08754856,61.54,BTC-28MAR25-115000-C,100529.07,buy,0.4,0.4,,
340,334938289,2024-12-19 01:14:26,3,0.088,0.08754856,61.54,BTC-28MAR25-115000-C,100529.07,sell,0.1,0.1,,
341,334938299,2024-12-19 01:14:46,3,0.088,0.0875134,61.59,BTC-28MAR25-115000-C,100504.22,sell,0.1,0.1,,
342,334938302,2024-12-19 01:14:47,3,0.088,0.0875134,61.59,BTC-28MAR25-115000-C,100504.22,sell,0.1,0.1,,
343,334939733,2024-12-19 01:28:09,0,0.0885,0.08831357,61.61,BTC-28MAR25-115000-C,100624.87,sell,0.3,0.3,,
344,335114796,2024-12-19 15:31:11,2,0.0845,0.08393608,61.17,BTC-28MAR25-115000-C,99743.5,buy,0.1,0.1,,
345,335197756,2024-12-19 18:18:38,2,0.075,0.07498471,60.89,BTC-28MAR25-115000-C,97249.21,sell,1.0,1.0,,
346,335201013,2024-12-19 18:21:57,3,0.075,0.07457278,61.07,BTC-28MAR25-115000-C,97147.49,buy,0.2,0.2,,
347,335201014,2024-12-19 18:21:57,3,0.075,0.07457278,61.07,BTC-28MAR25-115000-C,97147.49,buy,0.2,0.2,,
348,335203408,2024-12-19 18:23:40,2,0.0745,0.07395709,61.17,BTC-28MAR25-115000-C,96950.16,buy,0.2,0.2,,
349,335203409,2024-12-19 18:23:40,3,0.0745,0.07395709,61.17,BTC-28MAR25-115000-C,96950.16,buy,0.2,0.2,,
350,335203410,2024-12-19 18:23:40,3,0.0745,0.07395709,61.17,BTC-28MAR25-115000-C,96950.16,buy,0.2,0.2,,
351,335203723,2024-12-19 18:23:52,3,0.0745,0.07454552,60.95,BTC-28MAR25-115000-C,97079.41,buy,0.1,0.1,,
352,335203724,2024-12-19 18:23:52,3,0.0745,0.07454552,60.95,BTC-28MAR25-115000-C,97079.41,buy,0.1,0.1,,
353,335206378,2024-12-19 18:27:14,0,0.0765,0.07642354,61.01,BTC-28MAR25-115000-C,97679.57,buy,0.2,0.2,,
354,335206381,2024-12-19 18:27:15,1,0.0765,0.07642354,61.01,BTC-28MAR25-115000-C,97679.57,buy,0.2,0.2,,
355,335206382,2024-12-19 18:27:15,1,0.0765,0.07642354,61.01,BTC-28MAR25-115000-C,97679.57,buy,0.1,0.1,,
356,335206383,2024-12-19 18:27:15,1,0.0765,0.07642354,61.01,BTC-28MAR25-115000-C,97679.57,buy,0.2,0.2,,
357,335219783,2024-12-19 18:58:02,0,0.0795,0.07959477,60.81,BTC-28MAR25-115000-C,98584.91,buy,0.8,0.8,,
358,335234493,2024-12-19 19:43:47,2,0.075,0.07462269,61.14,BTC-28MAR25-115000-C,96996.01,buy,0.1,0.1,,
359,335234511,2024-12-19 19:43:49,3,0.075,0.07471544,61.03,BTC-28MAR25-115000-C,97059.8,buy,0.2,0.2,,
360,335234512,2024-12-19 19:43:49,3,0.075,0.07471544,61.03,BTC-28MAR25-115000-C,97059.8,buy,0.2,0.2,,
361,335238018,2024-12-19 19:47:56,2,0.074,0.07327715,61.36,BTC-28MAR25-115000-C,96574.9,buy,0.2,0.2,,
362,335238019,2024-12-19 19:47:56,3,0.074,0.07327715,61.36,BTC-28MAR25-115000-C,96574.9,buy,0.2,0.2,,
363,335238129,2024-12-19 19:48:01,3,0.074,0.07362024,61.09,BTC-28MAR25-115000-C,96741.99,sell,0.2,0.2,,
364,335239565,2024-12-19 19:50:12,0,0.0745,0.07415858,61.3,BTC-28MAR25-115000-C,96760.33,buy,0.2,0.2,,
365,335239566,2024-12-19 19:50:12,1,0.0745,0.07415858,61.3,BTC-28MAR25-115000-C,96760.33,buy,0.2,0.2,,
366,335241743,2024-12-19 19:53:23,2,0.073,0.07255221,61.26,BTC-28MAR25-115000-C,96306.48,buy,0.2,0.2,,
367,335241744,2024-12-19 19:53:23,3,0.073,0.07255221,61.26,BTC-28MAR25-115000-C,96306.48,buy,0.2,0.2,,
368,335241745,2024-12-19 19:53:23,3,0.073,0.07255221,61.26,BTC-28MAR25-115000-C,96306.48,buy,0.2,0.2,,
369,335241746,2024-12-19 19:53:23,3,0.073,0.07255221,61.26,BTC-28MAR25-115000-C,96306.48,buy,0.2,0.2,,
370,335241747,2024-12-19 19:53:23,3,0.073,0.07255221,61.26,BTC-28MAR25-115000-C,96306.48,buy,0.2,0.2,,
371,335242410,2024-12-19 19:54:25,0,0.0735,0.07345713,61.2,BTC-28MAR25-115000-C,96510.82,buy,0.2,0.2,,
372,335242411,2024-12-19 19:54:25,1,0.0735,0.07345713,61.2,BTC-28MAR25-115000-C,96510.82,buy,0.2,0.2,,
373,335243465,2024-12-19 19:56:08,1,0.0735,0.07336543,61.2,BTC-28MAR25-115000-C,96509.76,buy,0.2,0.2,,
374,335243466,2024-12-19 19:56:08,1,0.0735,0.07336543,61.2,BTC-28MAR25-115000-C,96509.76,buy,0.2,0.2,,
375,335243467,2024-12-19 19:56:08,1,0.0735,0.07336543,61.2,BTC-28MAR25-115000-C,96509.76,buy,0.2,0.2,,
376,335247582,2024-12-19 20:05:30,1,0.0735,0.07371595,60.99,BTC-28MAR25-115000-C,96645.11,buy,0.1,0.1,,
377,335247583,2024-12-19 20:05:30,1,0.0735,0.07371595,60.99,BTC-28MAR25-115000-C,96645.11,buy,0.1,0.1,,
378,335247584,2024-12-19 20:05:30,1,0.0735,0.07371595,60.99,BTC-28MAR25-115000-C,96645.11,buy,0.2,0.2,,
379,335248354,2024-12-19 20:07:42,2,0.0725,0.07312339,60.8,BTC-28MAR25-115000-C,96457.83,sell,2.0,2.0,,
380,335254495,2024-12-19 20:11:52,2,0.0715,0.07091562,61.46,BTC-28MAR25-115000-C,95857.12,buy,0.2,0.2,,
381,335254496,2024-12-19 20:11:52,3,0.0715,0.07091562,61.46,BTC-28MAR25-115000-C,95857.12,buy,0.2,0.2,,
382,335254497,2024-12-19 20:11:52,3,0.0715,0.07091562,61.46,BTC-28MAR25-115000-C,95857.12,buy,0.2,0.2,,
383,335293010,2024-12-19 21:04:32,0,0.072,0.07170318,61.56,BTC-28MAR25-115000-C,95922.38,buy,0.2,0.2,,
384,335429818,2024-12-20 03:50:45,0,0.0765,0.07635539,62.37,BTC-28MAR25-115000-C,97023.79,sell,1.0,1.0,,
385,335432981,2024-12-20 04:13:00,2,0.076,0.07602994,62.25,BTC-28MAR25-115000-C,96968.87,buy,0.5,0.5,,
386,335524081,2024-12-20 09:10:28,2,0.07,0.06977327,62.5,BTC-28MAR25-115000-C,95071.4,buy,0.2,0.2,,
387,335524105,2024-12-20 09:10:31,3,0.07,0.0699365,62.44,BTC-28MAR25-115000-C,95107.43,buy,0.2,0.2,,
388,335524196,2024-12-20 09:10:35,3,0.07,0.07013109,62.36,BTC-28MAR25-115000-C,95156.76,buy,0.2,0.2,,
389,335524197,2024-12-20 09:10:35,3,0.07,0.07013109,62.36,BTC-28MAR25-115000-C,95156.76,buy,0.2,0.2,,
390,335529626,2024-12-20 09:15:18,3,0.07,0.06968093,62.53,BTC-28MAR25-115000-C,95085.14,buy,0.2,0.2,,
391,335529627,2024-12-20 09:15:18,3,0.07,0.06968093,62.53,BTC-28MAR25-115000-C,95085.14,buy,0.2,0.2,,
392,335529628,2024-12-20 09:15:18,3,0.07,0.06968093,62.53,BTC-28MAR25-115000-C,95085.14,buy,0.2,0.2,,
393,335529696,2024-12-20 09:15:19,3,0.07,0.06972155,62.46,BTC-28MAR25-115000-C,95129.05,buy,0.2,0.2,,
394,335533108,2024-12-20 09:17:45,3,0.07,0.06992385,62.47,BTC-28MAR25-115000-C,95122.62,buy,0.2,0.2,,
395,335533109,2024-12-20 09:17:45,3,0.07,0.06992385,62.47,BTC-28MAR25-115000-C,95122.62,buy,0.2,0.2,,
396,335533110,2024-12-20 09:17:45,3,0.07,0.06992385,62.47,BTC-28MAR25-115000-C,95122.62,buy,0.2,0.2,,
397,335534878,2024-12-20 09:19:19,0,0.0705,0.07017173,62.63,BTC-28MAR25-115000-C,95137.23,buy,0.2,0.2,,
398,335534879,2024-12-20 09:19:19,1,0.0705,0.07017173,62.63,BTC-28MAR25-115000-C,95137.23,buy,0.2,0.2,,
399,335534880,2024-12-20 09:19:19,1,0.0705,0.07017173,62.63,BTC-28MAR25-115000-C,95137.23,buy,0.2,0.2,,
400,335537784,2024-12-20 09:22:46,1,0.0705,0.07040689,62.48,BTC-28MAR25-115000-C,95199.55,buy,0.2,0.2,,
401,335542505,2024-12-20 09:31:45,0,0.071,0.07083759,62.56,BTC-28MAR25-115000-C,95272.39,buy,0.2,0.2,,
402,335543360,2024-12-20 09:33:25,1,0.071,0.07089045,62.53,BTC-28MAR25-115000-C,95289.61,buy,0.2,0.2,,
403,335545315,2024-12-20 09:35:03,0,0.0715,0.07140756,62.54,BTC-28MAR25-115000-C,95448.31,buy,0.2,0.2,,
404,335556975,2024-12-20 09:51:59,2,0.0705,0.07006026,63.24,BTC-28MAR25-115000-C,94705.26,buy,0.2,0.2,,
405,335570014,2024-12-20 10:15:09,2,0.069,0.06877193,63.26,BTC-28MAR25-115000-C,94216.6,buy,0.2,0.2,,
406,335570051,2024-12-20 10:15:10,3,0.069,0.06877193,63.26,BTC-28MAR25-115000-C,94216.6,buy,0.2,0.2,,
407,335570052,2024-12-20 10:15:10,3,0.069,0.06877193,63.26,BTC-28MAR25-115000-C,94216.6,buy,0.2,0.2,,
408,335571613,2024-12-20 10:16:06,3,0.069,0.06853842,63.26,BTC-28MAR25-115000-C,94207.36,buy,0.2,0.2,,
409,335571829,2024-12-20 10:16:29,0,0.07,0.06955816,63.41,BTC-28MAR25-115000-C,94426.57,buy,0.2,0.2,,
410,335571830,2024-12-20 10:16:29,1,0.07,0.06955816,63.41,BTC-28MAR25-115000-C,94426.57,buy,0.2,0.2,,
411,335572109,2024-12-20 10:16:53,0,0.0705,0.06967009,63.65,BTC-28MAR25-115000-C,94434.32,buy,0.1,0.1,,
412,335572110,2024-12-20 10:16:53,1,0.0705,0.06967009,63.65,BTC-28MAR25-115000-C,94434.32,buy,0.2,0.2,,
413,335572111,2024-12-20 10:16:53,1,0.0705,0.06967009,63.65,BTC-28MAR25-115000-C,94434.32,buy,0.2,0.2,,
414,335572834,2024-12-20 10:18:12,2,0.0695,0.0693978,63.4,BTC-28MAR25-115000-C,94285.54,sell,0.4,0.4,,
415,335572835,2024-12-20 10:18:12,3,0.0695,0.0693978,63.4,BTC-28MAR25-115000-C,94285.54,sell,0.1,0.1,,
416,335573930,2024-12-20 10:20:12,0,0.071,0.07048479,63.6,BTC-28MAR25-115000-C,94637.2,buy,0.2,0.2,,
417,335577104,2024-12-20 10:27:22,2,0.0705,0.07069709,63.29,BTC-28MAR25-115000-C,94642.23,buy,0.2,0.2,,
418,335586679,2024-12-20 10:53:42,2,0.0695,0.06994361,63.21,BTC-28MAR25-115000-C,94381.7,sell,6.8,6.8,,
419,335586680,2024-12-20 10:53:42,3,0.0695,0.06994361,63.21,BTC-28MAR25-115000-C,94381.7,sell,0.1,0.1,,
420,335586681,2024-12-20 10:53:42,3,0.0695,0.06994361,63.21,BTC-28MAR25-115000-C,94381.7,buy,3.1,3.1,,
421,335590276,2024-12-20 11:04:12,0,0.07,0.0692385,63.88,BTC-28MAR25-115000-C,94186.47,buy,0.2,0.2,,
422,335602390,2024-12-20 11:24:27,2,0.0675,0.06687574,63.95,BTC-28MAR25-115000-C,93433.22,buy,0.1,0.1,,
423,335602502,2024-12-20 11:24:30,3,0.0675,0.06691673,63.85,BTC-28MAR25-115000-C,93495.18,buy,0.2,0.2,,
424,335602503,2024-12-20 11:24:30,3,0.0675,0.06691673,63.85,BTC-28MAR25-115000-C,93495.18,buy,0.2,0.2,,
425,335605660,2024-12-20 11:27:32,2,0.067,0.06641989,64.05,BTC-28MAR25-115000-C,93222.57,buy,0.2,0.2,,
426,335605661,2024-12-20 11:27:32,3,0.067,0.06641989,64.05,BTC-28MAR25-115000-C,93222.57,buy,0.2,0.2,,
427,335605662,2024-12-20 11:27:32,3,0.067,0.06641989,64.05,BTC-28MAR25-115000-C,93222.57,buy,0.2,0.2,,
428,335605663,2024-12-20 11:27:32,3,0.067,0.06641989,64.05,BTC-28MAR25-115000-C,93222.57,buy,0.2,0.2,,
429,335606037,2024-12-20 11:28:02,0,0.0675,0.06685523,64.14,BTC-28MAR25-115000-C,93321.15,buy,0.1,0.1,,
430,335606908,2024-12-20 11:29:08,1,0.0675,0.06713135,64.15,BTC-28MAR25-115000-C,93324.24,buy,0.1,0.1,,
431,335607014,2024-12-20 11:29:09,1,0.0675,0.06717994,64.09,BTC-28MAR25-115000-C,93361.62,buy,0.2,0.2,,
432,335607015,2024-12-20 11:29:09,1,0.0675,0.06717994,64.09,BTC-28MAR25-115000-C,93361.62,buy,0.2,0.2,,
433,335607016,2024-12-20 11:29:09,1,0.0675,0.06717994,64.09,BTC-28MAR25-115000-C,93361.62,buy,0.2,0.2,,
434,335613574,2024-12-20 11:36:46,2,0.0655,0.06525092,64.09,BTC-28MAR25-115000-C,92688.22,buy,0.2,0.2,,
435,335614651,2024-12-20 11:37:31,0,0.067,0.06699077,63.95,BTC-28MAR25-115000-C,93252.59,buy,0.2,0.2,,
436,335614652,2024-12-20 11:37:31,1,0.067,0.06699077,63.95,BTC-28MAR25-115000-C,93252.59,buy,0.2,0.2,,
437,335614696,2024-12-20 11:37:33,1,0.067,0.06699077,63.87,BTC-28MAR25-115000-C,93298.34,buy,0.2,0.2,,
438,335614697,2024-12-20 11:37:33,1,0.067,0.06699077,63.87,BTC-28MAR25-115000-C,93298.34,buy,0.2,0.2,,
439,335616182,2024-12-20 11:39:03,1,0.067,0.06682383,64.1,BTC-28MAR25-115000-C,93146.89,buy,0.2,0.2,,
440,335616183,2024-12-20 11:39:03,1,0.067,0.06682383,64.1,BTC-28MAR25-115000-C,93146.89,buy,0.2,0.2,,
441,335616184,2024-12-20 11:39:03,1,0.067,0.06682383,64.1,BTC-28MAR25-115000-C,93146.89,buy,0.8,0.8,,
442,335616185,2024-12-20 11:39:03,1,0.067,0.06682383,64.1,BTC-28MAR25-115000-C,93146.89,buy,0.4,0.4,,
443,335616186,2024-12-20 11:39:03,1,0.067,0.06682383,64.1,BTC-28MAR25-115000-C,93146.89,sell,0.3,0.3,,
444,335616187,2024-12-20 11:39:03,1,0.067,0.06682383,64.1,BTC-28MAR25-115000-C,93146.89,sell,0.1,0.1,,
445,335616188,2024-12-20 11:39:03,1,0.067,0.06681004,64.14,BTC-28MAR25-115000-C,93122.11,sell,0.1,0.1,,
446,335616189,2024-12-20 11:39:04,1,0.067,0.06681004,64.14,BTC-28MAR25-115000-C,93122.11,sell,0.2,0.2,,
447,335616204,2024-12-20 11:39:04,1,0.067,0.06676597,64.16,BTC-28MAR25-115000-C,93110.38,sell,0.1,0.1,,
448,335616212,2024-12-20 11:39:05,1,0.067,0.06676597,64.16,BTC-28MAR25-115000-C,93110.38,sell,0.1,0.1,,
449,335616213,2024-12-20 11:39:05,1,0.067,0.06676597,64.16,BTC-28MAR25-115000-C,93110.38,sell,0.2,0.2,,
450,335616219,2024-12-20 11:39:05,1,0.067,0.06676597,64.16,BTC-28MAR25-115000-C,93110.38,sell,0.1,0.1,,
451,335616223,2024-12-20 11:39:05,1,0.067,0.06676597,64.16,BTC-28MAR25-115000-C,93110.38,sell,3.8,3.8,,
452,335616224,2024-12-20 11:39:05,1,0.067,0.06676597,64.16,BTC-28MAR25-115000-C,93110.38,sell,0.3,0.3,,
453,335616226,2024-12-20 11:39:06,1,0.067,0.06676597,64.21,BTC-28MAR25-115000-C,93076.26,sell,0.1,0.1,,
454,335616229,2024-12-20 11:39:06,1,0.067,0.06676597,64.21,BTC-28MAR25-115000-C,93076.26,sell,0.1,0.1,,
455,335616230,2024-12-20 11:39:06,1,0.067,0.06676597,64.21,BTC-28MAR25-115000-C,93076.26,sell,0.2,0.2,,
456,335616241,2024-12-20 11:39:06,1,0.067,0.06665151,64.3,BTC-28MAR25-115000-C,93024.38,sell,0.1,0.1,,
457,335616242,2024-12-20 11:39:06,1,0.067,0.06665151,64.3,BTC-28MAR25-115000-C,93024.38,sell,0.1,0.1,,
458,335616245,2024-12-20 11:39:07,1,0.067,0.06665151,64.3,BTC-28MAR25-115000-C,93024.38,sell,0.1,0.1,,
459,335616281,2024-12-20 11:39:10,1,0.067,0.06638699,64.26,BTC-28MAR25-115000-C,93044.96,sell,0.1,0.1,,
460,335616282,2024-12-20 11:39:10,1,0.067,0.06638699,64.26,BTC-28MAR25-115000-C,93044.96,sell,5.2,5.2,,
461,335616283,2024-12-20 11:39:10,1,0.067,0.06638699,64.26,BTC-28MAR25-115000-C,93044.96,sell,0.1,0.1,,
462,335616290,2024-12-20 11:39:10,1,0.067,0.06638699,64.26,BTC-28MAR25-115000-C,93044.96,sell,0.2,0.2,,
463,335616293,2024-12-20 11:39:10,1,0.067,0.06639249,64.32,BTC-28MAR25-115000-C,93011.38,sell,6.9,6.9,,
464,335616299,2024-12-20 11:39:11,1,0.067,0.06639249,64.32,BTC-28MAR25-115000-C,93011.38,sell,0.1,0.1,,
465,335616301,2024-12-20 11:39:11,1,0.067,0.06639249,64.32,BTC-28MAR25-115000-C,93011.38,sell,0.1,0.1,,
466,335616305,2024-12-20 11:39:11,1,0.067,0.06639249,64.32,BTC-28MAR25-115000-C,93011.38,sell,0.1,0.1,,
467,335616342,2024-12-20 11:39:13,1,0.067,0.06635283,64.38,BTC-28MAR25-115000-C,92973.62,sell,3.5,3.5,,
468,335616343,2024-12-20 11:39:13,1,0.067,0.06635283,64.38,BTC-28MAR25-115000-C,92973.62,sell,0.1,0.1,,
469,335616350,2024-12-20 11:39:14,1,0.067,0.06635283,64.39,BTC-28MAR25-115000-C,92969.76,sell,8.0,8.0,,
470,335616352,2024-12-20 11:39:14,1,0.067,0.06635283,64.39,BTC-28MAR25-115000-C,92969.76,sell,0.1,0.1,,
471,335616354,2024-12-20 11:39:14,1,0.067,0.06635283,64.39,BTC-28MAR25-115000-C,92969.76,sell,25.0,25.0,,
472,335616356,2024-12-20 11:39:14,1,0.067,0.06635283,64.39,BTC-28MAR25-115000-C,92969.76,sell,0.1,0.1,,
473,335616358,2024-12-20 11:39:14,1,0.067,0.06635283,64.39,BTC-28MAR25-115000-C,92969.76,sell,0.1,0.1,,
474,335616372,2024-12-20 11:39:15,1,0.067,0.06623481,64.46,BTC-28MAR25-115000-C,92924.48,sell,0.9,0.9,,
475,335616390,2024-12-20 11:39:15,1,0.067,0.06623481,64.46,BTC-28MAR25-115000-C,92924.48,sell,0.1,0.1,,
476,335616391,2024-12-20 11:39:15,1,0.067,0.06623481,64.46,BTC-28MAR25-115000-C,92924.48,sell,15.9,15.9,,
477,335616392,2024-12-20 11:39:15,1,0.067,0.06623481,64.46,BTC-28MAR25-115000-C,92924.48,sell,25.8,25.8,,
478,335616983,2024-12-20 11:39:58,0,0.0675,0.0667584,64.32,BTC-28MAR25-115000-C,93174.33,buy,0.2,0.2,,
479,335616984,2024-12-20 11:39:58,1,0.0675,0.0667584,64.32,BTC-28MAR25-115000-C,93174.33,buy,0.2,0.2,,
480,335622826,2024-12-20 11:49:49,0,0.068,0.06736308,64.88,BTC-28MAR25-115000-C,92943.2,buy,0.2,0.2,,
481,335624862,2024-12-20 11:53:04,2,0.0675,0.06690918,64.95,BTC-28MAR25-115000-C,92769.84,buy,0.2,0.2,,
482,335624863,2024-12-20 11:53:04,3,0.0675,0.06690918,64.95,BTC-28MAR25-115000-C,92769.84,buy,0.2,0.2,,
483,335628884,2024-12-20 12:00:37,3,0.0675,0.06676294,65.11,BTC-28MAR25-115000-C,92706.97,buy,0.2,0.2,,
484,335628885,2024-12-20 12:00:37,3,0.0675,0.06676294,65.11,BTC-28MAR25-115000-C,92706.97,buy,0.2,0.2,,
485,335630499,2024-12-20 12:02:40,3,0.0675,0.06728404,65.07,BTC-28MAR25-115000-C,92726.67,buy,0.2,0.2,,
486,335630500,2024-12-20 12:02:40,3,0.0675,0.06728404,65.07,BTC-28MAR25-115000-C,92726.67,buy,0.2,0.2,,
487,335630501,2024-12-20 12:02:40,3,0.0675,0.06728404,65.07,BTC-28MAR25-115000-C,92726.67,buy,0.2,0.2,,
488,335636983,2024-12-20 12:14:10,2,0.067,0.0664418,65.47,BTC-28MAR25-115000-C,92324.71,buy,0.2,0.2,,
489,335636984,2024-12-20 12:14:10,3,0.067,0.0664418,65.47,BTC-28MAR25-115000-C,92324.71,buy,0.2,0.2,,
490,335637317,2024-12-20 12:14:22,0,0.0675,0.06663057,65.59,BTC-28MAR25-115000-C,92413.8,buy,0.2,0.2,,
491,335653444,2024-12-20 12:40:26,0,0.069,0.06944852,64.56,BTC-28MAR25-115000-C,93580.81,sell,1.0,1.0,,
492,335670092,2024-12-20 13:30:30,0,0.07,0.06974503,63.57,BTC-28MAR25-115000-C,94446.86,buy,5.0,5.0,,
493,335672776,2024-12-20 13:31:28,0,0.0704,0.07073805,63.51,BTC-28MAR25-115000-C,94627.41,buy,12.5,12.5,BTC-CS-28MAR25-115000_120000,174032
494,335686185,2024-12-20 13:51:27,0,0.073,0.0728455,63.5,BTC-28MAR25-115000-C,95458.06,buy,0.3,0.3,,
495,335749002,2024-12-20 16:19:19,0,0.076,0.07602874,61.97,BTC-28MAR25-115000-C,97319.71,sell,0.1,0.1,,
496,335777480,2024-12-20 17:41:42,2,0.0755,0.0751812,61.86,BTC-28MAR25-115000-C,97165.85,buy,0.3,0.3,,
497,335781199,2024-12-20 17:52:04,2,0.075,0.07408685,62.16,BTC-28MAR25-115000-C,96843.11,buy,0.1,0.1,,
498,335859233,2024-12-21 02:59:30,2,0.0745,0.07501714,61.21,BTC-28MAR25-115000-C,97351.64,sell,0.1,0.1,,
499,335898390,2024-12-21 08:04:13,0,0.0805,0.08006929,61.92,BTC-28MAR25-115000-C,98828.03,sell,0.1,0.1,,
500,335948939,2024-12-21 16:04:26,2,0.0745,0.07393448,61.73,BTC-28MAR25-115000-C,97228.57,buy,9.6,9.6,,
501,335969957,2024-12-21 20:08:16,2,0.074,0.07376319,61.05,BTC-28MAR25-115000-C,97541.58,buy,2.1,2.1,,
502,335969958,2024-12-21 20:08:16,3,0.074,0.07376319,61.05,BTC-28MAR25-115000-C,97541.58,buy,0.1,0.1,,
503,335977684,2024-12-21 21:14:00,2,0.072,0.07222481,60.42,BTC-28MAR25-115000-C,97319.89,sell,5.7,5.7,,
504,335977896,2024-12-21 21:16:48,3,0.072,0.07207026,60.53,BTC-28MAR25-115000-C,97260.72,sell,4.4,4.4,,
505,335977909,2024-12-21 21:16:57,3,0.072,0.07198554,60.57,BTC-28MAR25-115000-C,97235.08,sell,3.6,3.6,,
506,335977948,2024-12-21 21:17:33,3,0.072,0.07198097,60.58,BTC-28MAR25-115000-C,97222.82,sell,2.3,2.3,,
507,336110612,2024-12-22 16:30:17,2,0.068,0.06733076,61.57,BTC-28MAR25-115000-C,95557.47,buy,1.0,1.0,,
508,336121878,2024-12-22 17:58:21,2,0.0675,0.06761774,61.42,BTC-28MAR25-115000-C,95502.43,buy,0.1,0.1,,
509,336174248,2024-12-22 22:11:31,2,0.065,0.06465955,61.85,BTC-28MAR25-115000-C,94469.8,buy,0.2,0.2,,
510,336174249,2024-12-22 22:11:31,3,0.065,0.06465955,61.85,BTC-28MAR25-115000-C,94469.8,buy,0.2,0.2,,
511,336174250,2024-12-22 22:11:31,3,0.065,0.06465955,61.85,BTC-28MAR25-115000-C,94469.8,buy,0.2,0.2,,
512,336211406,2024-12-23 01:28:08,3,0.065,0.06484673,62.9,BTC-28MAR25-115000-C,93835.12,buy,0.2,0.2,,
513,336211407,2024-12-23 01:28:08,3,0.065,0.06484673,62.9,BTC-28MAR25-115000-C,93835.12,buy,0.2,0.2,,
514,336232316,2024-12-23 02:47:52,0,0.0665,0.06623082,62.75,BTC-28MAR25-115000-C,94441.58,buy,0.3,0.3,,
515,336252607,2024-12-23 04:59:11,0,0.0685,0.06872167,61.6,BTC-28MAR25-115000-C,95747.06,buy,2.0,2.0,,
516,336277283,2024-12-23 08:29:48,2,0.065,0.06547417,61.08,BTC-28MAR25-115000-C,95020.83,sell,0.1,0.1,,
517,336350664,2024-12-23 15:21:54,2,0.06,0.05982024,61.08,BTC-28MAR25-115000-C,93445.06,buy,0.1,0.1,,
518,336354781,2024-12-23 15:28:20,2,0.0595,0.05905681,61.21,BTC-28MAR25-115000-C,93195.84,buy,0.2,0.2,,
519,336354811,2024-12-23 15:28:20,3,0.0595,0.05905681,61.21,BTC-28MAR25-115000-C,93195.84,sell,0.8,0.8,,
520,336355803,2024-12-23 15:30:13,3,0.0595,0.05935093,61.11,BTC-28MAR25-115000-C,93251.67,buy,0.7,0.7,,
521,336357813,2024-12-23 15:34:15,0,0.06,0.05949648,61.36,BTC-28MAR25-115000-C,93309.24,buy,0.4,0.4,,
522,336357999,2024-12-23 15:34:27,1,0.06,0.05929155,61.46,BTC-28MAR25-115000-C,93241.83,buy,1.0,1.0,,
523,336364180,2024-12-23 15:51:18,0,0.0605,0.06017337,61.76,BTC-28MAR25-115000-C,93207.05,sell,0.5,0.5,,
524,336372672,2024-12-23 16:09:22,1,0.0605,0.06023631,61.91,BTC-28MAR25-115000-C,93089.4,sell,0.1,0.1,,
525,336379171,2024-12-23 16:23:12,2,0.059,0.05947763,61.49,BTC-28MAR25-115000-C,92902.07,sell,0.2,0.2,,
526,336379172,2024-12-23 16:23:12,3,0.059,0.05947763,61.49,BTC-28MAR25-115000-C,92902.07,sell,1.0,1.0,,
527,336379173,2024-12-23 16:23:12,3,0.059,0.05947763,61.49,BTC-28MAR25-115000-C,92902.07,sell,8.8,8.8,,
528,336446501,2024-12-23 20:16:56,3,0.059,0.05872584,61.98,BTC-28MAR25-115000-C,92573.69,buy,0.2,0.2,,
529,336459560,2024-12-23 20:59:37,0,0.061,0.06116797,61.86,BTC-28MAR25-115000-C,93313.28,sell,0.1,0.1,,
530,336465418,2024-12-23 21:11:37,0,0.0615,0.06234714,61.42,BTC-28MAR25-115000-C,93780.47,sell,0.1,0.1,,
531,336548911,2024-12-24 03:57:06,0,0.065,0.06431174,62.77,BTC-28MAR25-115000-C,94195.69,buy,7.0,7.0,,
532,336549296,2024-12-24 04:01:33,0,0.0655,0.06464746,63.09,BTC-28MAR25-115000-C,94158.22,buy,7.0,7.0,,
533,336549765,2024-12-24 04:09:04,2,0.0645,0.06483025,62.67,BTC-28MAR25-115000-C,94091.63,sell,0.4,0.4,,
534,336552087,2024-12-24 04:38:44,0,0.065,0.06472418,63.01,BTC-28MAR25-115000-C,94117.12,buy,3.0,3.0,,
535,336552713,2024-12-24 04:41:12,2,0.0645,0.06451791,62.87,BTC-28MAR25-115000-C,94014.15,buy,0.1,0.1,,
536,336552714,2024-12-24 04:41:12,3,0.0645,0.06451791,62.87,BTC-28MAR25-115000-C,94014.15,buy,0.4,0.4,,
537,336552782,2024-12-24 04:42:38,3,0.0645,0.06463211,62.81,BTC-28MAR25-115000-C,94050.11,buy,2.0,2.0,,
538,336648730,2024-12-24 14:45:49,0,0.073,0.07294044,62.49,BTC-28MAR25-115000-C,96952.13,sell,0.2,0.2,,
539,336655837,2024-12-24 15:00:49,0,0.074,0.0742889,62.38,BTC-28MAR25-115000-C,97328.01,sell,0.1,0.1,,
540,336655838,2024-12-24 15:00:49,1,0.074,0.0742889,62.38,BTC-28MAR25-115000-C,97328.01,sell,0.1,0.1,,
541,336655861,2024-12-24 15:00:52,2,0.0735,0.07421667,62.17,BTC-28MAR25-115000-C,97302.43,sell,0.1,0.1,,
542,336655862,2024-12-24 15:00:52,3,0.0735,0.07421667,62.17,BTC-28MAR25-115000-C,97302.43,sell,1.0,1.0,,
543,336662091,2024-12-24 15:16:36,0,0.074,0.07403224,62.22,BTC-28MAR25-115000-C,97410.9,sell,0.1,0.1,,
544,336682978,2024-12-24 16:08:06,0,0.0765,0.07631194,62.56,BTC-28MAR25-115000-C,97974.43,sell,0.1,0.1,,
545,336682979,2024-12-24 16:08:06,1,0.0765,0.07631194,62.56,BTC-28MAR25-115000-C,97974.43,sell,0.1,0.1,,
546,336687825,2024-12-24 16:25:00,0,0.078,0.07760091,62.53,BTC-28MAR25-115000-C,98486.44,buy,0.1,0.1,,
547,336712412,2024-12-24 17:55:56,2,0.0775,0.07722957,62.3,BTC-28MAR25-115000-C,98480.48,sell,0.1,0.1,,
548,336721230,2024-12-24 18:19:02,0,0.0795,0.07926001,62.2,BTC-28MAR25-115000-C,99146.2,sell,0.1,0.1,,
549,336721231,2024-12-24 18:19:02,1,0.0795,0.07926001,62.2,BTC-28MAR25-115000-C,99146.2,sell,0.1,0.1,,
550,336721232,2024-12-24 18:19:02,1,0.0795,0.07926001,62.2,BTC-28MAR25-115000-C,99146.2,sell,0.1,0.1,,
551,336721233,2024-12-24 18:19:02,1,0.0795,0.07926001,62.2,BTC-28MAR25-115000-C,99146.2,sell,0.1,0.1,,
552,336761467,2024-12-24 22:22:25,2,0.078,0.07789077,62.31,BTC-28MAR25-115000-C,98719.06,sell,0.2,0.2,,
553,336823612,2024-12-25 10:26:13,2,0.0765,0.07663289,61.07,BTC-28MAR25-115000-C,99014.47,sell,0.2,0.2,,
554,336885039,2024-12-25 18:43:49,3,0.0765,0.07624355,61.73,BTC-28MAR25-115000-C,98721.85,sell,0.1,0.1,,
555,336885925,2024-12-25 18:53:29,2,0.076,0.075798,61.67,BTC-28MAR25-115000-C,98600.57,sell,0.1,0.1,,
556,336889706,2024-12-25 19:45:31,0,0.0775,0.07716175,61.74,BTC-28MAR25-115000-C,99052.47,sell,2.0,2.0,,
557,336889707,2024-12-25 19:45:31,1,0.0775,0.07716175,61.74,BTC-28MAR25-115000-C,99052.47,sell,0.1,0.1,,
558,336921894,2024-12-26 00:10:31,0,0.0795,0.07933324,61.61,BTC-28MAR25-115000-C,99681.69,sell,0.1,0.1,,
559,336921895,2024-12-26 00:10:31,1,0.0795,0.07933324,61.61,BTC-28MAR25-115000-C,99681.69,sell,0.1,0.1,,
560,336921896,2024-12-26 00:10:31,1,0.0795,0.07933324,61.61,BTC-28MAR25-115000-C,99681.69,sell,0.1,0.1,,
561,336924894,2024-12-26 00:20:57,1,0.0795,0.07938618,61.64,BTC-28MAR25-115000-C,99661.02,sell,0.1,0.1,,
562,336924895,2024-12-26 00:20:57,1,0.0795,0.07938618,61.64,BTC-28MAR25-115000-C,99661.02,sell,0.1,0.1,,
563,336924896,2024-12-26 00:20:57,1,0.0795,0.07938618,61.64,BTC-28MAR25-115000-C,99661.02,sell,0.1,0.1,,
564,336924975,2024-12-26 00:21:06,1,0.0795,0.0791465,61.78,BTC-28MAR25-115000-C,99583.59,sell,0.1,0.1,,
565,337005608,2024-12-26 08:42:28,2,0.0655,0.06539581,61.16,BTC-28MAR25-115000-C,95864.71,buy,0.1,0.1,,
566,337089054,2024-12-26 15:19:50,0,0.067,0.06656413,62.71,BTC-28MAR25-115000-C,95531.45,buy,0.1,0.1,,
567,337113655,2024-12-26 16:27:27,0,0.0679,0.06711768,62.72,BTC-28MAR25-115000-C,95855.76,buy,50.0,50.0,,174856
568,337113702,2024-12-26 16:27:36,0,0.0687,0.06714042,63.13,BTC-28MAR25-115000-C,95864.51,buy,25.0,25.0,,174857
569,337113703,2024-12-26 16:27:36,1,0.0687,0.06714042,63.13,BTC-28MAR25-115000-C,95864.51,buy,25.0,25.0,,174858
570,337113719,2024-12-26 16:27:42,2,0.068,0.06717648,62.75,BTC-28MAR25-115000-C,95867.58,buy,0.7,0.7,,
571,337113720,2024-12-26 16:27:42,3,0.068,0.06717648,62.75,BTC-28MAR25-115000-C,95867.58,buy,0.1,0.1,,
572,337113721,2024-12-26 16:27:42,3,0.068,0.06717648,62.75,BTC-28MAR25-115000-C,95867.58,buy,1.1,1.1,,
573,337113722,2024-12-26 16:27:42,3,0.068,0.06717648,62.75,BTC-28MAR25-115000-C,95867.58,buy,3.6,3.6,,
574,337113954,2024-12-26 16:28:14,0,0.0687,0.06725016,63.12,BTC-28MAR25-115000-C,95854.4,buy,50.0,50.0,,174859
575,337114084,2024-12-26 16:28:29,1,0.0687,0.06724629,63.16,BTC-28MAR25-115000-C,95826.7,buy,25.0,25.0,,174860
576,337114403,2024-12-26 16:29:07,1,0.0687,0.06743117,63.11,BTC-28MAR25-115000-C,95848.87,buy,25.0,25.0,,174862
577,337140855,2024-12-26 17:59:22,2,0.0672,0.06643086,62.66,BTC-28MAR25-115000-C,95727.79,buy,25.0,25.0,,174879
578,337141384,2024-12-26 18:02:04,2,0.067,0.06638106,62.62,BTC-28MAR25-115000-C,95686.08,buy,25.0,25.0,,174880
579,337144028,2024-12-26 18:11:02,3,0.067,0.06655142,62.63,BTC-28MAR25-115000-C,95656.72,buy,5.0,5.0,,
580,337151156,2024-12-26 18:39:42,3,0.067,0.06652481,62.77,BTC-28MAR25-115000-C,95610.79,buy,1.0,1.0,,
581,337187157,2024-12-26 20:58:04,3,0.067,0.06688198,62.66,BTC-28MAR25-115000-C,95683.61,sell,0.1,0.1,,
582,337190033,2024-12-26 21:04:17,2,0.0665,0.06608246,62.91,BTC-28MAR25-115000-C,95408.67,sell,0.1,0.1,,
583,337192200,2024-12-26 21:15:18,3,0.0665,0.06592407,63.12,BTC-28MAR25-115000-C,95260.57,buy,5.0,5.0,,
584,337203780,2024-12-26 22:22:06,0,0.0675,0.06774392,62.72,BTC-28MAR25-115000-C,95817.01,sell,0.3,0.3,,
585,337203816,2024-12-26 22:22:09,1,0.0675,0.06774327,62.72,BTC-28MAR25-115000-C,95816.77,sell,0.3,0.3,,
586,337203829,2024-12-26 22:22:11,1,0.0675,0.06774879,62.69,BTC-28MAR25-115000-C,95838.31,sell,0.1,0.1,,
587,337250286,2024-12-27 02:02:44,0,0.068,0.06807035,62.96,BTC-28MAR25-115000-C,95859.31,sell,0.1,0.1,,
588,337251909,2024-12-27 02:08:04,0,0.069,0.06875406,63.02,BTC-28MAR25-115000-C,96139.76,buy,0.1,0.1,,
589,337281167,2024-12-27 03:48:09,0,0.07,0.06906834,63.44,BTC-28MAR25-115000-C,96250.88,buy,1.2,1.2,,
590,337281189,2024-12-27 03:48:09,1,0.07,0.06906834,63.44,BTC-28MAR25-115000-C,96250.88,sell,10.8,10.8,,
591,337288689,2024-12-27 04:13:47,0,0.071,0.07054724,63.8,BTC-28MAR25-115000-C,96322.82,buy,4.0,4.0,,
592,337289433,2024-12-27 04:17:16,1,0.071,0.0705717,63.85,BTC-28MAR25-115000-C,96299.84,buy,0.1,0.1,,
593,337291883,2024-12-27 04:30:10,1,0.071,0.07054468,63.88,BTC-28MAR25-115000-C,96278.88,buy,2.8,2.8,,
594,337311836,2024-12-27 06:25:30,2,0.0694,0.06972636,63.38,BTC-28MAR25-115000-C,96168.58,sell,12.5,12.5,BTC-STRG-28MAR25-95000_115000,175050
595,337348200,2024-12-27 07:44:14,2,0.0655,0.06536607,63.63,BTC-28MAR25-115000-C,94739.94,buy,0.2,0.2,,
596,337349164,2024-12-27 07:45:27,3,0.0655,0.06575995,63.38,BTC-28MAR25-115000-C,94894.57,buy,0.2,0.2,,
597,337360126,2024-12-27 07:55:07,0,0.066,0.06628486,63.43,BTC-28MAR25-115000-C,95015.27,buy,0.9,0.9,,
598,337417138,2024-12-27 09:46:35,0,0.071,0.07081977,63.09,BTC-28MAR25-115000-C,96785.13,buy,0.6,0.6,,
599,337418637,2024-12-27 09:57:18,2,0.0704,0.07044563,63.04,BTC-28MAR25-115000-C,96635.47,sell,40.0,40.0,,175089
600,337418864,2024-12-27 09:59:47,2,0.0702,0.07052414,62.86,BTC-28MAR25-115000-C,96666.73,sell,40.0,40.0,,175091
601,337466559,2024-12-27 14:42:29,2,0.066,0.06581545,62.65,BTC-28MAR25-115000-C,95369.07,sell,0.1,0.1,,
602,337466570,2024-12-27 14:42:30,3,0.066,0.06581449,62.67,BTC-28MAR25-115000-C,95355.53,sell,0.1,0.1,,
603,337466590,2024-12-27 14:42:30,3,0.066,0.06581449,62.67,BTC-28MAR25-115000-C,95355.53,sell,0.1,0.1,,
604,337466698,2024-12-27 14:42:38,3,0.066,0.06566085,62.73,BTC-28MAR25-115000-C,95319.71,sell,0.2,0.2,,
605,337467397,2024-12-27 14:44:41,2,0.0655,0.0655439,62.55,BTC-28MAR25-115000-C,95279.42,buy,3.0,3.0,,
606,337475261,2024-12-27 15:11:32,3,0.0655,0.06485975,62.76,BTC-28MAR25-115000-C,95241.5,buy,3.0,3.0,,
607,337475262,2024-12-27 15:11:32,3,0.0655,0.06485975,62.76,BTC-28MAR25-115000-C,95241.5,buy,0.7,0.7,,
608,337475263,2024-12-27 15:11:32,3,0.0655,0.06485975,62.76,BTC-28MAR25-115000-C,95241.5,buy,1.0,1.0,,
609,337475264,2024-12-27 15:11:32,3,0.0655,0.06485975,62.76,BTC-28MAR25-115000-C,95241.5,buy,0.3,0.3,,
610,337478737,2024-12-27 15:19:03,2,0.0635,0.06338107,62.6,BTC-28MAR25-115000-C,94673.63,buy,3.0,3.0,,
611,337479270,2024-12-27 15:19:26,3,0.0635,0.06282241,62.89,BTC-28MAR25-115000-C,94493.42,buy,5.0,5.0,,
612,337479918,2024-12-27 15:20:42,3,0.0635,0.06304436,62.79,BTC-28MAR25-115000-C,94544.08,buy,0.1,0.1,,
613,337484426,2024-12-27 15:32:51,2,0.063,0.06278333,62.76,BTC-28MAR25-115000-C,94428.07,buy,3.0,3.0,,
614,337485178,2024-12-27 15:33:42,2,0.062,0.06214781,62.58,BTC-28MAR25-115000-C,94189.21,sell,0.1,0.1,,
615,337485180,2024-12-27 15:33:42,3,0.062,0.06214781,62.58,BTC-28MAR25-115000-C,94189.21,sell,0.1,0.1,,
616,337485183,2024-12-27 15:33:42,3,0.062,0.06214781,62.58,BTC-28MAR25-115000-C,94189.21,sell,0.1,0.1,,
617,337490697,2024-12-27 15:41:45,0,0.0625,0.06219515,62.86,BTC-28MAR25-115000-C,94088.18,buy,0.1,0.1,,
618,337493103,2024-12-27 15:45:22,1,0.0625,0.06240135,62.78,BTC-28MAR25-115000-C,94107.77,buy,0.1,0.1,,
619,337493235,2024-12-27 15:45:35,1,0.0625,0.06268494,62.64,BTC-28MAR25-115000-C,94191.41,buy,0.2,0.2,,
620,337498229,2024-12-27 16:06:33,0,0.063,0.06301391,62.75,BTC-28MAR25-115000-C,94332.85,buy,0.1,0.1,,
621,337500104,2024-12-27 16:15:00,2,0.0625,0.06229302,62.84,BTC-28MAR25-115000-C,94083.88,buy,3.0,3.0,,
622,337513743,2024-12-27 17:22:23,2,0.0595,0.0596352,62.32,BTC-28MAR25-115000-C,93532.92,sell,0.1,0.1,,
623,337517109,2024-12-27 17:27:28,3,0.0595,0.05962743,62.25,BTC-28MAR25-115000-C,93535.98,buy,0.2,0.2,,
624,337517110,2024-12-27 17:27:28,3,0.0595,0.05962743,62.25,BTC-28MAR25-115000-C,93535.98,buy,0.2,0.2,,
625,337517111,2024-12-27 17:27:28,3,0.0595,0.05962743,62.25,BTC-28MAR25-115000-C,93535.98,buy,0.2,0.2,,
626,337518210,2024-12-27 17:31:06,0,0.06,0.06007127,62.26,BTC-28MAR25-115000-C,93725.24,buy,0.2,0.2,,
627,337518987,2024-12-27 17:34:16,0,0.0615,0.0605955,62.87,BTC-28MAR25-115000-C,93832.96,buy,0.1,0.1,,
628,337613346,2024-12-28 16:54:23,0,0.0645,0.06407165,63.64,BTC-28MAR25-115000-C,94638.78,buy,0.1,0.1,,
629,337613348,2024-12-28 16:54:23,1,0.0645,0.06404645,63.66,BTC-28MAR25-115000-C,94629.29,buy,0.2,0.2,,
630,337613351,2024-12-28 16:54:23,1,0.0645,0.06404645,63.66,BTC-28MAR25-115000-C,94629.29,buy,0.1,0.1,,
631,337652333,2024-12-29 10:21:20,0,0.065,0.06422019,63.6,BTC-28MAR25-115000-C,94994.21,buy,0.3,0.3,,
632,337678061,2024-12-29 16:53:36,2,0.061,0.06053486,63.54,BTC-28MAR25-115000-C,93695.37,buy,0.1,0.1,,
633,337679084,2024-12-29 17:08:51,3,0.061,0.06086316,63.3,BTC-28MAR25-115000-C,93809.23,buy,0.1,0.1,,
634,337712762,2024-12-30 00:58:36,2,0.0595,0.05915674,63.34,BTC-28MAR25-115000-C,93360.11,sell,0.1,0.1,,
635,337723544,2024-12-30 02:32:03,2,0.059,0.0589757,63.1,BTC-28MAR25-115000-C,93390.73,sell,0.1,0.1,,
636,337732541,2024-12-30 04:02:22,0,0.0595,0.05915056,63.11,BTC-28MAR25-115000-C,93560.1,buy,0.1,0.1,,
637,337732542,2024-12-30 04:02:22,1,0.0595,0.05915056,63.11,BTC-28MAR25-115000-C,93560.1,buy,0.3,0.3,,
638,337753297,2024-12-30 08:20:38,2,0.059,0.05916764,62.86,BTC-28MAR25-115000-C,93646.4,sell,0.1,0.1,,
639,337765464,2024-12-30 12:19:20,0,0.0595,0.05950842,62.76,BTC-28MAR25-115000-C,93886.57,sell,0.1,0.1,,
640,337769424,2024-12-30 12:52:03,2,0.059,0.05875423,62.96,BTC-28MAR25-115000-C,93649.0,sell,0.1,0.1,,
641,337769447,2024-12-30 12:52:05,3,0.059,0.05874634,62.97,BTC-28MAR25-115000-C,93644.24,sell,0.9,0.9,,
642,337778595,2024-12-30 13:50:11,2,0.0565,0.05662,62.97,BTC-28MAR25-115000-C,92772.82,sell,0.1,0.1,,
643,337780161,2024-12-30 13:52:47,2,0.056,0.0559205,62.99,BTC-28MAR25-115000-C,92539.35,buy,0.1,0.1,,
644,337783893,2024-12-30 14:01:17,2,0.0555,0.05591345,62.73,BTC-28MAR25-115000-C,92496.73,sell,0.1,0.1,,
645,337790822,2024-12-30 14:35:08,3,0.0555,0.05557762,62.96,BTC-28MAR25-115000-C,92449.94,sell,0.1,0.1,,
646,337791888,2024-12-30 14:35:32,2,0.055,0.0551402,63.03,BTC-28MAR25-115000-C,92225.84,sell,0.1,0.1,,
647,337794631,2024-12-30 14:36:53,3,0.055,0.05498126,63.02,BTC-28MAR25-115000-C,92204.73,sell,0.1,0.1,,
648,337794879,2024-12-30 14:37:17,2,0.0545,0.05456815,62.99,BTC-28MAR25-115000-C,92040.93,sell,0.1,0.1,,
649,337795480,2024-12-30 14:38:04,3,0.0545,0.05435125,63.06,BTC-28MAR25-115000-C,91991.49,buy,0.1,0.1,,
650,337795619,2024-12-30 14:38:15,3,0.0545,0.05443929,62.98,BTC-28MAR25-115000-C,92024.58,buy,0.1,0.1,,
651,337795620,2024-12-30 14:38:15,3,0.0545,0.05443929,62.98,BTC-28MAR25-115000-C,92024.58,buy,0.1,0.1,,
652,337797144,2024-12-30 14:42:00,0,0.0552,0.05558168,62.73,BTC-28MAR25-115000-C,92440.39,sell,25.0,25.0,,175256
653,337802313,2024-12-30 14:59:13,2,0.054,0.05383702,63.02,BTC-28MAR25-115000-C,91809.53,sell,0.4,0.4,,
654,337802331,2024-12-30 14:59:13,3,0.054,0.05383702,63.02,BTC-28MAR25-115000-C,91809.53,sell,1.8,1.8,,
655,337802611,2024-12-30 14:59:28,3,0.054,0.05361171,63.16,BTC-28MAR25-115000-C,91723.93,sell,0.2,0.2,,
656,337802617,2024-12-30 14:59:28,3,0.054,0.05359126,63.18,BTC-28MAR25-115000-C,91714.38,sell,0.1,0.1,,
657,337802666,2024-12-30 14:59:29,3,0.054,0.05359126,63.18,BTC-28MAR25-115000-C,91714.38,sell,3.4,3.4,,
658,337802671,2024-12-30 14:59:29,3,0.054,0.05359126,63.2,BTC-28MAR25-115000-C,91704.11,sell,0.1,0.1,,
659,337802689,2024-12-30 14:59:29,3,0.054,0.05359126,63.2,BTC-28MAR25-115000-C,91704.11,sell,0.4,0.4,,
660,337802691,2024-12-30 14:59:29,3,0.054,0.05359126,63.2,BTC-28MAR25-115000-C,91704.11,sell,0.2,0.2,,
661,337802694,2024-12-30 14:59:30,3,0.054,0.05359126,63.2,BTC-28MAR25-115000-C,91704.11,sell,0.1,0.1,,
662,337802695,2024-12-30 14:59:30,3,0.054,0.05359126,63.2,BTC-28MAR25-115000-C,91704.11,sell,0.1,0.1,,
663,337802771,2024-12-30 14:59:32,3,0.054,0.05356589,63.28,BTC-28MAR25-115000-C,91652.39,sell,7.4,7.4,,
664,337802774,2024-12-30 14:59:32,3,0.054,0.05356589,63.28,BTC-28MAR25-115000-C,91652.39,sell,1.2,1.2,,
665,337802775,2024-12-30 14:59:32,3,0.054,0.05356589,63.28,BTC-28MAR25-115000-C,91652.39,sell,0.1,0.1,,
666,337803190,2024-12-30 15:00:06,3,0.054,0.05352423,63.32,BTC-28MAR25-115000-C,91622.45,sell,0.5,0.5,,
667,337804264,2024-12-30 15:01:42,3,0.054,0.05393471,63.06,BTC-28MAR25-115000-C,91802.65,buy,1.0,1.0,,
668,337804265,2024-12-30 15:01:42,3,0.054,0.05393471,63.06,BTC-28MAR25-115000-C,91802.65,buy,0.2,0.2,,
669,337806579,2024-12-30 15:07:58,2,0.0535,0.05338665,63.09,BTC-28MAR25-115000-C,91625.77,buy,0.1,0.1,,
670,337806584,2024-12-30 15:08:00,3,0.0535,0.0534332,63.08,BTC-28MAR25-115000-C,91632.09,buy,0.1,0.1,,
671,337808462,2024-12-30 15:12:25,2,0.053,0.05289233,63.1,BTC-28MAR25-115000-C,91451.28,buy,0.2,0.2,,
672,337808463,2024-12-30 15:12:25,3,0.053,0.05289233,63.1,BTC-28MAR25-115000-C,91451.28,buy,0.2,0.2,,
673,337842610,2024-12-30 17:43:10,0,0.058,0.05792269,62.97,BTC-28MAR25-115000-C,93363.68,buy,0.1,0.1,,
674,337890113,2024-12-30 20:53:19,0,0.062,0.06237641,63.4,BTC-28MAR25-115000-C,94440.56,buy,2.5,2.5,,
675,337945078,2024-12-31 02:12:36,2,0.0555,0.05596937,63.35,BTC-28MAR25-115000-C,92271.0,sell,0.1,0.1,,
676,337945183,2024-12-31 02:14:10,3,0.0555,0.05613173,63.25,BTC-28MAR25-115000-C,92325.03,sell,0.1,0.1,,
677,337949198,2024-12-31 03:28:52,0,0.056,0.05543065,63.6,BTC-28MAR25-115000-C,92354.62,buy,0.4,0.4,,
678,337984539,2024-12-31 08:38:35,0,0.0615,0.06100581,63.44,BTC-28MAR25-115000-C,94271.08,buy,7.2,7.2,,
679,337984540,2024-12-31 08:38:35,1,0.0615,0.06100581,63.44,BTC-28MAR25-115000-C,94271.08,buy,2.8,2.8,,
680,337987264,2024-12-31 08:51:19,2,0.0605,0.05949637,63.84,BTC-28MAR25-115000-C,93722.35,buy,0.1,0.1,,
681,337987610,2024-12-31 08:52:12,3,0.0605,0.05961399,63.77,BTC-28MAR25-115000-C,93757.38,buy,0.1,0.1,,
682,338032869,2024-12-31 14:11:16,0,0.0655,0.06536267,63.44,BTC-28MAR25-115000-C,95574.12,buy,0.1,0.1,,
683,338036620,2024-12-31 14:32:39,0,0.066,0.065938,63.51,BTC-28MAR25-115000-C,95693.63,buy,0.1,0.1,,
684,338036906,2024-12-31 14:33:16,0,0.0665,0.06642564,63.49,BTC-28MAR25-115000-C,95861.24,buy,0.1,0.1,,
685,338041183,2024-12-31 14:37:58,2,0.065,0.06503333,63.51,BTC-28MAR25-115000-C,95373.6,buy,0.1,0.1,,
686,338041535,2024-12-31 14:38:45,3,0.065,0.06490697,63.52,BTC-28MAR25-115000-C,95378.37,buy,0.1,0.1,,
687,338043659,2024-12-31 14:46:23,0,0.066,0.06585417,63.55,BTC-28MAR25-115000-C,95672.55,buy,0.1,0.1,,
688,338059324,2024-12-31 15:50:06,2,0.064,0.06400203,63.12,BTC-28MAR25-115000-C,95279.6,buy,0.1,0.1,,
689,338062014,2024-12-31 16:04:36,2,0.0635,0.06351788,63.06,BTC-28MAR25-115000-C,95139.01,buy,0.1,0.1,,
690,338064701,2024-12-31 16:18:49,3,0.0635,0.06346921,63.1,BTC-28MAR25-115000-C,95120.32,buy,0.1,0.1,,
691,338064735,2024-12-31 16:19:08,3,0.0635,0.06340757,63.13,BTC-28MAR25-115000-C,95101.15,buy,0.1,0.1,,
692,338091022,2024-12-31 18:43:41,2,0.0605,0.06008434,63.48,BTC-28MAR25-115000-C,93960.99,buy,0.1,0.1,,
693,338091062,2024-12-31 18:44:17,3,0.0605,0.05991068,63.59,BTC-28MAR25-115000-C,93904.81,buy,0.1,0.1,,
694,338117528,2025-01-01 00:58:27,3,0.0605,0.05984095,63.16,BTC-28MAR25-115000-C,94187.4,buy,1.5,1.5,,
695,338117841,2025-01-01 00:59:07,3,0.0605,0.06007363,63.03,BTC-28MAR25-115000-C,94270.28,buy,0.5,0.5,,
696,338118328,2025-01-01 01:03:21,2,0.059,0.05921608,62.7,BTC-28MAR25-115000-C,93981.21,sell,0.4,0.4,,
697,338118329,2025-01-01 01:03:21,3,0.059,0.05921608,62.7,BTC-28MAR25-115000-C,93981.21,buy,0.1,0.1,,
698,338135045,2025-01-01 06:45:17,2,0.0575,0.05723058,62.68,BTC-28MAR25-115000-C,93494.41,buy,0.3,0.3,,
699,338135046,2025-01-01 06:45:17,3,0.0575,0.05723058,62.68,BTC-28MAR25-115000-C,93494.41,buy,0.8,0.8,,
700,338135047,2025-01-01 06:45:17,3,0.0575,0.05723058,62.68,BTC-28MAR25-115000-C,93494.41,sell,0.9,0.9,,
701,338135215,2025-01-01 06:56:32,3,0.0575,0.05745052,62.69,BTC-28MAR25-115000-C,93493.7,sell,3.0,3.0,,
702,338146646,2025-01-01 09:57:07,2,0.055,0.05563321,61.86,BTC-28MAR25-115000-C,93178.59,sell,0.5,0.5,,
703,338156295,2025-01-01 13:57:54,0,0.059,0.05869642,63.18,BTC-28MAR25-115000-C,93725.9,buy,2.0,2.0,,
704,338157391,2025-01-01 14:04:12,0,0.06,0.05972809,63.15,BTC-28MAR25-115000-C,94078.69,sell,2.0,2.0,,
705,338167857,2025-01-01 17:19:23,2,0.0585,0.05815956,63.21,BTC-28MAR25-115000-C,93555.93,buy,2.2,2.2,,
706,338171175,2025-01-01 18:56:21,0,0.0595,0.05967686,63.09,BTC-28MAR25-115000-C,94014.41,sell,0.2,0.2,,
707,338178456,2025-01-01 20:16:19,0,0.0615,0.06124277,63.3,BTC-28MAR25-115000-C,94544.9,buy,0.2,0.2,,
708,338179411,2025-01-01 20:31:03,1,0.0615,0.06140431,63.24,BTC-28MAR25-115000-C,94556.8,buy,0.2,0.2,,
709,338180207,2025-01-01 20:47:16,1,0.0615,0.06135841,63.24,BTC-28MAR25-115000-C,94586.15,buy,0.2,0.2,,
710,338189905,2025-01-01 23:07:35,0,0.062,0.06208412,63.35,BTC-28MAR25-115000-C,94677.71,buy,0.2,0.2,,
711,338192443,2025-01-01 23:42:45,2,0.0615,0.06152831,63.46,BTC-28MAR25-115000-C,94457.57,buy,0.2,0.2,,
712,338195646,2025-01-02 00:24:48,3,0.0615,0.06158606,63.41,BTC-28MAR25-115000-C,94503.02,buy,0.2,0.2,,
713,338196310,2025-01-02 00:26:02,0,0.0625,0.06248242,63.49,BTC-28MAR25-115000-C,94779.9,buy,0.2,0.2,,
714,338202747,2025-01-02 00:50:40,0,0.0635,0.06353355,63.36,BTC-28MAR25-115000-C,95066.61,buy,0.2,0.2,,
715,338205990,2025-01-02 01:05:31,1,0.0635,0.06344357,63.36,BTC-28MAR25-115000-C,95089.62,buy,0.2,0.2,,
716,338218234,2025-01-02 04:01:18,2,0.0625,0.06284863,63.18,BTC-28MAR25-115000-C,94933.5,buy,0.6,0.6,,
717,338219154,2025-01-02 04:11:13,0,0.063,0.06302253,63.3,BTC-28MAR25-115000-C,95015.98,sell,0.6,0.6,,
718,338219170,2025-01-02 04:11:13,0,0.0635,0.06302508,63.57,BTC-28MAR25-115000-C,95015.88,buy,1.4,1.4,,
719,338220156,2025-01-02 04:31:53,2,0.0625,0.06273645,62.99,BTC-28MAR25-115000-C,95054.56,buy,0.6,0.6,,
720,338223159,2025-01-02 04:41:13,0,0.064,0.06443994,62.86,BTC-28MAR25-115000-C,95587.21,buy,0.5,0.5,,
721,338246271,2025-01-02 08:33:27,0,0.0646,0.06480337,63.26,BTC-28MAR25-115000-C,95578.67,sell,50.0,50.0,BTC-CDIAG-28MAR25_10JAN25-115000_103000,175474
722,338251317,2025-01-02 09:13:39,0,0.066,0.06565938,63.3,BTC-28MAR25-115000-C,96037.22,buy,1.0,1.0,,
723,338254038,2025-01-02 09:29:41,2,0.0655,0.06611327,62.67,BTC-28MAR25-115000-C,96235.7,sell,0.4,0.4,,
724,338254039,2025-01-02 09:29:41,3,0.0655,0.06611327,62.67,BTC-28MAR25-115000-C,96235.7,sell,0.1,0.1,,
725,338256350,2025-01-02 09:48:39,3,0.0655,0.06589295,62.76,BTC-28MAR25-115000-C,96159.34,sell,0.5,0.5,,
726,338263055,2025-01-02 10:27:19,0,0.068,0.06793546,63.34,BTC-28MAR25-115000-C,96607.35,sell,0.1,0.1,,
727,338263056,2025-01-02 10:27:19,1,0.068,0.06793546,63.34,BTC-28MAR25-115000-C,96607.35,sell,0.1,0.1,,
728,338264079,2025-01-02 10:33:45,0,0.0685,0.067864,63.74,BTC-28MAR25-115000-C,96547.74,buy,7.1,7.1,,
729,338268649,2025-01-02 11:20:48,1,0.0685,0.06871498,63.63,BTC-28MAR25-115000-C,96585.41,sell,0.1,0.1,,
730,338268650,2025-01-02 11:20:48,1,0.0685,0.06871498,63.63,BTC-28MAR25-115000-C,96585.41,sell,0.1,0.1,,
731,338268651,2025-01-02 11:20:48,1,0.0685,0.06871498,63.63,BTC-28MAR25-115000-C,96585.41,sell,0.1,0.1,,
732,338268652,2025-01-02 11:20:48,1,0.0685,0.06871498,63.63,BTC-28MAR25-115000-C,96585.41,sell,0.1,0.1,,
733,338269139,2025-01-02 11:24:31,2,0.068,0.06822143,63.61,BTC-28MAR25-115000-C,96460.99,sell,0.1,0.1,,
734,338270544,2025-01-02 11:37:57,3,0.068,0.06823507,63.47,BTC-28MAR25-115000-C,96512.79,buy,4.0,4.0,,
735,338272854,2025-01-02 11:56:14,0,0.0685,0.06817497,63.66,BTC-28MAR25-115000-C,96561.96,buy,0.5,0.5,,
736,338274209,2025-01-02 12:03:12,2,0.0684,0.06851505,63.5,BTC-28MAR25-115000-C,96631.66,sell,68.0,68.0,,175530
737,338274737,2025-01-02 12:08:38,2,0.0682,0.06848042,63.45,BTC-28MAR25-115000-C,96604.74,sell,42.0,42.0,,175536
738,338275269,2025-01-02 12:12:27,0,0.0687,0.0689539,63.54,BTC-28MAR25-115000-C,96720.49,sell,10.0,10.0,,175544
739,338275484,2025-01-02 12:14:12,1,0.0687,0.06898684,63.51,BTC-28MAR25-115000-C,96717.16,sell,10.0,10.0,,175545
740,338276846,2025-01-02 12:20:18,0,0.069,0.06893399,63.78,BTC-28MAR25-115000-C,96675.88,sell,0.1,0.1,,
741,338276847,2025-01-02 12:20:18,1,0.069,0.06893399,63.78,BTC-28MAR25-115000-C,96675.88,sell,0.1,0.1,,
742,338282736,2025-01-02 13:13:46,2,0.0685,0.06864896,63.53,BTC-28MAR25-115000-C,96728.89,sell,0.1,0.1,,
743,338285958,2025-01-02 13:52:35,2,0.067,0.06738018,63.18,BTC-28MAR25-115000-C,96485.33,buy,7.2,7.2,,
744,338285959,2025-01-02 13:52:35,3,0.067,0.06738018,63.18,BTC-28MAR25-115000-C,96485.33,buy,0.1,0.1,,
745,338285961,2025-01-02 13:52:35,3,0.067,0.06738018,63.18,BTC-28MAR25-115000-C,96485.33,buy,0.2,0.2,,
746,338285964,2025-01-02 13:52:36,3,0.067,0.06737795,63.19,BTC-28MAR25-115000-C,96480.7,buy,2.5,2.5,,
747,338296563,2025-01-02 14:33:20,0,0.068,0.06777271,63.39,BTC-28MAR25-115000-C,96687.35,sell,0.1,0.1,,
748,338296743,2025-01-02 14:33:41,1,0.068,0.06766667,63.41,BTC-28MAR25-115000-C,96671.07,sell,0.1,0.1,,
749,338297723,2025-01-02 14:35:24,2,0.0675,0.06710199,63.5,BTC-28MAR25-115000-C,96473.57,sell,0.1,0.1,,
750,338302823,2025-01-02 14:48:18,0,0.069,0.06879385,63.55,BTC-28MAR25-115000-C,96915.18,sell,0.1,0.1,,
751,338308282,2025-01-02 15:04:14,1,0.069,0.06886138,63.43,BTC-28MAR25-115000-C,96972.8,sell,0.1,0.1,,
752,338308287,2025-01-02 15:04:17,1,0.069,0.0687561,63.49,BTC-28MAR25-115000-C,96941.24,sell,0.1,0.1,,
753,338308290,2025-01-02 15:04:17,1,0.069,0.0687561,63.49,BTC-28MAR25-115000-C,96941.24,sell,0.1,0.1,,
754,338308441,2025-01-02 15:05:11,0,0.0695,0.06904776,63.58,BTC-28MAR25-115000-C,97041.48,buy,0.3,0.3,,
755,338309020,2025-01-02 15:07:16,2,0.069,0.06887249,63.41,BTC-28MAR25-115000-C,96991.77,sell,0.1,0.1,,
756,338321176,2025-01-02 15:46:52,2,0.066,0.06590239,63.26,BTC-28MAR25-115000-C,96152.1,sell,0.1,0.1,,
757,338330576,2025-01-02 16:35:16,0,0.07,0.06985896,63.14,BTC-28MAR25-115000-C,97451.6,buy,0.1,0.1,,
758,338331616,2025-01-02 16:38:08,0,0.0705,0.06991895,63.47,BTC-28MAR25-115000-C,97416.29,buy,3.6,3.6,,
759,338332494,2025-01-02 16:41:57,2,0.07,0.06980334,63.32,BTC-28MAR25-115000-C,97333.57,sell,0.1,0.1,,
760,338337211,2025-01-02 17:01:06,2,0.069,0.06872777,63.29,BTC-28MAR25-115000-C,97055.32,buy,3.0,3.0,,
761,338338281,2025-01-02 17:10:36,3,0.069,0.06926396,63.02,BTC-28MAR25-115000-C,97177.69,sell,0.1,0.1,,
762,338340687,2025-01-02 17:25:16,3,0.069,0.06909534,63.05,BTC-28MAR25-115000-C,97176.12,sell,0.1,0.1,,
763,338341298,2025-01-02 17:29:29,2,0.0685,0.06859631,63.05,BTC-28MAR25-115000-C,97021.85,sell,0.1,0.1,,
764,338343169,2025-01-02 17:37:10,2,0.067,0.06708927,63.07,BTC-28MAR25-115000-C,96545.93,sell,0.1,0.1,,
765,338348908,2025-01-02 18:09:23,0,0.0675,0.06783313,62.77,BTC-28MAR25-115000-C,96874.75,buy,0.1,0.1,,
766,338350052,2025-01-02 18:13:13,2,0.0665,0.06719782,62.54,BTC-28MAR25-115000-C,96709.17,sell,0.1,0.1,,
767,338367346,2025-01-02 19:46:03,0,0.0695,0.06926363,62.95,BTC-28MAR25-115000-C,97348.7,sell,0.1,0.1,,
768,338368453,2025-01-02 19:53:34,0,0.07,0.06972253,63.0,BTC-28MAR25-115000-C,97473.2,sell,0.1,0.1,,
769,338370640,2025-01-02 20:12:51,0,0.0705,0.07019662,63.04,BTC-28MAR25-115000-C,97603.8,buy,0.5,0.5,,
770,338373444,2025-01-02 20:27:45,2,0.07,0.07009059,62.82,BTC-28MAR25-115000-C,97589.26,buy,0.5,0.5,,
771,338382743,2025-01-02 22:23:14,2,0.0665,0.06658632,62.52,BTC-28MAR25-115000-C,96681.92,sell,0.1,0.1,,
772,338399100,2025-01-03 03:38:11,0,0.067,0.06733007,62.53,BTC-28MAR25-115000-C,96876.0,buy,0.5,0.5,,
773,338408784,2025-01-03 06:28:15,2,0.0655,0.06588437,62.27,BTC-28MAR25-115000-C,96614.03,buy,0.6,0.6,,
774,338408785,2025-01-03 06:28:15,3,0.0655,0.06588437,62.27,BTC-28MAR25-115000-C,96614.03,buy,0.1,0.1,,
775,338408845,2025-01-03 06:29:03,3,0.0655,0.06570019,62.28,BTC-28MAR25-115000-C,96607.93,buy,0.5,0.5,,
776,338408846,2025-01-03 06:29:03,3,0.0655,0.06570019,62.28,BTC-28MAR25-115000-C,96607.93,buy,6.7,6.7,,
777,338428023,2025-01-03 08:06:37,0,0.066,0.06538565,63.01,BTC-28MAR25-115000-C,96330.81,buy,0.2,0.2,,
778,338435192,2025-01-03 09:13:45,2,0.065,0.06448697,62.81,BTC-28MAR25-115000-C,96156.95,buy,0.2,0.2,,
779,338437388,2025-01-03 09:23:30,0,0.066,0.06587221,62.85,BTC-28MAR25-115000-C,96409.44,sell,0.4,0.4,,
780,338452463,2025-01-03 13:15:20,2,0.0655,0.06469987,62.6,BTC-28MAR25-115000-C,96526.19,buy,5.0,5.0,,
781,338452464,2025-01-03 13:15:20,3,0.0655,0.06469987,62.6,BTC-28MAR25-115000-C,96526.19,buy,0.1,0.1,,
782,338452465,2025-01-03 13:15:20,3,0.0655,0.06469987,62.6,BTC-28MAR25-115000-C,96526.19,buy,4.9,4.9,,
783,338452571,2025-01-03 13:15:57,3,0.0655,0.06463068,62.69,BTC-28MAR25-115000-C,96475.78,buy,0.4,0.4,,
784,338452572,2025-01-03 13:15:57,3,0.0655,0.06463068,62.69,BTC-28MAR25-115000-C,96475.78,buy,0.6,0.6,,
785,338452573,2025-01-03 13:15:57,3,0.0655,0.06463068,62.69,BTC-28MAR25-115000-C,96475.78,buy,7.0,7.0,,
786,338452574,2025-01-03 13:15:57,3,0.0655,0.06463068,62.69,BTC-28MAR25-115000-C,96475.78,buy,2.0,2.0,,
787,338453303,2025-01-03 13:21:15,0,0.066,0.06561381,62.77,BTC-28MAR25-115000-C,96553.98,buy,5.0,5.0,,
788,338453324,2025-01-03 13:21:26,0,0.0665,0.06551134,63.1,BTC-28MAR25-115000-C,96521.51,buy,7.2,7.2,,
789,338453325,2025-01-03 13:21:26,1,0.0665,0.06551134,63.1,BTC-28MAR25-115000-C,96521.51,buy,2.8,2.8,,
790,338453335,2025-01-03 13:21:28,1,0.0665,0.0655143,63.1,BTC-28MAR25-115000-C,96521.32,buy,6.2,6.2,,
791,338453336,2025-01-03 13:21:28,1,0.0665,0.0655143,63.1,BTC-28MAR25-115000-C,96521.32,buy,3.8,3.8,,
792,338453341,2025-01-03 13:21:29,1,0.0665,0.06552378,63.11,BTC-28MAR25-115000-C,96518.14,buy,0.7,0.7,,
793,338453342,2025-01-03 13:21:29,1,0.0665,0.06552378,63.11,BTC-28MAR25-115000-C,96518.14,buy,9.3,9.3,,
794,338453346,2025-01-03 13:21:31,1,0.0665,0.06551441,63.12,BTC-28MAR25-115000-C,96509.59,buy,10.0,10.0,,
795,338453394,2025-01-03 13:21:40,2,0.066,0.06546629,62.9,BTC-28MAR25-115000-C,96484.88,sell,0.4,0.4,,
796,338453408,2025-01-03 13:21:40,3,0.066,0.06545345,62.88,BTC-28MAR25-115000-C,96492.13,sell,1.6,1.6,,
797,338453427,2025-01-03 13:21:44,2,0.0655,0.06553355,62.57,BTC-28MAR25-115000-C,96511.91,sell,0.4,0.4,,
798,338453428,2025-01-03 13:21:44,3,0.0655,0.06553355,62.57,BTC-28MAR25-115000-C,96511.91,sell,7.0,7.0,,
799,338453429,2025-01-03 13:21:44,3,0.0655,0.06553355,62.57,BTC-28MAR25-115000-C,96511.91,sell,2.6,2.6,,
800,338453866,2025-01-03 13:26:43,0,0.066,0.06583514,62.76,BTC-28MAR25-115000-C,96551.87,buy,0.1,0.1,,
801,338453888,2025-01-03 13:27:05,0,0.067,0.06590312,63.3,BTC-28MAR25-115000-C,96557.52,buy,0.3,0.3,,
802,338453889,2025-01-03 13:27:05,1,0.067,0.06590312,63.3,BTC-28MAR25-115000-C,96557.52,buy,9.7,9.7,,
803,338453892,2025-01-03 13:27:07,1,0.067,0.06590327,63.3,BTC-28MAR25-115000-C,96555.51,buy,0.3,0.3,,
804,338453893,2025-01-03 13:27:07,1,0.067,0.06590327,63.3,BTC-28MAR25-115000-C,96555.51,buy,2.4,2.4,,
805,338453894,2025-01-03 13:27:07,1,0.067,0.06590327,63.3,BTC-28MAR25-115000-C,96555.51,buy,7.3,7.3,,
806,338453914,2025-01-03 13:27:08,1,0.067,0.06590866,63.3,BTC-28MAR25-115000-C,96557.06,buy,2.7,2.7,,
807,338453915,2025-01-03 13:27:08,1,0.067,0.06590866,63.3,BTC-28MAR25-115000-C,96557.06,buy,7.3,7.3,,
808,338453920,2025-01-03 13:27:10,1,0.067,0.06592772,63.3,BTC-28MAR25-115000-C,96557.33,buy,3.7,3.7,,
809,338453921,2025-01-03 13:27:10,1,0.067,0.06592772,63.3,BTC-28MAR25-115000-C,96557.33,buy,6.3,6.3,,
810,338453926,2025-01-03 13:27:12,1,0.067,0.06594528,63.32,BTC-28MAR25-115000-C,96548.05,buy,0.8,0.8,,
811,338453927,2025-01-03 13:27:12,1,0.067,0.06594528,63.32,BTC-28MAR25-115000-C,96548.05,buy,5.0,5.0,,
812,338453928,2025-01-03 13:27:12,1,0.067,0.06594528,63.32,BTC-28MAR25-115000-C,96548.05,buy,2.5,2.5,,
813,338453929,2025-01-03 13:27:12,1,0.067,0.06594528,63.32,BTC-28MAR25-115000-C,96548.05,buy,1.7,1.7,,
814,338454347,2025-01-03 13:30:38,1,0.067,0.0667319,63.36,BTC-28MAR25-115000-C,96511.21,buy,0.1,0.1,,
815,338454389,2025-01-03 13:31:13,0,0.0675,0.06677688,63.64,BTC-28MAR25-115000-C,96505.25,buy,0.1,0.1,,
816,338454390,2025-01-03 13:31:13,1,0.0675,0.06677688,63.64,BTC-28MAR25-115000-C,96505.25,sell,13.0,13.0,,
817,338454391,2025-01-03 13:31:13,1,0.0675,0.06677688,63.64,BTC-28MAR25-115000-C,96505.25,sell,11.9,11.9,,
818,338454427,2025-01-03 13:31:44,2,0.067,0.06690016,63.43,BTC-28MAR25-115000-C,96473.43,sell,0.1,0.1,,
819,338455223,2025-01-03 13:42:32,0,0.0675,0.06740555,63.66,BTC-28MAR25-115000-C,96496.84,buy,0.1,0.1,,
820,338455250,2025-01-03 13:42:38,1,0.0675,0.0675284,63.59,BTC-28MAR25-115000-C,96532.95,buy,0.1,0.1,,
821,338455870,2025-01-03 13:49:38,1,0.0675,0.06739421,63.65,BTC-28MAR25-115000-C,96512.45,buy,0.1,0.1,,
822,338455871,2025-01-03 13:49:38,0,0.068,0.06739421,63.92,BTC-28MAR25-115000-C,96512.45,buy,7.0,7.0,,
823,338455872,2025-01-03 13:49:38,1,0.068,0.06739421,63.92,BTC-28MAR25-115000-C,96512.45,buy,1.0,1.0,,
824,338455873,2025-01-03 13:49:38,1,0.068,0.06739421,63.92,BTC-28MAR25-115000-C,96512.45,buy,1.9,1.9,,
825,338455876,2025-01-03 13:49:40,1,0.068,0.06739464,63.93,BTC-28MAR25-115000-C,96509.65,buy,8.1,8.1,,
826,338455877,2025-01-03 13:49:40,1,0.068,0.06739464,63.93,BTC-28MAR25-115000-C,96509.65,buy,0.8,0.8,,
827,338455878,2025-01-03 13:49:40,1,0.068,0.06739464,63.93,BTC-28MAR25-115000-C,96509.65,buy,0.6,0.6,,
828,338455879,2025-01-03 13:49:40,1,0.068,0.06739464,63.93,BTC-28MAR25-115000-C,96509.65,buy,0.5,0.5,,
829,338455885,2025-01-03 13:49:42,1,0.068,0.06739301,63.92,BTC-28MAR25-115000-C,96513.89,buy,1.7,1.7,,
830,338455886,2025-01-03 13:49:42,1,0.068,0.06739301,63.92,BTC-28MAR25-115000-C,96513.89,buy,3.0,3.0,,
831,338455887,2025-01-03 13:49:42,1,0.068,0.06739301,63.92,BTC-28MAR25-115000-C,96513.89,buy,2.6,2.6,,
832,338455888,2025-01-03 13:49:42,1,0.068,0.06739301,63.92,BTC-28MAR25-115000-C,96513.89,buy,1.0,1.0,,
833,338455889,2025-01-03 13:49:42,1,0.068,0.06739301,63.92,BTC-28MAR25-115000-C,96513.89,buy,1.7,1.7,,
834,338455912,2025-01-03 13:49:45,1,0.068,0.06740654,63.92,BTC-28MAR25-115000-C,96512.35,buy,0.6,0.6,,
835,338455913,2025-01-03 13:49:45,1,0.068,0.06740654,63.92,BTC-28MAR25-115000-C,96512.35,buy,9.4,9.4,,
836,338455914,2025-01-03 13:49:45,2,0.0675,0.06740654,63.65,BTC-28MAR25-115000-C,96512.35,sell,0.1,0.1,,
837,338455947,2025-01-03 13:50:16,3,0.0675,0.06742014,63.64,BTC-28MAR25-115000-C,96506.6,buy,0.1,0.1,,
838,338455977,2025-01-03 13:50:19,0,0.068,0.06740939,63.92,BTC-28MAR25-115000-C,96504.48,buy,1.0,1.0,,
839,338455985,2025-01-03 13:50:20,1,0.068,0.06740939,63.92,BTC-28MAR25-115000-C,96504.48,buy,0.8,0.8,,
840,338456193,2025-01-03 13:51:13,1,0.068,0.06778838,63.91,BTC-28MAR25-115000-C,96506.33,sell,0.1,0.1,,
841,338456406,2025-01-03 13:53:14,1,0.068,0.06787293,63.94,BTC-28MAR25-115000-C,96487.99,buy,0.1,0.1,,
842,338456593,2025-01-03 13:55:43,0,0.0685,0.06790662,64.23,BTC-28MAR25-115000-C,96474.19,buy,0.2,0.2,,
843,338456594,2025-01-03 13:55:43,1,0.0685,0.06790662,64.23,BTC-28MAR25-115000-C,96474.19,buy,9.8,9.8,,
844,338456599,2025-01-03 13:55:44,1,0.0685,0.06790538,64.23,BTC-28MAR25-115000-C,96474.84,buy,0.2,0.2,,
845,338456600,2025-01-03 13:55:44,1,0.0685,0.06790538,64.23,BTC-28MAR25-115000-C,96474.84,buy,0.7,0.7,,
846,338456601,2025-01-03 13:55:44,1,0.0685,0.06790538,64.23,BTC-28MAR25-115000-C,96474.84,buy,9.1,9.1,,
847,338456604,2025-01-03 13:55:45,1,0.0685,0.0679077,64.23,BTC-28MAR25-115000-C,96474.87,buy,10.0,10.0,,
848,338456605,2025-01-03 13:55:47,1,0.0685,0.06790381,64.23,BTC-28MAR25-115000-C,96473.79,buy,9.4,9.4,,
849,338456606,2025-01-03 13:55:47,1,0.0685,0.06790381,64.23,BTC-28MAR25-115000-C,96473.79,buy,0.6,0.6,,
850,338456608,2025-01-03 13:55:48,1,0.0685,0.06790527,64.23,BTC-28MAR25-115000-C,96474.19,buy,1.1,1.1,,
851,338456609,2025-01-03 13:55:48,1,0.0685,0.06790527,64.23,BTC-28MAR25-115000-C,96474.19,sell,8.9,8.9,,
852,338456620,2025-01-03 13:55:50,1,0.0685,0.06790534,64.23,BTC-28MAR25-115000-C,96473.25,buy,0.9,0.9,,
853,338456621,2025-01-03 13:55:50,1,0.0685,0.06790534,64.23,BTC-28MAR25-115000-C,96473.25,sell,2.0,2.0,,
854,338456622,2025-01-03 13:55:50,1,0.0685,0.06790534,64.23,BTC-28MAR25-115000-C,96473.25,sell,7.1,7.1,,
855,338456639,2025-01-03 13:55:51,1,0.0685,0.06790534,64.23,BTC-28MAR25-115000-C,96473.25,sell,10.0,10.0,,
856,338456643,2025-01-03 13:55:52,1,0.0685,0.06790733,64.23,BTC-28MAR25-115000-C,96473.9,sell,7.2,7.2,,
857,338456646,2025-01-03 13:55:57,1,0.0685,0.06797825,64.23,BTC-28MAR25-115000-C,96475.19,sell,2.8,2.8,,
858,338456647,2025-01-03 13:55:57,1,0.0685,0.06797825,64.23,BTC-28MAR25-115000-C,96475.19,sell,7.2,7.2,,
859,338456648,2025-01-03 13:55:57,1,0.0685,0.06799304,64.23,BTC-28MAR25-115000-C,96473.79,sell,2.8,2.8,,
860,338456691,2025-01-03 13:56:48,0,0.069,0.06805046,64.51,BTC-28MAR25-115000-C,96467.46,buy,10.0,10.0,,
861,338456692,2025-01-03 13:56:49,1,0.069,0.06805189,64.51,BTC-28MAR25-115000-C,96467.61,buy,3.2,3.2,,
862,338456693,2025-01-03 13:56:49,1,0.069,0.06805189,64.51,BTC-28MAR25-115000-C,96467.61,buy,6.8,6.8,,
863,338456694,2025-01-03 13:56:50,1,0.069,0.06805355,64.51,BTC-28MAR25-115000-C,96465.87,buy,3.3,3.3,,
864,338456695,2025-01-03 13:56:50,1,0.069,0.06805355,64.51,BTC-28MAR25-115000-C,96465.87,buy,6.7,6.7,,
865,338456724,2025-01-03 13:56:51,1,0.069,0.06805065,64.51,BTC-28MAR25-115000-C,96467.32,buy,4.1,4.1,,
866,338456725,2025-01-03 13:56:51,1,0.069,0.06805065,64.51,BTC-28MAR25-115000-C,96467.32,buy,5.9,5.9,,
867,338456728,2025-01-03 13:56:53,1,0.069,0.06806452,64.51,BTC-28MAR25-115000-C,96467.66,buy,4.1,4.1,,
868,338456729,2025-01-03 13:56:53,1,0.069,0.06806452,64.51,BTC-28MAR25-115000-C,96467.66,buy,5.9,5.9,,
869,338456738,2025-01-03 13:56:54,1,0.069,0.06807444,64.51,BTC-28MAR25-115000-C,96467.36,buy,1.5,1.5,,
870,338456739,2025-01-03 13:56:54,1,0.069,0.06807444,64.51,BTC-28MAR25-115000-C,96467.36,buy,0.7,0.7,,
871,338456740,2025-01-03 13:56:54,1,0.069,0.06807444,64.51,BTC-28MAR25-115000-C,96467.36,sell,0.4,0.4,,
872,338456741,2025-01-03 13:56:54,1,0.069,0.06807444,64.51,BTC-28MAR25-115000-C,96467.36,sell,7.4,7.4,,
873,338456757,2025-01-03 13:56:55,1,0.069,0.06808222,64.51,BTC-28MAR25-115000-C,96468.14,buy,0.9,0.9,,
874,338456758,2025-01-03 13:56:55,1,0.069,0.06808222,64.51,BTC-28MAR25-115000-C,96468.14,buy,9.1,9.1,,
875,338456766,2025-01-03 13:56:56,1,0.069,0.06810113,64.51,BTC-28MAR25-115000-C,96468.79,buy,1.7,1.7,,
876,338456767,2025-01-03 13:56:56,1,0.069,0.06810113,64.51,BTC-28MAR25-115000-C,96468.79,buy,0.6,0.6,,
877,338456768,2025-01-03 13:56:56,1,0.069,0.06810113,64.51,BTC-28MAR25-115000-C,96468.79,sell,7.2,7.2,,
878,338456769,2025-01-03 13:56:56,1,0.069,0.06810113,64.51,BTC-28MAR25-115000-C,96468.79,sell,0.5,0.5,,
879,338456773,2025-01-03 13:56:58,1,0.069,0.06811215,64.51,BTC-28MAR25-115000-C,96469.05,sell,0.9,0.9,,
880,338456774,2025-01-03 13:56:58,1,0.069,0.06811215,64.51,BTC-28MAR25-115000-C,96469.05,sell,1.2,1.2,,
881,338456775,2025-01-03 13:56:58,1,0.069,0.06811215,64.51,BTC-28MAR25-115000-C,96469.05,sell,7.9,7.9,,
882,338456787,2025-01-03 13:56:59,1,0.069,0.06812567,64.51,BTC-28MAR25-115000-C,96468.99,buy,0.1,0.1,,
883,338456788,2025-01-03 13:56:59,1,0.069,0.06812567,64.51,BTC-28MAR25-115000-C,96468.99,sell,7.2,7.2,,
884,338456789,2025-01-03 13:56:59,1,0.069,0.06812567,64.51,BTC-28MAR25-115000-C,96468.99,sell,2.7,2.7,,
885,338456790,2025-01-03 13:57:00,1,0.069,0.06813765,64.51,BTC-28MAR25-115000-C,96469.05,sell,10.0,10.0,,
886,338456799,2025-01-03 13:57:03,1,0.069,0.06819236,64.5,BTC-28MAR25-115000-C,96470.31,sell,10.0,10.0,,
887,338456800,2025-01-03 13:57:03,1,0.069,0.06819236,64.5,BTC-28MAR25-115000-C,96470.31,sell,5.7,5.7,,
888,338456803,2025-01-03 13:57:06,1,0.069,0.06823513,64.51,BTC-28MAR25-115000-C,96469.1,sell,4.3,4.3,,
889,338456804,2025-01-03 13:57:06,1,0.069,0.06823513,64.51,BTC-28MAR25-115000-C,96469.1,sell,4.6,4.6,,
890,338456807,2025-01-03 13:57:08,1,0.069,0.06831079,64.51,BTC-28MAR25-115000-C,96468.47,sell,5.4,5.4,,
891,338456808,2025-01-03 13:57:08,1,0.069,0.06831079,64.51,BTC-28MAR25-115000-C,96468.47,sell,1.8,1.8,,
892,338456838,2025-01-03 13:57:51,1,0.069,0.06855972,64.5,BTC-28MAR25-115000-C,96474.12,sell,8.2,8.2,,
893,338456839,2025-01-03 13:57:51,1,0.069,0.06855972,64.5,BTC-28MAR25-115000-C,96474.12,sell,10.0,10.0,,
894,338457381,2025-01-03 14:02:39,0,0.07,0.06896224,64.95,BTC-28MAR25-115000-C,96515.9,buy,10.0,10.0,,
895,338457385,2025-01-03 14:02:40,1,0.07,0.06896224,64.95,BTC-28MAR25-115000-C,96515.65,buy,10.0,10.0,,
896,338457394,2025-01-03 14:02:42,1,0.07,0.06898702,64.95,BTC-28MAR25-115000-C,96515.35,buy,7.0,7.0,,
897,338457395,2025-01-03 14:02:42,1,0.07,0.06898702,64.95,BTC-28MAR25-115000-C,96515.35,buy,3.0,3.0,,
898,338457419,2025-01-03 14:02:44,1,0.07,0.06899681,64.95,BTC-28MAR25-115000-C,96515.61,buy,10.0,10.0,,
899,338457424,2025-01-03 14:02:45,1,0.07,0.06900676,64.95,BTC-28MAR25-115000-C,96515.64,buy,4.6,4.6,,
900,338457425,2025-01-03 14:02:45,1,0.07,0.06900676,64.95,BTC-28MAR25-115000-C,96515.64,buy,0.1,0.1,,
901,338457426,2025-01-03 14:02:45,1,0.07,0.06900676,64.95,BTC-28MAR25-115000-C,96515.64,buy,3.9,3.9,,
902,338457427,2025-01-03 14:02:45,1,0.07,0.06900676,64.95,BTC-28MAR25-115000-C,96515.64,buy,1.4,1.4,,
903,338457457,2025-01-03 14:02:47,1,0.07,0.0690281,64.94,BTC-28MAR25-115000-C,96520.06,buy,0.7,0.7,,
904,338457458,2025-01-03 14:02:47,1,0.07,0.0690281,64.94,BTC-28MAR25-115000-C,96520.06,buy,9.3,9.3,,
905,338457470,2025-01-03 14:02:48,1,0.07,0.0690615,64.94,BTC-28MAR25-115000-C,96520.99,buy,0.7,0.7,,
906,338457471,2025-01-03 14:02:48,1,0.07,0.0690615,64.94,BTC-28MAR25-115000-C,96520.99,buy,1.2,1.2,,
907,338457472,2025-01-03 14:02:48,1,0.07,0.0690615,64.94,BTC-28MAR25-115000-C,96520.99,sell,8.1,8.1,,
908,338457478,2025-01-03 14:02:51,1,0.07,0.06908302,64.94,BTC-28MAR25-115000-C,96520.19,buy,0.3,0.3,,
909,338457479,2025-01-03 14:02:51,1,0.07,0.06908302,64.94,BTC-28MAR25-115000-C,96520.19,sell,0.6,0.6,,
910,338457483,2025-01-03 14:02:51,1,0.07,0.06908302,64.94,BTC-28MAR25-115000-C,96520.19,sell,9.1,9.1,,
911,338457484,2025-01-03 14:02:52,1,0.07,0.06910374,64.94,BTC-28MAR25-115000-C,96520.3,buy,1.7,1.7,,
912,338457485,2025-01-03 14:02:52,1,0.07,0.06910374,64.94,BTC-28MAR25-115000-C,96520.3,sell,3.2,3.2,,
913,338457495,2025-01-03 14:02:55,1,0.07,0.06914927,64.94,BTC-28MAR25-115000-C,96520.46,sell,2.0,2.0,,
914,338457511,2025-01-03 14:03:01,1,0.07,0.06924154,64.94,BTC-28MAR25-115000-C,96520.33,sell,3.1,3.1,,
915,338457512,2025-01-03 14:03:01,1,0.07,0.06924154,64.94,BTC-28MAR25-115000-C,96520.33,sell,4.1,4.1,,
916,338457534,2025-01-03 14:03:07,1,0.07,0.06932544,64.93,BTC-28MAR25-115000-C,96521.17,sell,5.9,5.9,,
917,338457760,2025-01-03 14:04:49,2,0.0695,0.06980395,64.64,BTC-28MAR25-115000-C,96537.67,sell,1.0,1.0,,
918,338457761,2025-01-03 14:04:49,3,0.0695,0.06980395,64.64,BTC-28MAR25-115000-C,96537.67,sell,1.0,1.0,,
919,338460391,2025-01-03 14:21:17,3,0.0695,0.07005499,64.18,BTC-28MAR25-115000-C,96796.52,sell,5.0,5.0,,
920,338460392,2025-01-03 14:21:17,3,0.0695,0.07005499,64.18,BTC-28MAR25-115000-C,96796.52,buy,1.9,1.9,,
921,338460393,2025-01-03 14:21:17,3,0.0695,0.07005499,64.18,BTC-28MAR25-115000-C,96796.52,buy,0.9,0.9,,
922,338460394,2025-01-03 14:21:17,3,0.0695,0.07005499,64.18,BTC-28MAR25-115000-C,96796.52,buy,7.2,7.2,,
923,338461784,2025-01-03 14:28:24,0,0.0715,0.07083991,64.85,BTC-28MAR25-115000-C,97034.4,buy,0.1,0.1,,
924,338466454,2025-01-03 14:40:31,0,0.072,0.07255252,64.96,BTC-28MAR25-115000-C,97140.4,buy,0.3,0.3,,
925,338466456,2025-01-03 14:40:31,1,0.072,0.07255252,64.96,BTC-28MAR25-115000-C,97140.4,buy,0.2,0.2,,
926,338466457,2025-01-03 14:40:31,1,0.072,0.07255252,64.96,BTC-28MAR25-115000-C,97140.4,buy,2.5,2.5,,
927,338474419,2025-01-03 15:07:27,2,0.071,0.0713472,64.51,BTC-28MAR25-115000-C,97109.31,sell,2.7,2.7,,
928,338474420,2025-01-03 15:07:27,3,0.071,0.07135772,64.53,BTC-28MAR25-115000-C,97101.73,buy,1.8,1.8,,
929,338474421,2025-01-03 15:07:27,3,0.071,0.07135772,64.53,BTC-28MAR25-115000-C,97101.73,buy,0.2,0.2,,
930,338474422,2025-01-03 15:07:27,3,0.071,0.07135772,64.53,BTC-28MAR25-115000-C,97101.73,buy,0.3,0.3,,
931,338476055,2025-01-03 15:13:48,0,0.0715,0.07134841,64.73,BTC-28MAR25-115000-C,97117.61,buy,5.1,5.1,,
932,338476266,2025-01-03 15:14:53,1,0.0715,0.07132747,64.75,BTC-28MAR25-115000-C,97111.49,buy,5.1,5.1,,
933,338493615,2025-01-03 16:29:36,0,0.0725,0.07234479,63.91,BTC-28MAR25-115000-C,97994.83,sell,0.1,0.1,,
934,338495897,2025-01-03 16:41:49,1,0.0725,0.07259177,63.73,BTC-28MAR25-115000-C,98080.86,sell,0.1,0.1,,
935,338500595,2025-01-03 17:10:05,2,0.0715,0.07151825,63.58,BTC-28MAR25-115000-C,97876.28,sell,0.1,0.1,,
936,338500629,2025-01-03 17:10:10,3,0.0715,0.0713901,63.65,BTC-28MAR25-115000-C,97842.0,sell,0.1,0.1,,
937,338510937,2025-01-03 18:50:05,0,0.0735,0.0729649,63.55,BTC-28MAR25-115000-C,98573.89,buy,0.5,0.5,,
938,338511749,2025-01-03 18:54:33,2,0.072,0.07228998,63.08,BTC-28MAR25-115000-C,98388.33,buy,0.1,0.1,,
939,338511774,2025-01-03 18:54:33,3,0.072,0.07228998,63.08,BTC-28MAR25-115000-C,98388.33,buy,0.1,0.1,,
940,338511777,2025-01-03 18:54:33,3,0.072,0.07229243,63.08,BTC-28MAR25-115000-C,98388.04,buy,0.1,0.1,,
941,338511781,2025-01-03 18:54:40,3,0.072,0.07234084,63.05,BTC-28MAR25-115000-C,98403.91,buy,0.1,0.1,,
942,338512150,2025-01-03 18:58:57,3,0.072,0.07231924,63.01,BTC-28MAR25-115000-C,98429.89,buy,0.1,0.1,,
943,338512363,2025-01-03 19:00:03,0,0.0725,0.07245707,63.21,BTC-28MAR25-115000-C,98475.72,sell,0.2,0.2,,
944,338516294,2025-01-03 19:14:26,1,0.0725,0.07298931,62.57,BTC-28MAR25-115000-C,98803.83,buy,0.1,0.1,,
945,338555658,2025-01-04 05:32:55,2,0.0715,0.07094387,63.33,BTC-28MAR25-115000-C,98133.62,buy,7.1,7.1,,
946,338568930,2025-01-04 09:47:33,2,0.0705,0.07052231,63.59,BTC-28MAR25-115000-C,97727.68,sell,5.0,5.0,,
947,338570748,2025-01-04 10:10:47,2,0.0695,0.07015714,63.24,BTC-28MAR25-115000-C,97620.18,sell,0.1,0.1,,
948,338570751,2025-01-04 10:10:55,0,0.071,0.07016628,64.06,BTC-28MAR25-115000-C,97621.92,buy,0.1,0.1,,
949,338578250,2025-01-04 13:22:06,0,0.0715,0.07155823,64.05,BTC-28MAR25-115000-C,97804.46,buy,0.1,0.1,,
950,338583888,2025-01-04 15:18:58,0,0.0725,0.07208842,64.13,BTC-28MAR25-115000-C,98079.3,buy,0.1,0.1,,
951,338586251,2025-01-04 15:38:49,2,0.071,0.07114936,64.14,BTC-28MAR25-115000-C,97624.91,sell,0.4,0.4,,
