trade_seq,trade_id,timestamp,tick_direction,price,mark_price,iv,instrument_name,index_price,direction,amount,block_trade_id,liquidation,combo_id,combo_trade_id
1,220946025,2022-06-25 02:56:23,1,0.0925,0.10051142,68.6,BTC-30JUN23-40000-C,21161.49,sell,0.5,,,,
2,221204215,2022-06-28 18:32:50,2,0.092,0.09230059,71.67,BTC-30JUN23-40000-C,20238.92,sell,0.1,,,,
3,221291579,2022-06-29 10:54:42,2,0.09,0.08921409,71.76,BTC-30JUN23-40000-C,20065.15,buy,0.1,,,,
4,221512721,2022-06-30 23:30:57,2,0.0845,0.08469942,73.19,BTC-30JUN23-40000-C,19047.19,buy,0.1,,,,
5,221705092,2022-07-02 08:32:03,0,0.0865,0.08866068,73.65,BTC-30JUN23-40000-C,19154.32,sell,2.0,,,,
6,221754451,2022-07-03 08:36:52,2,0.0855,0.10407249,73.0,BTC-30JUN23-40000-C,19048.51,sell,0.2,,,,
7,221754719,2022-07-03 08:44:45,2,0.0835,0.10250379,72.23,BTC-30JUN23-40000-C,19033.06,sell,1.0,,,,
8,221772703,2022-07-03 16:48:36,0,0.09,0.09354918,74.64,BTC-30JUN23-40000-C,19139.29,sell,1.0,,,,
9,221836336,2022-07-04 13:16:01,0,0.094,0.09233832,74.47,BTC-30JUN23-40000-C,19717.89,sell,1.0,,,,
10,221948135,2022-07-05 06:57:48,0,0.0965,0.09582304,73.29,BTC-30JUN23-40000-C,20339.2,sell,0.1,,,,
11,222093883,2022-07-06 02:24:37,2,0.0955,0.09151386,74.45,BTC-30JUN23-40000-C,19880.61,sell,0.1,,,,
12,222319610,2022-07-08 03:19:51,0,0.113,0.10778679,73.75,BTC-30JUN23-40000-C,21979.16,buy,0.1,,,,
13,222319618,2022-07-08 03:20:31,2,0.103,0.10779093,70.93,BTC-30JUN23-40000-C,21975.63,buy,0.1,,,,
14,222319624,2022-07-08 03:21:26,0,0.105,0.10779541,71.49,BTC-30JUN23-40000-C,21975.54,buy,0.1,,,,
15,222386426,2022-07-08 15:26:02,0,0.107,0.1069212,72.38,BTC-30JUN23-40000-C,21897.9,buy,0.1,,,,
16,222405870,2022-07-08 19:47:02,2,0.105,0.10543462,71.89,BTC-30JUN23-40000-C,21829.24,sell,0.1,,,,
17,222467330,2022-07-09 15:27:28,2,0.0905,0.09581609,68.45,BTC-30JUN23-40000-C,21610.89,sell,0.1,,,,
18,222467333,2022-07-09 15:27:46,3,0.0905,0.09584575,68.43,BTC-30JUN23-40000-C,21617.15,sell,0.5,,,,
19,222992115,2022-07-14 21:12:05,2,0.0856,0.08846797,70.27,BTC-30JUN23-40000-C,20634.55,sell,15.0,44907,,,
20,222992125,2022-07-14 21:12:30,2,0.0854,0.08847273,70.2,BTC-30JUN23-40000-C,20629.47,sell,15.0,44908,,,
21,222992131,2022-07-14 21:13:38,2,0.0844,0.08849678,69.89,BTC-30JUN23-40000-C,20648.96,sell,15.0,44909,,,
22,222992136,2022-07-14 21:14:08,0,0.0898,0.08848391,71.53,BTC-30JUN23-40000-C,20649.55,sell,15.0,44910,,,
23,222992147,2022-07-14 21:15:23,2,0.0884,0.0884502,71.11,BTC-30JUN23-40000-C,20649.1,sell,50.0,44911,,,
24,222992150,2022-07-14 21:15:24,2,0.0847,0.08844902,69.98,BTC-30JUN23-40000-C,20649.1,sell,15.0,44912,,,
25,223352273,2022-07-18 14:03:42,0,0.1005,0.09987274,70.93,BTC-30JUN23-40000-C,22157.49,sell,0.1,,,,
26,223585679,2022-07-19 15:37:52,0,0.1065,0.10622696,70.56,BTC-30JUN23-40000-C,22924.76,sell,0.6,,,,
27,223676210,2022-07-19 22:22:38,0,0.1175,0.11205455,72.16,BTC-30JUN23-40000-C,23465.9,buy,0.1,,,,
28,223776481,2022-07-20 12:55:31,2,0.112,0.11303012,69.75,BTC-30JUN23-40000-C,23817.21,buy,0.2,,,,
29,223779030,2022-07-20 13:17:41,0,0.1125,0.11391279,69.78,BTC-30JUN23-40000-C,23866.18,buy,0.1,,,,
30,223811542,2022-07-20 15:44:07,0,0.1195,0.12323997,70.93,BTC-30JUN23-40000-C,24154.63,sell,0.5,,,,
31,225129646,2022-07-29 13:37:05,2,0.107,0.10681954,69.81,BTC-30JUN23-40000-C,23460.01,sell,1.0,,,,
32,225182674,2022-07-29 16:58:46,2,0.1045,0.10948332,68.12,BTC-30JUN23-40000-C,23855.25,sell,0.2,,,,
33,225701050,2022-08-03 12:23:20,0,0.114,0.10976424,72.3,BTC-30JUN23-40000-C,23562.73,buy,0.1,,,,
34,226057297,2022-08-08 15:15:37,0,0.12,0.11950293,72.83,BTC-30JUN23-40000-C,24202.34,buy,1.5,,,,
35,226119391,2022-08-09 12:28:38,2,0.1155,0.11208597,74.35,BTC-30JUN23-40000-C,23291.44,buy,0.1,,,,
36,226181499,2022-08-10 06:56:11,2,0.109,0.10705291,73.61,BTC-30JUN23-40000-C,22946.61,sell,0.1,,,,
37,226218021,2022-08-10 13:25:49,0,0.118,0.11792787,72.85,BTC-30JUN23-40000-C,24116.14,sell,2.0,,,,
38,226387196,2022-08-12 08:45:14,2,0.1055,0.10944182,69.75,BTC-30JUN23-40000-C,23966.82,sell,0.3,,,,
39,226387327,2022-08-12 08:47:54,3,0.1055,0.10949003,69.72,BTC-30JUN23-40000-C,23975.58,sell,0.1,,,,
40,226529700,2022-08-14 13:06:10,0,0.119,0.11891136,72.36,BTC-30JUN23-40000-C,24512.32,sell,0.1,,,,
41,226530418,2022-08-14 13:20:50,2,0.115,0.11889273,71.21,BTC-30JUN23-40000-C,24484.38,sell,1.0,,,,
42,226580004,2022-08-15 05:57:06,0,0.117,0.11192752,71.19,BTC-30JUN23-40000-C,24814.33,buy,4.5,,,,
43,226624981,2022-08-15 16:51:36,2,0.1095,0.10590262,70.89,BTC-30JUN23-40000-C,24201.44,buy,15.0,,,,
44,226624982,2022-08-15 16:51:36,3,0.1095,0.10590262,70.89,BTC-30JUN23-40000-C,24201.44,buy,0.5,,,,
45,226926101,2022-08-19 06:32:38,2,0.1,0.10049753,73.21,BTC-30JUN23-40000-C,22580.78,sell,1.0,,,,
46,226926102,2022-08-19 06:32:38,3,0.1,0.10049753,73.21,BTC-30JUN23-40000-C,22580.78,sell,1.9,,,,
47,226930937,2022-08-19 06:38:14,2,0.098,0.09623791,74.0,BTC-30JUN23-40000-C,22129.35,sell,1.0,,,,
48,227073489,2022-08-19 21:48:05,2,0.088,0.08802606,73.81,BTC-30JUN23-40000-C,21133.53,buy,2.6,,,,
49,227215722,2022-08-22 04:04:25,0,0.094,0.09058206,75.15,BTC-30JUN23-40000-C,21388.35,sell,1.0,,,,
50,227216206,2022-08-22 04:24:00,0,0.0945,0.09122349,75.32,BTC-30JUN23-40000-C,21412.39,sell,1.0,,,,
51,227228524,2022-08-22 08:27:01,2,0.0885,0.08957514,74.87,BTC-30JUN23-40000-C,20921.7,buy,2.3,,,,
52,227228665,2022-08-22 08:29:16,3,0.0885,0.08978322,74.83,BTC-30JUN23-40000-C,20950.07,buy,2.7,,,,
53,227262720,2022-08-22 18:10:40,0,0.095,0.09015041,76.15,BTC-30JUN23-40000-C,21182.64,buy,250.0,47671,,,
54,227503193,2022-08-26 08:02:49,2,0.087,0.08874372,73.45,BTC-30JUN23-40000-C,21436.87,sell,0.2,,,,
55,227504166,2022-08-26 08:11:02,3,0.087,0.08798403,73.44,BTC-30JUN23-40000-C,21450.2,sell,0.8,,,,
56,227504231,2022-08-26 08:12:06,2,0.085,0.08778776,72.8,BTC-30JUN23-40000-C,21449.74,sell,0.7,,,,
57,227504232,2022-08-26 08:12:06,3,0.085,0.08778776,72.8,BTC-30JUN23-40000-C,21449.74,sell,1.0,,,,
58,227504239,2022-08-26 08:12:14,0,0.086,0.08759296,73.12,BTC-30JUN23-40000-C,21449.4,buy,2.2,,,,
59,227516602,2022-08-26 11:20:14,0,0.088,0.08515264,74.56,BTC-30JUN23-40000-C,21186.15,sell,2.0,,,,
60,227518615,2022-08-26 11:40:03,2,0.086,0.0852423,74.01,BTC-30JUN23-40000-C,21168.17,sell,5.8,,,,
61,227568381,2022-08-26 15:00:33,2,0.083,0.08291533,73.23,BTC-30JUN23-40000-C,21110.07,sell,0.1,,,,
62,227568382,2022-08-26 15:00:33,3,0.083,0.08291533,73.23,BTC-30JUN23-40000-C,21110.07,sell,1.0,,,,
63,227594080,2022-08-26 16:20:30,2,0.08,0.08069289,73.8,BTC-30JUN23-40000-C,20615.89,sell,2.6,,,,
64,227598393,2022-08-26 16:48:04,0,0.0805,0.08207538,73.79,BTC-30JUN23-40000-C,20674.61,sell,0.1,,,,
65,227603110,2022-08-26 17:30:35,2,0.08,0.08151465,73.48,BTC-30JUN23-40000-C,20732.66,sell,5.7,,,,
66,227603111,2022-08-26 17:30:35,3,0.08,0.08151465,73.48,BTC-30JUN23-40000-C,20732.66,sell,0.1,,,,
67,227645955,2022-08-27 00:48:26,2,0.074,0.07411458,72.77,BTC-30JUN23-40000-C,20322.8,buy,0.5,,,,
68,227646003,2022-08-27 00:50:13,3,0.074,0.07406949,72.75,BTC-30JUN23-40000-C,20335.19,buy,0.3,,,,
69,227717425,2022-08-28 09:31:53,0,0.075,0.07497003,74.2,BTC-30JUN23-40000-C,20031.07,sell,0.7,,,,
70,227717438,2022-08-28 09:32:44,2,0.0745,0.07465752,74.04,BTC-30JUN23-40000-C,20026.58,buy,0.1,,,,
71,227717439,2022-08-28 09:32:49,3,0.0745,0.07459808,74.04,BTC-30JUN23-40000-C,20023.14,buy,0.6,,,,
72,227719111,2022-08-28 10:56:25,2,0.07,0.07278929,72.49,BTC-30JUN23-40000-C,19998.85,sell,0.1,,,,
73,227851636,2022-08-30 10:53:15,0,0.076,0.07390269,73.6,BTC-30JUN23-40000-C,20420.67,buy,0.1,,,,
74,228017138,2022-09-01 07:57:17,2,0.0715,0.07161566,73.91,BTC-30JUN23-40000-C,19889.86,sell,1.0,,,,
75,228021131,2022-09-01 09:11:36,2,0.07,0.07073695,73.31,BTC-30JUN23-40000-C,19918.0,sell,1.0,,,,
76,228029019,2022-09-01 12:23:40,0,0.073,0.0695187,74.21,BTC-30JUN23-40000-C,19967.03,buy,0.1,,,,
77,228051696,2022-09-01 16:05:06,2,0.069,0.06822588,73.37,BTC-30JUN23-40000-C,19795.88,sell,0.1,,,,
78,228051902,2022-09-01 16:09:02,3,0.069,0.06853112,73.27,BTC-30JUN23-40000-C,19815.52,sell,0.6,,,,
79,228061178,2022-09-01 17:29:24,3,0.069,0.0692924,72.99,BTC-30JUN23-40000-C,19889.07,sell,0.1,,,,
80,228061277,2022-09-01 17:30:07,3,0.069,0.06934242,72.97,BTC-30JUN23-40000-C,19898.07,sell,0.1,,,,
81,228068326,2022-09-01 19:02:26,2,0.0685,0.0688625,73.06,BTC-30JUN23-40000-C,19820.63,sell,0.1,,,,
82,228068458,2022-09-01 19:03:16,3,0.0685,0.06885895,73.06,BTC-30JUN23-40000-C,19813.65,sell,0.1,,,,
83,228070451,2022-09-01 19:51:48,3,0.0685,0.068192,73.1,BTC-30JUN23-40000-C,19833.84,sell,0.1,,,,
84,228083429,2022-09-02 00:48:04,2,0.0675,0.06816416,72.04,BTC-30JUN23-40000-C,20060.95,buy,0.1,,,,
85,228102821,2022-09-02 08:19:09,3,0.0675,0.06912457,71.99,BTC-30JUN23-40000-C,20102.91,sell,0.1,,,,
86,228102822,2022-09-02 08:19:09,3,0.0675,0.06912457,71.99,BTC-30JUN23-40000-C,20102.91,sell,0.1,,,,
87,228140426,2022-09-02 15:47:37,0,0.07,0.06951391,72.17,BTC-30JUN23-40000-C,20327.64,sell,0.1,,,,
88,228148219,2022-09-02 17:02:31,2,0.068,0.06828549,72.24,BTC-30JUN23-40000-C,20069.08,sell,0.1,,,,
89,228150972,2022-09-02 17:23:21,2,0.0675,0.06696712,72.4,BTC-30JUN23-40000-C,19955.09,sell,0.2,,,,
90,228150973,2022-09-02 17:23:21,3,0.0675,0.06696712,72.4,BTC-30JUN23-40000-C,19955.09,sell,0.1,,,,
91,228150974,2022-09-02 17:23:21,3,0.0675,0.06696712,72.4,BTC-30JUN23-40000-C,19955.09,sell,0.1,,,,
92,228173715,2022-09-02 22:35:36,2,0.067,0.06788492,72.39,BTC-30JUN23-40000-C,19896.91,sell,0.1,,,,
93,228173716,2022-09-02 22:35:36,3,0.067,0.06788492,72.39,BTC-30JUN23-40000-C,19896.91,sell,0.2,,,,
94,228181400,2022-09-03 03:26:52,0,0.068,0.06820173,72.8,BTC-30JUN23-40000-C,19918.21,buy,0.1,,,,
95,228185331,2022-09-03 07:29:28,1,0.068,0.06835638,72.86,BTC-30JUN23-40000-C,19894.53,sell,0.2,,,,
96,228185738,2022-09-03 07:41:16,2,0.067,0.06834347,72.57,BTC-30JUN23-40000-C,19877.71,sell,0.5,,,,
97,228186096,2022-09-03 07:48:24,3,0.067,0.06703878,72.7,BTC-30JUN23-40000-C,19835.73,sell,0.1,,,,
98,228187270,2022-09-03 07:56:18,3,0.067,0.06703202,72.85,BTC-30JUN23-40000-C,19786.2,sell,0.1,,,,
99,228187996,2022-09-03 08:06:47,3,0.067,0.06861479,72.78,BTC-30JUN23-40000-C,19825.9,sell,0.2,,,,
100,228189063,2022-09-03 08:34:09,2,0.0665,0.06788492,72.53,BTC-30JUN23-40000-C,19825.81,sell,0.2,,,,
101,228189064,2022-09-03 08:34:09,3,0.0665,0.06788492,72.53,BTC-30JUN23-40000-C,19825.81,sell,0.1,,,,
102,228206139,2022-09-04 01:07:26,0,0.072,0.07563198,74.63,BTC-30JUN23-40000-C,19796.54,sell,0.1,,,,
103,228206148,2022-09-04 01:07:35,2,0.071,0.07552219,74.28,BTC-30JUN23-40000-C,19796.34,sell,0.1,,,,
104,228206149,2022-09-04 01:07:40,2,0.07,0.0754342,73.92,BTC-30JUN23-40000-C,19796.04,sell,0.1,,,,
105,228206156,2022-09-04 01:08:05,2,0.0695,0.07507575,73.74,BTC-30JUN23-40000-C,19796.14,buy,0.1,,,,
106,228206157,2022-09-04 01:08:15,3,0.0695,0.07492931,73.74,BTC-30JUN23-40000-C,19796.14,buy,0.1,,,,
107,228211917,2022-09-04 07:11:29,2,0.068,0.06796363,73.66,BTC-30JUN23-40000-C,19704.61,sell,0.1,,,,
108,228211934,2022-09-04 07:12:59,2,0.0675,0.0677279,73.53,BTC-30JUN23-40000-C,19693.06,buy,0.9,,,,
109,228213612,2022-09-04 07:58:17,2,0.067,0.06742123,73.45,BTC-30JUN23-40000-C,19647.66,sell,0.2,,,,
110,228225590,2022-09-04 13:58:44,2,0.0665,0.0694587,73.07,BTC-30JUN23-40000-C,19694.44,sell,0.2,,,,
111,228254096,2022-09-05 07:40:04,0,0.0675,0.06713911,73.47,BTC-30JUN23-40000-C,19718.55,sell,1.0,,,,
112,228254277,2022-09-05 07:44:57,2,0.066,0.06711236,72.86,BTC-30JUN23-40000-C,19737.62,sell,0.2,,,,
113,228254278,2022-09-05 07:44:57,3,0.066,0.06711236,72.86,BTC-30JUN23-40000-C,19737.62,sell,0.2,,,,
114,228254279,2022-09-05 07:44:57,3,0.066,0.06711236,72.86,BTC-30JUN23-40000-C,19737.62,sell,0.2,,,,
115,228254280,2022-09-05 07:44:57,3,0.066,0.06711236,72.86,BTC-30JUN23-40000-C,19737.62,sell,0.1,,,,
116,228282330,2022-09-05 20:56:16,0,0.0695,0.06719883,74.21,BTC-30JUN23-40000-C,19743.24,buy,0.1,,,,
117,228369415,2022-09-06 16:23:42,2,0.067,0.06664892,73.38,BTC-30JUN23-40000-C,19734.06,sell,0.7,,,,
118,228375835,2022-09-06 17:05:35,2,0.0655,0.06537233,73.41,BTC-30JUN23-40000-C,19529.28,sell,0.6,,,,
119,228376231,2022-09-06 17:05:38,2,0.065,0.06442748,73.51,BTC-30JUN23-40000-C,19439.44,sell,1.0,,,,
120,228376232,2022-09-06 17:05:38,3,0.065,0.06442748,73.51,BTC-30JUN23-40000-C,19439.44,sell,0.2,,,,
121,228376233,2022-09-06 17:05:38,3,0.065,0.06442748,73.51,BTC-30JUN23-40000-C,19439.44,sell,0.1,,,,
122,228376234,2022-09-06 17:05:38,3,0.065,0.06442748,73.51,BTC-30JUN23-40000-C,19439.44,sell,0.1,,,,
123,228377176,2022-09-06 17:05:46,2,0.064,0.06342117,73.54,BTC-30JUN23-40000-C,19313.6,sell,0.1,,,,
124,228450719,2022-09-07 01:46:19,2,0.0625,0.06217607,74.63,BTC-30JUN23-40000-C,18803.76,sell,0.1,,,,
125,228450725,2022-09-07 01:46:53,0,0.063,0.06216397,74.82,BTC-30JUN23-40000-C,18804.94,sell,0.2,,,,
126,228455040,2022-09-07 02:34:37,2,0.06,0.06187172,74.2,BTC-30JUN23-40000-C,18634.77,buy,0.5,,,,
127,228468810,2022-09-07 07:57:18,0,0.063,0.06212134,74.95,BTC-30JUN23-40000-C,18804.9,sell,1.0,,,,
128,228469069,2022-09-07 08:01:15,2,0.0625,0.06191181,74.71,BTC-30JUN23-40000-C,18809.7,sell,1.0,,,,
129,228516092,2022-09-08 00:20:25,3,0.0625,0.06495701,73.07,BTC-30JUN23-40000-C,19361.64,sell,1.5,,,,
130,228542695,2022-09-08 12:45:12,2,0.062,0.06209966,73.62,BTC-30JUN23-40000-C,19116.91,sell,0.1,,,,
131,228669186,2022-09-09 09:08:17,0,0.073,0.07268622,72.98,BTC-30JUN23-40000-C,20673.28,sell,0.3,,,,
132,228690775,2022-09-09 13:46:10,0,0.0736,0.07462628,72.21,BTC-30JUN23-40000-C,20994.24,sell,5.0,48868,,,
133,228690830,2022-09-09 13:47:03,0,0.075,0.07466652,72.67,BTC-30JUN23-40000-C,21000.74,sell,5.0,48869,,,
134,228690925,2022-09-09 13:48:04,2,0.0746,0.07497863,72.47,BTC-30JUN23-40000-C,21022.73,sell,5.0,48870,,,
135,228691157,2022-09-09 13:49:45,0,0.0771,0.07485569,73.41,BTC-30JUN23-40000-C,20991.93,sell,5.0,48871,,,
136,228691296,2022-09-09 13:50:37,1,0.0771,0.0748091,73.44,BTC-30JUN23-40000-C,20978.44,sell,5.0,48872,,,
137,228712548,2022-09-09 17:40:17,2,0.077,0.0764219,72.7,BTC-30JUN23-40000-C,21250.11,sell,0.1,,,,
138,228716910,2022-09-09 18:57:51,0,0.078,0.07551832,73.31,BTC-30JUN23-40000-C,21164.22,buy,500.0,48917,,,
139,228770192,2022-09-10 17:23:07,0,0.0875,0.08875276,76.09,BTC-30JUN23-40000-C,21350.89,sell,1.0,,,,
140,228792767,2022-09-11 00:40:20,0,0.088,0.09018831,75.48,BTC-30JUN23-40000-C,21587.46,sell,0.1,,,,
141,228864695,2022-09-12 07:13:25,2,0.0845,0.08407089,73.69,BTC-30JUN23-40000-C,21865.15,buy,1.0,,,,
142,228874521,2022-09-12 08:12:54,0,0.0865,0.08360864,73.09,BTC-30JUN23-40000-C,22275.03,buy,1.0,,,,
143,228874631,2022-09-12 08:14:36,0,0.0875,0.08423679,73.49,BTC-30JUN23-40000-C,22236.03,sell,1.0,,,,
144,228889705,2022-09-12 12:14:46,2,0.087,0.08726424,73.07,BTC-30JUN23-40000-C,22332.02,buy,1.0,,,,
145,228891432,2022-09-12 12:40:32,0,0.0885,0.08833923,73.39,BTC-30JUN23-40000-C,22374.69,sell,1.0,,,,
146,228898278,2022-09-12 14:26:55,2,0.0855,0.08832479,72.23,BTC-30JUN23-40000-C,22430.22,sell,1.1,,,,
147,228902653,2022-09-12 15:26:16,0,0.089,0.08716773,73.77,BTC-30JUN23-40000-C,22305.92,sell,9.3,,,,
148,228902656,2022-09-12 15:26:26,1,0.089,0.08711941,73.79,BTC-30JUN23-40000-C,22305.71,sell,9.3,,,,
149,228902659,2022-09-12 15:26:38,1,0.089,0.08706465,73.8,BTC-30JUN23-40000-C,22300.97,sell,9.3,,,,
150,228902690,2022-09-12 15:27:30,0,0.0903,0.08718667,74.2,BTC-30JUN23-40000-C,22313.62,buy,500.0,49044,,,
151,228923258,2022-09-12 19:14:04,0,0.091,0.09024852,74.0,BTC-30JUN23-40000-C,22436.7,sell,1.0,,,,
152,229061687,2022-09-13 15:24:44,2,0.0785,0.07841123,74.79,BTC-30JUN23-40000-C,20870.24,buy,5.8,,,,
153,229087202,2022-09-13 19:11:52,2,0.075,0.07402893,76.01,BTC-30JUN23-40000-C,20070.68,sell,1.0,,,,
154,229102936,2022-09-13 21:42:31,2,0.0745,0.0743276,76.06,BTC-30JUN23-40000-C,20026.43,sell,1.0,,,,
155,229103543,2022-09-13 21:42:54,2,0.074,0.07357263,76.1,BTC-30JUN23-40000-C,19962.98,sell,1.0,,,,
156,229127937,2022-09-14 07:26:16,2,0.073,0.07298787,74.83,BTC-30JUN23-40000-C,20254.0,sell,0.2,,,,
157,229136894,2022-09-14 09:36:44,2,0.071,0.07320003,73.83,BTC-30JUN23-40000-C,20352.12,sell,0.4,,,,
158,229170428,2022-09-14 18:13:46,2,0.07,0.06987232,75.18,BTC-30JUN23-40000-C,19813.65,sell,0.2,,,,
159,229170429,2022-09-14 18:13:46,3,0.07,0.06987232,75.18,BTC-30JUN23-40000-C,19813.65,sell,0.1,,,,
160,229180821,2022-09-14 19:27:53,2,0.0695,0.0694288,75.15,BTC-30JUN23-40000-C,19783.63,sell,0.1,,,,
161,229181098,2022-09-14 19:31:22,2,0.069,0.06946145,74.89,BTC-30JUN23-40000-C,19813.86,sell,0.2,,,,
162,229181099,2022-09-14 19:31:22,3,0.069,0.06946145,74.89,BTC-30JUN23-40000-C,19813.86,sell,0.1,,,,
163,229182177,2022-09-14 19:55:05,3,0.069,0.07000129,74.38,BTC-30JUN23-40000-C,19983.1,buy,0.1,,,,
164,229182391,2022-09-14 19:59:02,3,0.069,0.06984693,74.39,BTC-30JUN23-40000-C,19967.26,buy,0.1,,,,
165,229199262,2022-09-15 03:00:34,0,0.07,0.07151716,74.36,BTC-30JUN23-40000-C,20098.7,sell,0.1,,,,
166,229199263,2022-09-15 03:00:34,1,0.07,0.07151716,74.36,BTC-30JUN23-40000-C,20098.7,buy,4.9,,,,
167,229212590,2022-09-15 06:57:03,2,0.069,0.06906918,74.13,BTC-30JUN23-40000-C,20052.59,sell,0.1,,,,
168,229248237,2022-09-15 14:40:51,2,0.068,0.06757136,74.54,BTC-30JUN23-40000-C,19788.0,sell,0.1,,,,
169,229248238,2022-09-15 14:40:51,3,0.068,0.06757136,74.54,BTC-30JUN23-40000-C,19788.0,sell,1.0,,,,
170,229250291,2022-09-15 14:53:05,2,0.0675,0.06670054,74.76,BTC-30JUN23-40000-C,19661.87,sell,0.1,,,,
171,229250292,2022-09-15 14:53:05,3,0.0675,0.06670054,74.76,BTC-30JUN23-40000-C,19661.87,sell,0.2,,,,
172,229254527,2022-09-15 15:16:14,2,0.067,0.06624844,74.97,BTC-30JUN23-40000-C,19563.73,sell,0.1,,,,
173,229272484,2022-09-15 21:47:31,0,0.068,0.07069351,74.65,BTC-30JUN23-40000-C,19810.92,sell,1.5,,,,
174,229282758,2022-09-16 02:46:25,2,0.0655,0.06562886,74.06,BTC-30JUN23-40000-C,19699.51,sell,0.1,,,,
175,229285010,2022-09-16 04:27:04,0,0.0665,0.06587168,74.1,BTC-30JUN23-40000-C,19804.14,sell,1.0,,,,
176,229297125,2022-09-16 08:39:34,2,0.065,0.06661104,74.14,BTC-30JUN23-40000-C,19642.59,sell,0.3,,,,
177,229297126,2022-09-16 08:39:34,3,0.065,0.06661104,74.14,BTC-30JUN23-40000-C,19642.59,sell,0.1,,,,
178,229306937,2022-09-16 12:20:33,2,0.064,0.06425648,73.12,BTC-30JUN23-40000-C,19820.12,sell,0.2,,,,
179,229390916,2022-09-18 05:45:43,2,0.0635,0.0626828,72.39,BTC-30JUN23-40000-C,20051.08,sell,1.0,,,,
180,229439245,2022-09-19 02:16:49,2,0.059,0.05804888,73.79,BTC-30JUN23-40000-C,19135.96,sell,0.2,,,,
181,229449579,2022-09-19 02:27:55,2,0.058,0.05734318,74.42,BTC-30JUN23-40000-C,18782.21,sell,0.2,,,,
182,229449580,2022-09-19 02:27:55,3,0.058,0.05734318,74.42,BTC-30JUN23-40000-C,18782.21,sell,0.1,,,,
183,229468330,2022-09-19 05:58:55,2,0.057,0.05576661,75.02,BTC-30JUN23-40000-C,18488.89,sell,0.2,,,,
184,229474706,2022-09-19 06:17:31,2,0.056,0.0565025,74.79,BTC-30JUN23-40000-C,18425.92,sell,0.2,,,,
185,229478655,2022-09-19 06:44:53,2,0.055,0.05534222,74.84,BTC-30JUN23-40000-C,18291.31,sell,7.4,,,,
186,229493759,2022-09-19 09:08:05,3,0.055,0.05514573,74.47,BTC-30JUN23-40000-C,18422.19,buy,0.1,,,,
187,229629855,2022-09-20 13:42:06,3,0.055,0.05512601,73.32,BTC-30JUN23-40000-C,18784.37,sell,18.1,,,,
188,229839910,2022-09-21 21:42:05,2,0.054,0.05551191,74.12,BTC-30JUN23-40000-C,18516.95,sell,0.1,,,,
189,229839911,2022-09-21 21:42:05,3,0.054,0.05551191,74.12,BTC-30JUN23-40000-C,18516.95,sell,0.2,,,,
190,229859447,2022-09-22 01:05:10,0,0.055,0.05289353,74.89,BTC-30JUN23-40000-C,18408.32,sell,0.5,,,,
191,229984774,2022-09-23 08:18:48,1,0.055,0.05536926,72.64,BTC-30JUN23-40000-C,19167.47,sell,0.4,,,,
192,229992342,2022-09-23 09:16:00,2,0.0515,0.0531308,71.44,BTC-30JUN23-40000-C,19120.71,buy,1.0,,,,
193,230135272,2022-09-25 09:29:19,0,0.055,0.0544711,73.23,BTC-30JUN23-40000-C,19070.52,sell,1.0,,,,
194,230157468,2022-09-25 18:33:28,2,0.05,0.04967334,71.53,BTC-30JUN23-40000-C,18979.78,buy,2.0,,,,
195,230191718,2022-09-26 03:02:38,0,0.0505,0.04974168,72.2,BTC-30JUN23-40000-C,18834.24,buy,0.7,,,,
196,230223753,2022-09-26 10:14:04,2,0.0485,0.04788865,70.74,BTC-30JUN23-40000-C,19050.2,buy,0.1,,,,
197,230223755,2022-09-26 10:14:07,3,0.0485,0.04786328,70.75,BTC-30JUN23-40000-C,19045.82,buy,0.1,,,,
198,230223794,2022-09-26 10:15:03,3,0.0485,0.04800582,70.69,BTC-30JUN23-40000-C,19071.44,buy,2.0,,,,
199,230223826,2022-09-26 10:16:01,3,0.0485,0.04799159,70.7,BTC-30JUN23-40000-C,19074.74,buy,2.0,,,,
200,230233638,2022-09-26 12:23:12,2,0.0475,0.04749537,70.8,BTC-30JUN23-40000-C,18889.58,sell,0.1,,,,
201,230233639,2022-09-26 12:23:12,3,0.0475,0.04749537,70.8,BTC-30JUN23-40000-C,18889.58,buy,0.9,,,,
202,230258879,2022-09-26 18:03:06,0,0.05,0.05352231,71.14,BTC-30JUN23-40000-C,19160.39,sell,50.0,50375,,BTC-CS-30JUN23-16000_40000,
203,230313454,2022-09-27 04:38:45,0,0.061,0.06264949,72.82,BTC-30JUN23-40000-C,20044.57,buy,13.0,,,,
204,230316857,2022-09-27 05:17:48,2,0.0605,0.06245438,72.79,BTC-30JUN23-40000-C,19974.81,sell,13.0,,,,
205,230338165,2022-09-27 09:29:13,2,0.059,0.06042016,71.81,BTC-30JUN23-40000-C,20109.37,buy,0.1,,,,
206,230449229,2022-09-28 02:52:20,2,0.0545,0.0529991,74.76,BTC-30JUN23-40000-C,18645.14,sell,0.4,,,,
207,230455004,2022-09-28 03:38:57,2,0.054,0.05445515,74.23,BTC-30JUN23-40000-C,18716.92,buy,0.1,,,,
208,230487072,2022-09-28 10:03:44,0,0.0565,0.05497792,75.33,BTC-30JUN23-40000-C,18742.81,sell,0.2,,,,
209,230537324,2022-09-28 15:15:18,0,0.0575,0.05880762,73.57,BTC-30JUN23-40000-C,19407.52,sell,5.0,,,,
210,230540342,2022-09-28 15:31:07,2,0.056,0.05743662,72.97,BTC-30JUN23-40000-C,19402.49,sell,2.0,,,,
211,230624865,2022-09-29 11:58:52,0,0.057,0.05713897,73.32,BTC-30JUN23-40000-C,19476.38,sell,0.1,,,,
212,230629564,2022-09-29 12:36:19,2,0.0565,0.0552828,74.1,BTC-30JUN23-40000-C,19158.89,sell,0.5,,,,
213,230828943,2022-09-30 19:32:52,2,0.0505,0.05123728,69.94,BTC-30JUN23-40000-C,19714.83,buy,2.5,,,,
214,230854660,2022-10-01 02:37:15,2,0.05,0.05102088,70.63,BTC-30JUN23-40000-C,19422.16,sell,0.1,,,,
215,230857048,2022-10-01 04:35:29,3,0.05,0.05086862,70.7,BTC-30JUN23-40000-C,19412.73,sell,3.2,,,,
216,230860928,2022-10-01 06:57:57,0,0.051,0.05068811,71.45,BTC-30JUN23-40000-C,19291.28,sell,0.3,,,,
217,230868099,2022-10-01 10:25:30,0,0.052,0.05220048,71.84,BTC-30JUN23-40000-C,19330.62,sell,3.0,,,,
218,230884274,2022-10-01 20:06:42,0,0.0585,0.05846371,74.75,BTC-30JUN23-40000-C,19230.52,sell,0.1,,,,
219,230891769,2022-10-02 03:03:15,2,0.05,0.05120523,71.06,BTC-30JUN23-40000-C,19310.75,sell,2.9,,,,
220,230893416,2022-10-02 04:52:12,0,0.052,0.05124115,71.89,BTC-30JUN23-40000-C,19330.73,sell,0.9,,,,
221,230917220,2022-10-02 15:06:15,2,0.05,0.05128273,71.73,BTC-30JUN23-40000-C,19128.66,sell,25.0,,,,
222,230965017,2022-10-03 05:00:18,0,0.0515,0.05102864,72.6,BTC-30JUN23-40000-C,19083.03,buy,3.5,,,,
223,230965018,2022-10-03 05:00:18,1,0.0515,0.05102864,72.6,BTC-30JUN23-40000-C,19083.03,buy,0.1,,,,
224,230965019,2022-10-03 05:00:18,1,0.0515,0.05102864,72.6,BTC-30JUN23-40000-C,19083.03,buy,1.3,,,,
225,230965379,2022-10-03 05:07:01,1,0.0515,0.0510264,72.62,BTC-30JUN23-40000-C,19082.2,buy,2.1,,,,
226,230965993,2022-10-03 05:15:45,1,0.0515,0.05098277,72.62,BTC-30JUN23-40000-C,19082.52,buy,2.1,,,,
227,230965994,2022-10-03 05:15:45,1,0.0515,0.05098277,72.62,BTC-30JUN23-40000-C,19082.52,buy,0.1,,,,
228,230967558,2022-10-03 05:45:14,0,0.052,0.05212483,72.62,BTC-30JUN23-40000-C,19164.81,buy,0.8,,,,
229,230967559,2022-10-03 05:45:14,1,0.052,0.05212483,72.62,BTC-30JUN23-40000-C,19164.81,buy,0.1,,,,
230,231156394,2022-10-05 05:11:34,0,0.0525,0.05349012,69.96,BTC-30JUN23-40000-C,20150.27,buy,0.9,,,,
231,231333552,2022-10-06 21:10:03,2,0.051,0.0509339,69.92,BTC-30JUN23-40000-C,20008.95,sell,0.2,,,,
232,231334906,2022-10-06 21:33:47,2,0.05,0.05033611,69.83,BTC-30JUN23-40000-C,19927.13,sell,1.7,,,,
233,231357328,2022-10-07 06:34:07,3,0.05,0.0507276,70.03,BTC-30JUN23-40000-C,19861.92,sell,67.1,,,,
234,231441606,2022-10-07 16:24:16,2,0.047,0.04732871,70.04,BTC-30JUN23-40000-C,19460.93,sell,1.0,,,,
235,231562310,2022-10-10 00:52:03,2,0.045,0.04503237,69.28,BTC-30JUN23-40000-C,19514.0,sell,0.1,,,,
236,231563254,2022-10-10 01:03:18,2,0.044,0.04444165,68.81,BTC-30JUN23-40000-C,19506.12,sell,0.1,,,,
237,231566513,2022-10-10 02:25:52,2,0.0435,0.04390123,68.77,BTC-30JUN23-40000-C,19466.14,sell,0.1,,,,
238,231647368,2022-10-10 21:52:00,0,0.046,0.04576098,70.75,BTC-30JUN23-40000-C,19232.4,sell,0.1,,,,
239,231664134,2022-10-11 01:33:51,2,0.04,0.0420786,68.62,BTC-30JUN23-40000-C,19033.57,buy,1.0,,,,
240,231691274,2022-10-11 10:33:47,0,0.0425,0.04253833,69.7,BTC-30JUN23-40000-C,19081.11,sell,0.2,,,,
241,231694739,2022-10-11 12:07:22,1,0.0425,0.04279578,69.45,BTC-30JUN23-40000-C,19177.84,sell,0.2,,,,
242,231714447,2022-10-11 14:32:23,2,0.0419,0.0420555,69.73,BTC-30JUN23-40000-C,19011.45,buy,25.0,52184,,,
243,231857132,2022-10-13 12:31:01,2,0.039,0.03827984,71.36,BTC-30JUN23-40000-C,18220.71,sell,0.1,,,,
244,231887836,2022-10-13 13:50:35,2,0.0375,0.03733751,69.77,BTC-30JUN23-40000-C,18439.22,buy,0.2,,,,
245,231887837,2022-10-13 13:50:35,3,0.0375,0.03733751,69.77,BTC-30JUN23-40000-C,18439.22,buy,0.2,,,,
246,231942652,2022-10-13 18:48:18,0,0.0385,0.03934903,67.51,BTC-30JUN23-40000-C,19329.02,buy,0.1,,,,
247,231994457,2022-10-14 05:34:21,2,0.0385,0.03861092,66.2,BTC-30JUN23-40000-C,19759.6,sell,0.2,,,,
248,232028595,2022-10-14 12:51:40,0,0.039,0.0379271,66.32,BTC-30JUN23-40000-C,19814.79,buy,0.3,,,,
249,232069035,2022-10-14 18:56:09,2,0.0375,0.03562043,67.46,BTC-30JUN23-40000-C,19197.99,buy,1.6,,,,
250,232069036,2022-10-14 18:56:09,3,0.0375,0.03562043,67.46,BTC-30JUN23-40000-C,19197.99,buy,8.0,,,,
251,232069037,2022-10-14 18:56:09,3,0.0375,0.03562043,67.46,BTC-30JUN23-40000-C,19197.99,sell,18.0,,,,
252,232069038,2022-10-14 18:56:09,3,0.0375,0.03562043,67.46,BTC-30JUN23-40000-C,19197.99,sell,7.5,,,,
253,232069039,2022-10-14 18:56:09,3,0.0375,0.03562043,67.46,BTC-30JUN23-40000-C,19197.99,sell,10.5,,,,
254,232075227,2022-10-14 21:17:28,3,0.0375,0.03807612,67.53,BTC-30JUN23-40000-C,19197.38,sell,1.0,,,,
255,232079431,2022-10-15 02:02:59,0,0.038,0.03717917,67.84,BTC-30JUN23-40000-C,19160.03,buy,0.1,,,,
256,232093398,2022-10-15 12:09:04,2,0.0355,0.03701914,66.74,BTC-30JUN23-40000-C,19156.53,sell,1.0,,,,
257,232142194,2022-10-16 23:49:31,0,0.0365,0.03691829,67.11,BTC-30JUN23-40000-C,19273.08,buy,0.1,,,,
258,232201220,2022-10-17 22:32:23,2,0.036,0.03614267,65.95,BTC-30JUN23-40000-C,19576.62,buy,0.1,,,,
259,232201222,2022-10-17 22:32:29,3,0.036,0.03612536,65.96,BTC-30JUN23-40000-C,19573.65,buy,0.4,,,,
260,232216186,2022-10-18 06:38:44,0,0.0375,0.03703473,66.65,BTC-30JUN23-40000-C,19620.79,buy,0.3,,,,
261,232231348,2022-10-18 10:09:42,2,0.037,0.03702504,66.68,BTC-30JUN23-40000-C,19516.89,sell,0.2,,,,
262,232268359,2022-10-18 18:53:34,2,0.0355,0.03612304,67.0,BTC-30JUN23-40000-C,19201.59,sell,1.0,,,,
263,232304275,2022-10-19 08:21:33,2,0.034,0.03419188,66.41,BTC-30JUN23-40000-C,19161.6,sell,0.1,,,,
264,232305572,2022-10-19 08:34:55,3,0.034,0.0342664,66.38,BTC-30JUN23-40000-C,19179.41,buy,0.7,,,,
265,232325129,2022-10-19 15:17:20,0,0.035,0.03384211,66.87,BTC-30JUN23-40000-C,19209.45,sell,0.9,,,,
266,232333456,2022-10-19 17:50:03,2,0.033,0.03390314,65.97,BTC-30JUN23-40000-C,19166.68,sell,0.2,,,,
267,232334812,2022-10-19 18:18:06,0,0.034,0.03424127,66.34,BTC-30JUN23-40000-C,19212.98,buy,0.1,,,,
268,232336850,2022-10-19 19:22:26,2,0.033,0.03439498,65.79,BTC-30JUN23-40000-C,19216.18,sell,0.1,,,,
269,232337304,2022-10-19 19:36:01,0,0.034,0.03415863,66.4,BTC-30JUN23-40000-C,19190.56,buy,0.1,,,,
270,232340123,2022-10-19 20:43:23,1,0.034,0.0341937,66.37,BTC-30JUN23-40000-C,19197.96,buy,1.0,,,,
271,232409984,2022-10-20 18:22:46,2,0.0335,0.03355897,66.76,BTC-30JUN23-40000-C,19033.49,buy,0.5,,,,
272,232434814,2022-10-21 05:56:37,0,0.035,0.03385564,67.55,BTC-30JUN23-40000-C,19052.27,buy,0.6,,,,
273,232434815,2022-10-21 05:56:37,1,0.035,0.03385564,67.55,BTC-30JUN23-40000-C,19052.27,buy,0.1,,,,
274,232434816,2022-10-21 05:56:37,1,0.035,0.03385564,67.55,BTC-30JUN23-40000-C,19052.27,buy,0.8,,,,
275,232450122,2022-10-21 09:14:52,2,0.0325,0.03353417,66.57,BTC-30JUN23-40000-C,18959.09,sell,1.0,,,,
276,232475177,2022-10-21 13:45:03,2,0.0315,0.03265639,66.03,BTC-30JUN23-40000-C,18967.05,buy,0.4,,,,
277,232476110,2022-10-21 13:51:47,0,0.032,0.03258995,66.21,BTC-30JUN23-40000-C,18992.96,buy,0.1,,,,
278,232490967,2022-10-21 16:00:17,0,0.033,0.03336629,66.12,BTC-30JUN23-40000-C,19182.52,buy,0.2,,,,
279,232490968,2022-10-21 16:00:17,1,0.033,0.03336629,66.12,BTC-30JUN23-40000-C,19182.52,buy,0.2,,,,
280,232490969,2022-10-21 16:00:17,1,0.033,0.03336629,66.12,BTC-30JUN23-40000-C,19182.52,buy,0.1,,,,
281,232527945,2022-10-22 17:40:07,1,0.033,0.03348962,66.28,BTC-30JUN23-40000-C,19183.35,sell,0.1,,,,
282,232551051,2022-10-23 17:52:11,0,0.0345,0.03446771,66.56,BTC-30JUN23-40000-C,19374.29,buy,0.2,,,,
283,232553118,2022-10-23 17:59:28,0,0.035,0.03507875,66.54,BTC-30JUN23-40000-C,19483.31,buy,0.2,,,,
284,232590506,2022-10-24 08:54:56,2,0.033,0.03427086,66.02,BTC-30JUN23-40000-C,19341.06,buy,1.0,,,,
285,232638389,2022-10-25 07:44:31,0,0.0335,0.03348191,66.55,BTC-30JUN23-40000-C,19305.14,buy,0.4,,,,
286,232638835,2022-10-25 07:59:52,1,0.0335,0.03348138,66.48,BTC-30JUN23-40000-C,19308.25,buy,0.2,,,,
287,232638836,2022-10-25 07:59:52,1,0.0335,0.03348138,66.48,BTC-30JUN23-40000-C,19308.25,buy,1.0,,,,
288,232641795,2022-10-25 08:56:19,2,0.0325,0.03382709,66.0,BTC-30JUN23-40000-C,19303.21,sell,1.5,,,,
289,232664814,2022-10-25 14:39:34,0,0.034,0.03429021,66.29,BTC-30JUN23-40000-C,19475.23,sell,2.0,,,,
290,232664826,2022-10-25 14:39:52,1,0.034,0.0342817,66.29,BTC-30JUN23-40000-C,19473.28,sell,1.0,,,,
291,232724707,2022-10-25 19:03:27,0,0.043,0.0419965,68.05,BTC-30JUN23-40000-C,20326.41,sell,1.0,,,,
292,232806724,2022-10-26 08:25:45,2,0.0405,0.03954234,66.82,BTC-30JUN23-40000-C,20340.95,buy,0.3,,,,
293,232807049,2022-10-26 08:26:56,3,0.0405,0.03962475,66.79,BTC-30JUN23-40000-C,20340.96,buy,0.3,,,,
294,232810350,2022-10-26 08:37:39,0,0.041,0.04092807,66.5,BTC-30JUN23-40000-C,20508.84,buy,0.4,,,,
295,232866756,2022-10-26 14:18:58,0,0.0455,0.04621535,67.28,BTC-30JUN23-40000-C,20956.27,buy,0.1,,,,
296,232894497,2022-10-26 17:08:06,2,0.044,0.04504797,67.19,BTC-30JUN23-40000-C,20765.78,buy,1.0,,,,
297,232910929,2022-10-26 20:51:55,2,0.0435,0.04462636,66.97,BTC-30JUN23-40000-C,20769.57,buy,0.5,,,,
298,232912994,2022-10-26 21:41:14,0,0.044,0.04296269,67.26,BTC-30JUN23-40000-C,20751.51,buy,0.3,,,,
299,232983010,2022-10-27 15:17:19,2,0.042,0.04321052,66.89,BTC-30JUN23-40000-C,20611.9,sell,2.1,,,,
300,232983012,2022-10-27 15:17:22,3,0.042,0.04321316,66.89,BTC-30JUN23-40000-C,20612.44,sell,2.3,,,,
301,233002326,2022-10-27 20:12:24,2,0.0415,0.04141684,67.08,BTC-30JUN23-40000-C,20472.04,sell,0.1,,,,
302,233008460,2022-10-27 20:30:09,3,0.0415,0.04087529,67.48,BTC-30JUN23-40000-C,20345.54,buy,1.4,,,,
303,233008541,2022-10-27 20:30:10,3,0.0415,0.04093125,67.41,BTC-30JUN23-40000-C,20366.11,buy,0.9,,,,
304,233017354,2022-10-27 21:47:31,2,0.0405,0.04116094,66.93,BTC-30JUN23-40000-C,20356.06,buy,0.5,,,,
305,233043617,2022-10-28 07:32:33,2,0.04,0.04019414,67.43,BTC-30JUN23-40000-C,20138.15,sell,5.0,,,,
306,233139361,2022-10-29 05:46:43,3,0.04,0.0408976,65.82,BTC-30JUN23-40000-C,20696.69,buy,0.2,,,,
307,233231423,2022-10-30 22:49:25,3,0.04,0.04109324,66.48,BTC-30JUN23-40000-C,20568.19,sell,0.5,,,,
308,233233301,2022-10-31 00:00:26,0,0.041,0.04092489,66.73,BTC-30JUN23-40000-C,20629.62,buy,0.5,,,,
309,233314962,2022-11-01 04:14:44,1,0.041,0.04027,67.46,BTC-30JUN23-40000-C,20479.5,buy,0.1,,,,
310,233315541,2022-11-01 04:52:04,1,0.041,0.04038257,67.33,BTC-30JUN23-40000-C,20495.87,buy,0.2,,,,
311,233315653,2022-11-01 05:02:39,0,0.0415,0.04066812,67.59,BTC-30JUN23-40000-C,20506.84,sell,0.1,,,,
312,233315666,2022-11-01 05:03:04,2,0.041,0.04069642,67.34,BTC-30JUN23-40000-C,20512.61,buy,0.1,,,,
313,233322113,2022-11-01 07:59:44,0,0.042,0.04089022,67.6,BTC-30JUN23-40000-C,20594.75,buy,0.1,,,,
314,233322337,2022-11-01 08:03:01,2,0.0415,0.04095599,67.32,BTC-30JUN23-40000-C,20604.22,sell,0.1,,,,
315,233323328,2022-11-01 08:14:35,0,0.0425,0.04114332,67.74,BTC-30JUN23-40000-C,20620.38,buy,0.1,,,,
316,233334931,2022-11-01 13:42:55,2,0.04,0.04037497,67.05,BTC-30JUN23-40000-C,20451.3,sell,0.5,,,,
317,233336040,2022-11-01 13:48:28,2,0.0395,0.03993096,67.04,BTC-30JUN23-40000-C,20371.21,sell,1.0,,,,
318,233362397,2022-11-02 03:50:49,0,0.0415,0.04046887,67.6,BTC-30JUN23-40000-C,20530.59,buy,0.1,,,,
319,233461706,2022-11-03 04:46:25,2,0.038,0.03658144,66.66,BTC-30JUN23-40000-C,20362.62,buy,0.2,,,,
320,233461927,2022-11-03 04:58:40,3,0.038,0.03680296,66.68,BTC-30JUN23-40000-C,20352.51,buy,1.0,,,,
321,233462143,2022-11-03 05:06:54,3,0.038,0.03690181,66.7,BTC-30JUN23-40000-C,20350.61,sell,0.3,,,,
322,233481992,2022-11-03 12:34:35,2,0.035,0.03567915,65.84,BTC-30JUN23-40000-C,20119.59,sell,10.0,,,,
323,233526616,2022-11-04 05:39:59,0,0.0365,0.03637161,65.96,BTC-30JUN23-40000-C,20387.34,sell,0.1,,,,
324,233826337,2022-11-07 01:22:26,0,0.0375,0.03871336,65.33,BTC-30JUN23-40000-C,20834.0,sell,0.5,,,,
325,233832416,2022-11-07 02:55:38,0,0.0385,0.03901219,65.37,BTC-30JUN23-40000-C,20986.6,sell,1.7,,,,
326,233832417,2022-11-07 02:55:40,1,0.0385,0.03902066,65.36,BTC-30JUN23-40000-C,20986.87,sell,1.9,,,,
327,233911789,2022-11-08 03:12:57,2,0.0375,0.03816499,66.51,BTC-30JUN23-40000-C,20521.85,sell,1.5,,,,
328,233940290,2022-11-08 04:31:24,2,0.036,0.03488337,68.42,BTC-30JUN23-40000-C,19696.71,sell,0.1,,,,
329,233961459,2022-11-08 05:39:57,0,0.0365,0.03684944,68.8,BTC-30JUN23-40000-C,19662.46,buy,2.4,,,,
330,234036851,2022-11-08 15:50:04,0,0.0375,0.03762102,70.16,BTC-30JUN23-40000-C,19412.66,sell,0.5,,,,
331,234277383,2022-11-08 21:45:40,2,0.0355,0.03502322,71.86,BTC-30JUN23-40000-C,18595.05,sell,0.2,,,,
332,234307115,2022-11-09 01:10:24,2,0.0315,0.03102386,70.19,BTC-30JUN23-40000-C,18425.96,buy,0.1,,,,
333,234349239,2022-11-09 07:36:39,0,0.0325,0.03184316,71.42,BTC-30JUN23-40000-C,18240.33,sell,0.3,,,,
334,234359925,2022-11-09 08:25:36,1,0.0325,0.03198378,71.98,BTC-30JUN23-40000-C,18077.21,sell,0.1,,,,
335,234431554,2022-11-09 11:25:11,0,0.033,0.03526403,73.32,BTC-30JUN23-40000-C,17779.79,sell,0.1,,,,
336,234469593,2022-11-09 13:02:52,2,0.0315,0.03179771,73.08,BTC-30JUN23-40000-C,17644.12,buy,3.4,,,,
337,234529284,2022-11-09 15:44:09,2,0.03,0.02986025,74.81,BTC-30JUN23-40000-C,16922.93,sell,5.0,,,,
338,234561167,2022-11-09 16:31:02,0,0.035,0.03264953,77.19,BTC-30JUN23-40000-C,17031.39,buy,2.0,,,,
339,234596537,2022-11-09 18:03:15,2,0.0325,0.03236558,76.2,BTC-30JUN23-40000-C,16949.74,sell,0.3,,,,
340,234680618,2022-11-09 20:44:03,2,0.03,0.02965451,76.99,BTC-30JUN23-40000-C,16371.91,sell,5.0,,,,
341,234690774,2022-11-09 20:52:31,2,0.0295,0.0293421,77.39,BTC-30JUN23-40000-C,16166.66,buy,0.7,,,,
342,234736801,2022-11-09 21:44:29,2,0.029,0.02942535,78.46,BTC-30JUN23-40000-C,15803.76,sell,0.1,,,,
343,234771695,2022-11-09 22:48:43,2,0.028,0.03108579,77.3,BTC-30JUN23-40000-C,15944.02,sell,5.0,,,,
344,234982126,2022-11-10 09:32:26,2,0.026,0.02630863,73.67,BTC-30JUN23-40000-C,16611.49,sell,1.3,,,,
345,234982127,2022-11-10 09:32:26,3,0.026,0.02630863,73.67,BTC-30JUN23-40000-C,16611.49,sell,0.1,,,,
346,234984834,2022-11-10 09:44:06,3,0.026,0.02656615,73.56,BTC-30JUN23-40000-C,16647.52,sell,1.2,,,,
347,234989595,2022-11-10 10:00:06,3,0.026,0.026351,73.72,BTC-30JUN23-40000-C,16621.5,sell,1.0,,,,
348,234989743,2022-11-10 10:00:27,3,0.026,0.02621117,73.83,BTC-30JUN23-40000-C,16592.22,sell,1.0,,,,
349,234991433,2022-11-10 10:10:26,3,0.026,0.02596064,73.74,BTC-30JUN23-40000-C,16615.95,sell,0.4,,,,
350,235320301,2022-11-11 03:47:13,0,0.027,0.02610973,73.26,BTC-30JUN23-40000-C,16979.47,sell,0.3,,,,
351,235320855,2022-11-11 03:50:10,2,0.0265,0.02615534,72.93,BTC-30JUN23-40000-C,16974.3,sell,0.2,,,,
352,235351326,2022-11-11 07:02:17,2,0.024,0.02543461,70.74,BTC-30JUN23-40000-C,17139.67,sell,1.0,,,,
353,235351429,2022-11-11 07:02:28,3,0.024,0.02527917,70.84,BTC-30JUN23-40000-C,17108.93,buy,1.0,,,,
354,235363009,2022-11-11 07:38:01,0,0.027,0.02553074,71.87,BTC-30JUN23-40000-C,17368.75,sell,0.2,,,,
355,235649528,2022-11-12 15:11:44,2,0.026,0.02624637,73.41,BTC-30JUN23-40000-C,16917.96,sell,0.2,,,,
356,235758663,2022-11-14 03:06:17,2,0.0255,0.02441753,76.31,BTC-30JUN23-40000-C,16105.22,sell,0.6,,,,
357,235762749,2022-11-14 04:15:25,3,0.0255,0.02329006,76.52,BTC-30JUN23-40000-C,16050.16,sell,0.1,,,,
358,235826613,2022-11-14 09:09:19,2,0.025,0.02347681,73.89,BTC-30JUN23-40000-C,16674.43,sell,0.1,,,,
359,235838588,2022-11-14 11:00:03,2,0.022,0.02303478,71.53,BTC-30JUN23-40000-C,16761.57,sell,0.3,,,,
360,235839504,2022-11-14 11:10:16,2,0.021,0.02220683,70.76,BTC-30JUN23-40000-C,16781.98,sell,0.2,,,,
361,236078244,2022-11-15 20:19:21,2,0.0185,0.01918949,69.17,BTC-30JUN23-40000-C,16821.72,buy,1.0,,,,
362,236096273,2022-11-16 03:38:16,0,0.0215,0.02027729,71.01,BTC-30JUN23-40000-C,16942.86,sell,1.0,,,,
363,236096694,2022-11-16 03:53:00,2,0.02,0.01972931,69.97,BTC-30JUN23-40000-C,16930.69,sell,0.4,,,,
364,236133201,2022-11-16 12:44:12,3,0.02,0.0195428,70.92,BTC-30JUN23-40000-C,16642.04,buy,0.3,,,,
365,236138326,2022-11-16 13:16:47,0,0.0225,0.02186806,73.01,BTC-30JUN23-40000-C,16573.16,sell,5.0,,,,
366,236138455,2022-11-16 13:17:23,2,0.022,0.02191886,72.65,BTC-30JUN23-40000-C,16573.04,sell,5.0,,,,
367,236188998,2022-11-16 20:29:09,2,0.0195,0.02150715,70.88,BTC-30JUN23-40000-C,16533.71,sell,1.0,,,,
368,236209398,2022-11-17 05:43:07,0,0.021,0.02182642,72.06,BTC-30JUN23-40000-C,16542.92,sell,0.4,,,,
369,236209399,2022-11-17 05:43:07,1,0.021,0.02182642,72.06,BTC-30JUN23-40000-C,16542.92,buy,0.6,,,,
370,236211451,2022-11-17 06:47:02,1,0.021,0.02167092,72.07,BTC-30JUN23-40000-C,16539.11,buy,0.3,,,,
371,236225684,2022-11-17 12:13:47,1,0.021,0.02142874,71.95,BTC-30JUN23-40000-C,16567.57,buy,5.0,,,,
372,236231174,2022-11-17 13:37:09,1,0.021,0.02124925,72.25,BTC-30JUN23-40000-C,16479.97,buy,0.4,,,,
373,236369241,2022-11-20 06:59:30,2,0.019,0.01882573,70.46,BTC-30JUN23-40000-C,16669.74,buy,1.0,,,,
374,236371906,2022-11-20 08:24:54,0,0.02,0.01958299,71.14,BTC-30JUN23-40000-C,16694.1,sell,0.5,,,,
375,236371908,2022-11-20 08:25:03,1,0.02,0.01957871,71.15,BTC-30JUN23-40000-C,16692.12,sell,0.5,,,,
376,236371925,2022-11-20 08:27:02,1,0.02,0.01964838,71.13,BTC-30JUN23-40000-C,16695.72,sell,0.5,,,,
377,236373533,2022-11-20 08:45:35,1,0.02,0.01939966,71.57,BTC-30JUN23-40000-C,16565.82,sell,0.5,,,,
378,236453621,2022-11-21 12:47:11,0,0.0215,0.02046303,74.65,BTC-30JUN23-40000-C,16080.6,buy,5.0,,,,
379,236453626,2022-11-21 12:47:21,1,0.0215,0.02048108,74.64,BTC-30JUN23-40000-C,16083.91,buy,5.0,,,,
380,236453679,2022-11-21 12:48:52,1,0.0215,0.02050391,74.67,BTC-30JUN23-40000-C,16073.8,buy,3.0,,,,
381,236544357,2022-11-22 12:07:27,2,0.0205,0.02143182,75.46,BTC-30JUN23-40000-C,15682.94,sell,2.2,,,,
382,236544358,2022-11-22 12:07:27,3,0.0205,0.02143182,75.46,BTC-30JUN23-40000-C,15682.94,buy,1.8,,,,
383,236583541,2022-11-22 23:05:32,0,0.022,0.021186,74.76,BTC-30JUN23-40000-C,16140.3,sell,0.1,,,,
384,236607160,2022-11-23 07:40:10,2,0.0215,0.0211302,73.1,BTC-30JUN23-40000-C,16553.79,buy,5.0,,,,
385,236641119,2022-11-23 19:02:54,3,0.0215,0.02115701,73.23,BTC-30JUN23-40000-C,16551.55,buy,0.5,,,,
386,236641307,2022-11-23 19:03:15,3,0.0215,0.021235,73.18,BTC-30JUN23-40000-C,16572.14,buy,0.4,,,,
387,236641385,2022-11-23 19:03:18,3,0.0215,0.02132275,73.11,BTC-30JUN23-40000-C,16589.4,buy,0.5,,,,
388,236642075,2022-11-23 19:05:22,3,0.0215,0.02155059,72.92,BTC-30JUN23-40000-C,16642.49,buy,0.5,,,,
389,236642152,2022-11-23 19:05:23,3,0.0215,0.02155059,72.87,BTC-30JUN23-40000-C,16656.09,buy,0.1,,,,
390,236724978,2022-11-25 08:56:50,2,0.0205,0.02100226,73.05,BTC-30JUN23-40000-C,16444.56,buy,0.3,,,,
391,236744266,2022-11-25 17:52:29,2,0.0195,0.0205269,72.04,BTC-30JUN23-40000-C,16507.47,sell,100.0,57416,,BTC-CDIAG-30JUN23_27JAN23-40000_26000,
392,236765135,2022-11-26 08:56:46,0,0.0205,0.02048762,72.75,BTC-30JUN23-40000-C,16571.16,buy,1.1,,,,
393,236772887,2022-11-26 14:53:51,1,0.0205,0.02055186,72.81,BTC-30JUN23-40000-C,16540.54,buy,0.4,,,,
394,236773052,2022-11-26 14:56:30,1,0.0205,0.020593,72.81,BTC-30JUN23-40000-C,16542.26,buy,0.5,,,,
395,236774991,2022-11-26 15:31:36,0,0.021,0.02055256,73.37,BTC-30JUN23-40000-C,16517.0,buy,0.3,,,,
396,236780805,2022-11-26 21:33:37,0,0.022,0.02205765,74.09,BTC-30JUN23-40000-C,16515.38,sell,0.2,,,,
397,236784096,2022-11-27 00:15:09,2,0.0205,0.02147189,73.28,BTC-30JUN23-40000-C,16457.6,buy,1.0,,,,
398,236826124,2022-11-28 04:31:18,2,0.02,0.02026007,73.97,BTC-30JUN23-40000-C,16208.01,sell,1.4,,,,
399,236834471,2022-11-28 09:45:18,3,0.02,0.02026407,73.97,BTC-30JUN23-40000-C,16201.42,sell,13.6,,,,
400,236836172,2022-11-28 10:40:35,3,0.02,0.01931812,74.01,BTC-30JUN23-40000-C,16198.38,buy,1.1,,,,
401,236955729,2022-11-30 02:16:58,2,0.0195,0.01958126,71.3,BTC-30JUN23-40000-C,16913.12,buy,1.6,,,,
402,236955730,2022-11-30 02:16:58,3,0.0195,0.01958126,71.3,BTC-30JUN23-40000-C,16913.12,buy,1.1,,,,
403,236955749,2022-11-30 02:17:17,3,0.0195,0.01957765,71.27,BTC-30JUN23-40000-C,16920.35,buy,0.5,,,,
404,236955790,2022-11-30 02:17:58,3,0.0195,0.01965343,71.18,BTC-30JUN23-40000-C,16945.25,buy,0.5,,,,
405,236956550,2022-11-30 02:21:12,3,0.0195,0.01959602,71.05,BTC-30JUN23-40000-C,16993.75,buy,0.5,,,,
406,236956563,2022-11-30 02:21:13,3,0.0195,0.01959602,71.0,BTC-30JUN23-40000-C,17008.13,buy,0.1,,,,
407,236956709,2022-11-30 02:21:14,3,0.0195,0.01965941,70.94,BTC-30JUN23-40000-C,17023.43,buy,0.5,,,,
408,236961429,2022-11-30 03:44:37,2,0.0185,0.0189231,70.59,BTC-30JUN23-40000-C,16895.45,sell,2.5,,,,
409,236961430,2022-11-30 03:44:37,3,0.0185,0.0189231,70.59,BTC-30JUN23-40000-C,16895.45,buy,2.7,,,,
410,236980452,2022-11-30 13:33:20,0,0.019,0.01944893,71.39,BTC-30JUN23-40000-C,16811.04,buy,1.0,,,,
411,237145692,2022-12-02 10:55:50,2,0.018,0.01807929,70.35,BTC-30JUN23-40000-C,16965.47,buy,0.2,,,,
412,237208045,2022-12-03 11:54:00,3,0.018,0.01777338,70.45,BTC-30JUN23-40000-C,16956.23,buy,0.1,,,,
413,237208049,2022-12-03 11:54:14,3,0.018,0.01777038,70.45,BTC-30JUN23-40000-C,16956.11,buy,0.2,,,,
414,237208121,2022-12-03 11:57:18,3,0.018,0.01773513,70.47,BTC-30JUN23-40000-C,16952.91,buy,0.1,,,,
415,237327282,2022-12-05 15:11:31,0,0.019,0.01883228,71.19,BTC-30JUN23-40000-C,17086.03,sell,1.0,,,,
416,237417016,2022-12-07 16:24:44,2,0.018,0.01794913,71.67,BTC-30JUN23-40000-C,16808.09,buy,0.7,,,,
417,237429196,2022-12-07 23:20:06,2,0.02,0.02024469,73.4,BTC-30JUN23-40000-C,16848.72,buy,0.1,,,,
418,237547892,2022-12-11 12:41:47,0,0.024,0.02337823,75.96,BTC-30JUN23-40000-C,17164.25,sell,1.0,,,,
419,237548858,2022-12-11 14:04:43,2,0.022,0.02336834,74.54,BTC-30JUN23-40000-C,17147.72,buy,1.5,,,,
420,237549875,2022-12-11 16:11:52,0,0.0235,0.02346971,75.66,BTC-30JUN23-40000-C,17153.38,sell,2.0,,,,
421,237602925,2022-12-13 04:11:16,0,0.023,0.02340965,75.52,BTC-30JUN23-40000-C,17170.15,buy,0.2,,,,
422,237603273,2022-12-13 04:35:58,1,0.023,0.02340254,75.49,BTC-30JUN23-40000-C,17183.76,buy,0.6,,,,
423,237603311,2022-12-13 04:37:23,2,0.0225,0.02327485,75.12,BTC-30JUN23-40000-C,17183.49,buy,3.4,,,,
424,237603312,2022-12-13 04:37:23,3,0.0225,0.02327485,75.12,BTC-30JUN23-40000-C,17183.49,buy,1.6,,,,
425,237603479,2022-12-13 04:38:19,3,0.0225,0.02321529,75.15,BTC-30JUN23-40000-C,17176.94,buy,4.6,,,,
426,237706321,2022-12-14 14:18:01,0,0.023,0.02334191,72.98,BTC-30JUN23-40000-C,17930.36,sell,2.0,,,,
427,237876096,2022-12-16 10:53:38,2,0.0205,0.02083206,74.9,BTC-30JUN23-40000-C,16981.55,buy,0.5,,,,
428,237904330,2022-12-16 16:11:59,0,0.021,0.02019452,75.72,BTC-30JUN23-40000-C,16876.27,sell,3.0,,,,
429,237999326,2022-12-18 22:21:54,2,0.019,0.01896874,74.96,BTC-30JUN23-40000-C,16778.96,buy,0.9,,,,
430,238028533,2022-12-19 16:59:09,2,0.0175,0.01798835,74.39,BTC-30JUN23-40000-C,16633.13,sell,500.0,59329,,,
431,238028616,2022-12-19 17:01:53,3,0.0175,0.01795184,74.42,BTC-30JUN23-40000-C,16627.87,sell,500.0,59330,,,
432,238119466,2022-12-21 01:10:16,3,0.0175,0.01788983,73.88,BTC-30JUN23-40000-C,16861.13,sell,2.0,,,,
433,238119467,2022-12-21 01:10:16,3,0.0175,0.01788983,73.88,BTC-30JUN23-40000-C,16861.13,sell,2.5,,,,
434,238139562,2022-12-21 15:24:55,2,0.0168,0.01722748,73.55,BTC-30JUN23-40000-C,16818.97,sell,250.0,59441,,,
435,238161669,2022-12-22 07:33:01,0,0.017,0.01660289,73.91,BTC-30JUN23-40000-C,16814.18,buy,1.3,,,,
436,238161670,2022-12-22 07:33:02,1,0.017,0.01660285,73.91,BTC-30JUN23-40000-C,16814.18,buy,1.3,,,,
437,238169518,2022-12-22 11:24:17,2,0.0165,0.01701866,73.45,BTC-30JUN23-40000-C,16820.9,sell,2.0,,,,
438,238203811,2022-12-22 23:41:26,2,0.016,0.01662106,73.11,BTC-30JUN23-40000-C,16817.38,sell,1.0,,,,
439,238272641,2022-12-26 03:08:59,0,0.017,0.01648342,74.34,BTC-30JUN23-40000-C,16882.79,sell,1.0,,,,
440,238401196,2022-12-30 04:15:25,2,0.015,0.01545821,74.26,BTC-30JUN23-40000-C,16590.56,sell,0.6,,,,
441,238401202,2022-12-30 04:16:42,3,0.015,0.01542171,74.27,BTC-30JUN23-40000-C,16589.02,sell,0.4,,,,
442,238415590,2022-12-30 08:16:40,2,0.014,0.01447831,73.76,BTC-30JUN23-40000-C,16473.18,sell,0.8,,,,
443,238416032,2022-12-30 08:20:53,3,0.014,0.01439968,73.72,BTC-30JUN23-40000-C,16466.42,sell,0.2,,,,
444,238479499,2023-01-02 02:58:06,2,0.0125,0.01294248,72.15,BTC-30JUN23-40000-C,16583.17,sell,1.0,,,,
445,238483476,2023-01-02 06:55:48,2,0.0115,0.01232899,70.88,BTC-30JUN23-40000-C,16633.13,sell,20.0,,,,
446,238508075,2023-01-02 22:29:34,2,0.01,0.01215111,68.73,BTC-30JUN23-40000-C,16725.24,sell,1.0,,,,
447,238508076,2023-01-02 22:29:34,3,0.01,0.01215111,68.73,BTC-30JUN23-40000-C,16725.24,sell,21.0,,,,
448,238508077,2023-01-02 22:29:34,3,0.01,0.01215111,68.73,BTC-30JUN23-40000-C,16725.24,buy,22.0,,,,
449,238508078,2023-01-02 22:29:34,3,0.01,0.01215111,68.73,BTC-30JUN23-40000-C,16725.24,buy,6.0,,,,
450,238508488,2023-01-02 22:37:00,0,0.0105,0.01180633,69.4,BTC-30JUN23-40000-C,16707.49,sell,22.0,,,,
451,238508489,2023-01-02 22:37:00,1,0.0105,0.01180633,69.4,BTC-30JUN23-40000-C,16707.49,sell,1.7,,,,
452,238508490,2023-01-02 22:37:01,1,0.0105,0.01180379,69.4,BTC-30JUN23-40000-C,16707.71,buy,1.6,,,,
453,238508498,2023-01-02 22:37:47,2,0.01,0.01172419,68.78,BTC-30JUN23-40000-C,16710.93,sell,21.0,,,,
454,238508499,2023-01-02 22:37:47,3,0.01,0.01172419,68.78,BTC-30JUN23-40000-C,16710.93,sell,1.5,,,,
455,238508500,2023-01-02 22:37:47,3,0.01,0.01172419,68.78,BTC-30JUN23-40000-C,16710.93,buy,22.0,,,,
456,238508501,2023-01-02 22:37:47,3,0.01,0.01172419,68.78,BTC-30JUN23-40000-C,16710.93,buy,5.5,,,,
457,238513597,2023-01-03 04:23:50,3,0.01,0.01120505,68.93,BTC-30JUN23-40000-C,16686.83,sell,23.0,,,,
458,238513598,2023-01-03 04:23:50,3,0.01,0.01120505,68.93,BTC-30JUN23-40000-C,16686.83,buy,6.5,,,,
459,238513599,2023-01-03 04:23:50,3,0.01,0.01120505,68.93,BTC-30JUN23-40000-C,16686.83,buy,0.5,,,,
460,238513645,2023-01-03 04:26:47,0,0.011,0.01096645,70.14,BTC-30JUN23-40000-C,16684.91,buy,1.0,,,,
461,238513646,2023-01-03 04:26:47,1,0.011,0.01096645,70.14,BTC-30JUN23-40000-C,16684.91,buy,0.5,,,,
462,238518985,2023-01-03 09:26:12,0,0.0115,0.01149959,70.59,BTC-30JUN23-40000-C,16728.51,sell,0.3,,,,
463,238522315,2023-01-03 13:37:58,2,0.011,0.01074409,70.07,BTC-30JUN23-40000-C,16718.78,buy,22.0,,,,
464,238611413,2023-01-06 08:07:38,2,0.0103,0.00846044,69.48,BTC-30JUN23-40000-C,16787.85,buy,1000.0,60254,,,
465,238628257,2023-01-06 16:15:30,2,0.0095,0.00863759,68.46,BTC-30JUN23-40000-C,16811.6,buy,1.0,,,,
466,238656385,2023-01-08 10:11:31,2,0.008,0.00832735,66.33,BTC-30JUN23-40000-C,16936.08,sell,1.0,,,,
467,238692368,2023-01-09 14:11:23,0,0.0085,0.00833879,66.18,BTC-30JUN23-40000-C,17232.66,sell,1.1,,,,
468,238692472,2023-01-09 14:18:53,0,0.009,0.0082901,66.86,BTC-30JUN23-40000-C,17228.54,buy,0.3,,,,
469,238695709,2023-01-09 15:49:40,2,0.0085,0.00811376,65.95,BTC-30JUN23-40000-C,17305.58,sell,0.2,,,,
470,238710126,2023-01-09 22:32:02,2,0.0075,0.00808754,64.88,BTC-30JUN23-40000-C,17216.67,sell,1.0,,,,
471,238710533,2023-01-09 23:02:45,3,0.0075,0.00789314,64.93,BTC-30JUN23-40000-C,17199.63,sell,1.0,,,,
472,238710534,2023-01-09 23:02:45,3,0.0075,0.00789314,64.93,BTC-30JUN23-40000-C,17199.63,buy,3.0,,,,
473,238711290,2023-01-09 23:15:49,2,0.007,0.00753353,64.3,BTC-30JUN23-40000-C,17167.59,buy,5.0,,,,
474,238839321,2023-01-12 09:18:13,0,0.0085,0.00782111,63.44,BTC-30JUN23-40000-C,18137.3,buy,0.2,,,,
475,238839322,2023-01-12 09:18:13,1,0.0085,0.00782111,63.44,BTC-30JUN23-40000-C,18137.3,buy,1.8,,,,
476,238935896,2023-01-12 20:59:08,0,0.0095,0.00914309,61.77,BTC-30JUN23-40000-C,19042.3,buy,1.5,,,,
477,238935897,2023-01-12 20:59:08,1,0.0095,0.00914309,61.77,BTC-30JUN23-40000-C,19042.3,buy,1.2,,,,
478,238984832,2023-01-13 10:34:19,1,0.0095,0.00931459,62.29,BTC-30JUN23-40000-C,18892.57,buy,1.0,,,,
479,238988431,2023-01-13 11:26:33,0,0.01,0.01011267,62.58,BTC-30JUN23-40000-C,18982.36,buy,0.3,,,,
480,239041110,2023-01-13 21:18:57,0,0.012,0.01198799,63.29,BTC-30JUN23-40000-C,19465.15,buy,0.1,,,,
481,239069840,2023-01-14 00:06:44,0,0.013,0.01317779,62.57,BTC-30JUN23-40000-C,19998.77,buy,0.2,,,,
482,239084333,2023-01-14 00:38:41,0,0.015,0.01585442,61.72,BTC-30JUN23-40000-C,20783.55,buy,1.0,,,,
483,239106630,2023-01-14 01:01:29,0,0.0155,0.01579192,61.83,BTC-30JUN23-40000-C,20884.23,sell,0.8,,,,
484,239158863,2023-01-14 09:21:31,2,0.014,0.01372772,62.29,BTC-30JUN23-40000-C,20367.25,sell,0.6,,,,
485,239158869,2023-01-14 09:21:32,3,0.014,0.01372772,62.29,BTC-30JUN23-40000-C,20367.25,sell,0.4,,,,
486,239175791,2023-01-14 11:33:10,0,0.015,0.01508292,62.15,BTC-30JUN23-40000-C,20699.03,sell,0.3,,,,
487,239176158,2023-01-14 11:41:30,0,0.0155,0.0151259,62.7,BTC-30JUN23-40000-C,20670.53,buy,0.5,,,,
488,239176186,2023-01-14 11:42:11,1,0.0155,0.01518954,62.65,BTC-30JUN23-40000-C,20687.52,buy,0.5,,,,
489,239176310,2023-01-14 11:43:45,1,0.0155,0.01525865,62.6,BTC-30JUN23-40000-C,20702.48,buy,0.5,,,,
490,239176826,2023-01-14 11:56:12,1,0.0155,0.01536966,62.48,BTC-30JUN23-40000-C,20735.86,buy,0.5,,,,
491,239178904,2023-01-14 12:25:21,1,0.0155,0.01529791,62.65,BTC-30JUN23-40000-C,20693.54,buy,1.0,,,,
492,239178905,2023-01-14 12:25:21,1,0.0155,0.01529791,62.65,BTC-30JUN23-40000-C,20693.54,buy,1.0,,,,
493,239187946,2023-01-14 14:29:28,0,0.0175,0.0165545,63.63,BTC-30JUN23-40000-C,20909.37,buy,0.5,,,,
494,239213809,2023-01-14 17:33:19,0,0.0205,0.01998773,66.16,BTC-30JUN23-40000-C,20865.64,sell,0.1,,,,
495,239246252,2023-01-15 03:51:01,0,0.023,0.02270101,68.54,BTC-30JUN23-40000-C,20720.35,sell,3.8,,,,
496,239246334,2023-01-15 03:53:40,0,0.0235,0.02259144,68.96,BTC-30JUN23-40000-C,20705.92,buy,5.0,,,,
497,239246354,2023-01-15 03:53:59,1,0.0235,0.02259548,68.95,BTC-30JUN23-40000-C,20703.43,sell,1.2,,,,
498,239314208,2023-01-16 02:38:24,0,0.024,0.02481038,67.38,BTC-30JUN23-40000-C,21273.43,sell,0.8,,,,
499,239314396,2023-01-16 02:43:12,1,0.024,0.02464225,67.4,BTC-30JUN23-40000-C,21267.88,sell,0.4,,,,
500,239330511,2023-01-16 07:53:41,0,0.0245,0.02377323,68.46,BTC-30JUN23-40000-C,21101.94,buy,0.8,,,,
501,239330512,2023-01-16 07:53:41,1,0.0245,0.02377323,68.46,BTC-30JUN23-40000-C,21101.94,buy,7.7,,,,
502,239331662,2023-01-16 08:07:49,0,0.025,0.02396583,68.86,BTC-30JUN23-40000-C,21089.02,buy,8.2,,,,
503,239331663,2023-01-16 08:07:49,1,0.025,0.02396583,68.86,BTC-30JUN23-40000-C,21089.02,buy,1.0,,,,
504,239331664,2023-01-16 08:07:49,1,0.025,0.02396583,68.86,BTC-30JUN23-40000-C,21089.02,sell,1.8,,,,
505,239340252,2023-01-16 08:34:32,2,0.0245,0.02335639,69.61,BTC-30JUN23-40000-C,20773.49,buy,1.0,,,,
506,239340253,2023-01-16 08:34:32,3,0.0245,0.02335639,69.61,BTC-30JUN23-40000-C,20773.49,buy,8.0,,,,
507,239356096,2023-01-16 14:18:49,2,0.0235,0.02287214,68.86,BTC-30JUN23-40000-C,20798.14,buy,1.6,,,,
508,239356100,2023-01-16 14:18:50,3,0.0235,0.02287214,68.86,BTC-30JUN23-40000-C,20798.14,buy,0.9,,,,
509,239367946,2023-01-16 15:52:53,3,0.0235,0.02366656,68.27,BTC-30JUN23-40000-C,20977.31,sell,0.4,,,,
510,239368826,2023-01-16 16:03:15,0,0.0245,0.02397249,68.93,BTC-30JUN23-40000-C,20973.24,buy,0.8,,,,
511,239368832,2023-01-16 16:03:15,1,0.0245,0.02397249,68.93,BTC-30JUN23-40000-C,20973.24,buy,1.0,,,,
512,239368835,2023-01-16 16:03:16,1,0.0245,0.02397249,68.93,BTC-30JUN23-40000-C,20973.24,buy,0.7,,,,
513,239373041,2023-01-16 16:50:19,2,0.0235,0.02412599,68.38,BTC-30JUN23-40000-C,20938.64,sell,0.4,,,,
514,239373090,2023-01-16 16:50:52,3,0.0235,0.02406185,68.42,BTC-30JUN23-40000-C,20929.27,sell,0.4,,,,
515,239387185,2023-01-16 20:06:43,0,0.026,0.02600035,68.76,BTC-30JUN23-40000-C,21316.81,sell,30.0,61451,,BTC-CS-30JUN23-25000_40000,
516,239392019,2023-01-16 20:45:40,2,0.0245,0.02589358,67.87,BTC-30JUN23-40000-C,21279.89,sell,2.0,,,,
517,239395780,2023-01-16 21:21:33,3,0.0245,0.02477383,68.27,BTC-30JUN23-40000-C,21165.93,sell,0.4,,,,
518,239395805,2023-01-16 21:21:56,3,0.0245,0.02479298,68.28,BTC-30JUN23-40000-C,21163.58,sell,0.4,,,,
519,239395926,2023-01-16 21:23:29,3,0.0245,0.02483898,68.3,BTC-30JUN23-40000-C,21159.91,sell,0.4,,,,
520,239420803,2023-01-17 05:01:27,3,0.0245,0.0238383,68.34,BTC-30JUN23-40000-C,21169.0,buy,0.5,,,,
521,239421997,2023-01-17 06:10:17,0,0.0255,0.0245417,69.15,BTC-30JUN23-40000-C,21155.99,buy,2.1,,,,
522,239421998,2023-01-17 06:10:17,1,0.0255,0.0245417,69.15,BTC-30JUN23-40000-C,21155.99,buy,0.8,,,,
523,239422346,2023-01-17 06:41:30,2,0.024,0.02499248,68.09,BTC-30JUN23-40000-C,21143.33,sell,0.3,,,,
524,239425184,2023-01-17 07:42:52,2,0.024,0.02469043,68.36,BTC-30JUN23-40000-C,21078.47,sell,0.9,,,,
525,239430094,2023-01-17 08:37:20,0,0.0245,0.02521734,68.39,BTC-30JUN23-40000-C,21194.1,sell,1.2,,,,
526,239430095,2023-01-17 08:37:20,1,0.0245,0.02521734,68.39,BTC-30JUN23-40000-C,21194.1,sell,10.6,,,,
527,239430096,2023-01-17 08:37:20,1,0.0245,0.02521734,68.39,BTC-30JUN23-40000-C,21194.1,sell,8.0,,,,
528,239432728,2023-01-17 09:39:11,2,0.024,0.02447418,68.1,BTC-30JUN23-40000-C,21166.25,sell,0.1,,,,
529,239435779,2023-01-17 11:42:35,2,0.0235,0.02424161,67.73,BTC-30JUN23-40000-C,21173.7,sell,1.5,,,,
530,239462186,2023-01-17 15:40:46,3,0.0235,0.02407556,67.78,BTC-30JUN23-40000-C,21144.07,sell,1.0,,,,
531,239474849,2023-01-17 18:58:11,2,0.0233,0.02403863,67.03,BTC-30JUN23-40000-C,21339.91,sell,100.0,61550,,BTC-CS-30JUN23-30000_40000,
532,239490535,2023-01-18 02:33:16,2,0.023,0.02417391,67.31,BTC-30JUN23-40000-C,21232.76,sell,0.5,,,,
533,239503502,2023-01-18 09:20:26,2,0.0225,0.02316403,66.87,BTC-30JUN23-40000-C,21273.07,sell,0.1,,,,
534,239503504,2023-01-18 09:20:28,3,0.0225,0.02317256,66.86,BTC-30JUN23-40000-C,21274.79,sell,0.1,,,,
535,239503666,2023-01-18 09:29:05,3,0.0225,0.02318531,66.9,BTC-30JUN23-40000-C,21257.92,sell,0.7,,,,
536,239508276,2023-01-18 12:48:26,3,0.0225,0.02260842,66.9,BTC-30JUN23-40000-C,21265.18,buy,0.1,,,,
537,239510097,2023-01-18 13:30:03,0,0.023,0.022619,67.22,BTC-30JUN23-40000-C,21268.29,buy,1.0,,,,
538,239571346,2023-01-18 17:53:49,2,0.02,0.02103303,66.4,BTC-30JUN23-40000-C,20870.72,sell,4.0,,,,
539,239571999,2023-01-18 18:05:51,0,0.0204,0.02065192,66.68,BTC-30JUN23-40000-C,20895.86,sell,50.0,61650,,BTC-CS-30JUN23-30000_40000,
540,239575864,2023-01-18 18:58:36,0,0.021,0.02127739,66.91,BTC-30JUN23-40000-C,20952.82,sell,50.0,61657,,BTC-CS-30JUN23-30000_40000,
541,239591869,2023-01-19 01:11:43,2,0.0205,0.0202646,67.4,BTC-30JUN23-40000-C,20712.92,sell,1.0,,,,
542,239591894,2023-01-19 01:14:00,2,0.0195,0.02025795,66.6,BTC-30JUN23-40000-C,20718.14,sell,0.8,,,,
543,239609260,2023-01-19 11:31:12,2,0.018,0.01733409,65.56,BTC-30JUN23-40000-C,20722.51,buy,2.2,,,,
544,239623395,2023-01-19 16:00:06,0,0.0185,0.01843616,65.43,BTC-30JUN23-40000-C,20874.16,sell,0.1,,,,
545,239642258,2023-01-19 21:54:57,2,0.018,0.01814387,64.82,BTC-30JUN23-40000-C,20960.31,sell,1.0,,,,
546,239642273,2023-01-19 21:55:15,3,0.018,0.01812115,64.84,BTC-30JUN23-40000-C,20955.63,sell,5.0,,,,
547,239664704,2023-01-20 07:16:14,2,0.0175,0.01775142,64.7,BTC-30JUN23-40000-C,20876.94,sell,2.9,,,,
548,239664705,2023-01-20 07:16:14,3,0.0175,0.01775142,64.7,BTC-30JUN23-40000-C,20876.94,sell,7.1,,,,
549,239674422,2023-01-20 09:26:57,0,0.018,0.01746477,64.95,BTC-30JUN23-40000-C,20935.69,buy,0.1,,,,
550,239677843,2023-01-20 12:10:34,2,0.0176,0.01778213,64.53,BTC-30JUN23-40000-C,20977.95,sell,200.0,61891,,BTC-CS-30JUN23-30000_40000,
551,239679447,2023-01-20 12:40:13,2,0.0175,0.01784729,64.15,BTC-30JUN23-40000-C,21074.88,sell,100.0,61894,,BTC-RR-30JUN23-14000_40000,
552,239736329,2023-01-20 22:18:15,2,0.023,0.02290705,63.51,BTC-30JUN23-40000-C,22481.97,buy,1.0,,,,
553,239803841,2023-01-21 11:47:35,0,0.0285,0.02781384,65.83,BTC-30JUN23-40000-C,22901.57,buy,0.7,,,,
554,239878754,2023-01-22 12:58:38,2,0.0255,0.026285,64.36,BTC-30JUN23-40000-C,22865.29,buy,2.0,,,,
555,239879618,2023-01-22 13:29:01,0,0.026,0.02624077,64.56,BTC-30JUN23-40000-C,22893.72,buy,1.0,,,,
556,239879989,2023-01-22 13:46:43,0,0.027,0.02627337,65.18,BTC-30JUN23-40000-C,22926.61,buy,1.0,,,,
557,239879990,2023-01-22 13:46:43,1,0.027,0.02627337,65.18,BTC-30JUN23-40000-C,22926.61,buy,0.9,,,,
558,239896120,2023-01-22 19:09:32,2,0.025,0.02602652,64.15,BTC-30JUN23-40000-C,22803.12,sell,1.4,,,,
559,239896121,2023-01-22 19:09:32,3,0.025,0.02602652,64.15,BTC-30JUN23-40000-C,22803.12,sell,13.6,,,,
560,239917201,2023-01-23 01:39:57,0,0.026,0.02636323,65.09,BTC-30JUN23-40000-C,22751.89,buy,0.1,,,,
561,239932701,2023-01-23 09:59:29,0,0.027,0.02635153,65.73,BTC-30JUN23-40000-C,22785.47,buy,1.0,,,,
562,239973748,2023-01-23 18:04:01,0,0.0285,0.02815424,65.89,BTC-30JUN23-40000-C,23039.5,sell,2.1,,,,
563,239974419,2023-01-23 18:07:15,0,0.029,0.02863666,66.05,BTC-30JUN23-40000-C,23087.94,sell,0.7,,,,
564,239974716,2023-01-23 18:09:47,0,0.03,0.02892943,66.61,BTC-30JUN23-40000-C,23107.97,buy,1.2,,,,
565,239977333,2023-01-23 18:45:40,3,0.0285,0.02888594,65.7,BTC-30JUN23-40000-C,23103.79,buy,0.2,,,,
566,239977383,2023-01-23 18:47:39,3,0.0285,0.02887779,65.68,BTC-30JUN23-40000-C,23108.77,buy,0.3,,,,
567,239990210,2023-01-23 21:37:25,2,0.0275,0.0276782,65.46,BTC-30JUN23-40000-C,22985.47,buy,0.9,,,,
568,239990212,2023-01-23 21:37:41,3,0.0275,0.02766128,65.47,BTC-30JUN23-40000-C,22982.28,buy,0.1,,,,
569,240006244,2023-01-24 05:37:34,2,0.027,0.0268751,64.77,BTC-30JUN23-40000-C,23093.13,buy,0.1,,,,
570,240020323,2023-01-24 09:53:21,3,0.027,0.02628863,65.58,BTC-30JUN23-40000-C,22876.0,buy,0.1,,,,
571,240040930,2023-01-24 15:17:20,2,0.0255,0.02597912,64.54,BTC-30JUN23-40000-C,22881.54,buy,0.3,,,,
572,240041148,2023-01-24 15:21:08,3,0.0255,0.02590672,64.54,BTC-30JUN23-40000-C,22883.42,buy,0.1,,,,
573,240083292,2023-01-25 05:02:30,2,0.0245,0.02419109,64.91,BTC-30JUN23-40000-C,22628.88,sell,0.1,,,,
574,240098180,2023-01-25 12:02:27,2,0.024,0.02380215,64.68,BTC-30JUN23-40000-C,22613.61,sell,0.1,,,,
575,240110077,2023-01-25 15:18:17,2,0.022,0.02265336,63.59,BTC-30JUN23-40000-C,22509.7,sell,1.7,,,,
576,240110078,2023-01-25 15:18:17,3,0.022,0.02265336,63.59,BTC-30JUN23-40000-C,22509.7,sell,8.0,,,,
577,240110810,2023-01-25 15:27:09,3,0.022,0.02240075,63.59,BTC-30JUN23-40000-C,22522.7,sell,0.5,,,,
578,240110964,2023-01-25 15:29:14,0,0.0225,0.02234587,63.93,BTC-30JUN23-40000-C,22530.15,sell,0.1,,,,
579,240117428,2023-01-25 17:43:49,2,0.022,0.02169311,63.41,BTC-30JUN23-40000-C,22569.29,sell,0.1,,,,
580,240123140,2023-01-25 19:59:55,0,0.023,0.02284419,63.5,BTC-30JUN23-40000-C,22757.68,sell,10.0,,,,
581,240172049,2023-01-26 01:19:02,0,0.025,0.02544376,63.27,BTC-30JUN23-40000-C,23232.43,sell,0.8,,,,
582,240178919,2023-01-26 05:53:06,2,0.024,0.02450081,62.91,BTC-30JUN23-40000-C,23151.88,sell,0.2,,,,
583,240179726,2023-01-26 06:21:47,3,0.024,0.02451964,63.0,BTC-30JUN23-40000-C,23119.77,sell,0.2,,,,
584,240187008,2023-01-26 08:14:19,2,0.0225,0.02335916,62.32,BTC-30JUN23-40000-C,23022.99,sell,0.2,,,,
585,240213638,2023-01-26 16:04:25,2,0.0225,0.02202881,62.48,BTC-30JUN23-40000-C,22997.31,buy,0.4,,,,
586,240275032,2023-01-27 08:41:12,0,0.023,0.02237724,62.86,BTC-30JUN23-40000-C,23024.34,buy,2.1,,,,
587,240275033,2023-01-27 08:41:12,1,0.023,0.02237724,62.86,BTC-30JUN23-40000-C,23024.34,buy,2.5,,,,
588,240275034,2023-01-27 08:41:12,1,0.023,0.02237724,62.86,BTC-30JUN23-40000-C,23024.34,buy,1.4,,,,
589,240282637,2023-01-27 11:39:32,2,0.0225,0.02204803,62.75,BTC-30JUN23-40000-C,22968.07,buy,2.7,,,,
590,240282638,2023-01-27 11:39:32,3,0.0225,0.02204803,62.75,BTC-30JUN23-40000-C,22968.07,buy,2.0,,,,
591,240282639,2023-01-27 11:39:32,3,0.0225,0.02204803,62.75,BTC-30JUN23-40000-C,22968.07,buy,4.0,,,,
592,240333589,2023-01-28 03:48:21,3,0.0225,0.02251716,62.27,BTC-30JUN23-40000-C,23131.6,buy,0.1,,,,
593,240335194,2023-01-28 05:26:21,3,0.0225,0.02224649,62.56,BTC-30JUN23-40000-C,23059.14,buy,0.1,,,,
594,240335195,2023-01-28 05:26:52,3,0.0225,0.02225521,62.56,BTC-30JUN23-40000-C,23062.37,buy,0.1,,,,
595,240388990,2023-01-29 12:04:01,0,0.023,0.02367293,61.85,BTC-30JUN23-40000-C,23438.33,sell,0.1,,,,
596,240414225,2023-01-29 19:29:11,0,0.025,0.02576664,61.84,BTC-30JUN23-40000-C,23859.87,buy,0.1,,,,
597,240446826,2023-01-30 09:03:08,2,0.022,0.02206545,61.02,BTC-30JUN23-40000-C,23487.79,sell,0.4,,,,
598,240446831,2023-01-30 09:03:08,3,0.022,0.02206545,61.02,BTC-30JUN23-40000-C,23487.79,sell,0.1,,,,
599,240446844,2023-01-30 09:03:09,3,0.022,0.02206545,61.02,BTC-30JUN23-40000-C,23487.79,sell,0.5,,,,
600,240465902,2023-01-30 12:18:24,2,0.019,0.01948028,60.14,BTC-30JUN23-40000-C,23122.99,sell,0.1,,,,
601,240492841,2023-01-30 19:59:25,3,0.019,0.01963035,61.41,BTC-30JUN23-40000-C,22785.34,sell,2.0,,,,
602,240492842,2023-01-30 19:59:25,3,0.019,0.01963035,61.41,BTC-30JUN23-40000-C,22785.34,sell,3.5,,,,
603,240492843,2023-01-30 19:59:25,3,0.019,0.01963035,61.41,BTC-30JUN23-40000-C,22785.34,sell,8.0,,,,
604,240492844,2023-01-30 19:59:25,3,0.019,0.01963035,61.41,BTC-30JUN23-40000-C,22785.34,buy,5.2,,,,
605,240492845,2023-01-30 19:59:25,3,0.019,0.01963035,61.41,BTC-30JUN23-40000-C,22785.34,buy,1.3,,,,
606,240497646,2023-01-30 20:58:05,3,0.019,0.01901277,61.71,BTC-30JUN23-40000-C,22691.56,sell,1.2,,,,
607,240499103,2023-01-30 21:45:49,3,0.019,0.01903757,61.56,BTC-30JUN23-40000-C,22727.67,sell,0.5,,,,
608,240529408,2023-01-31 13:19:37,0,0.02,0.01969491,61.76,BTC-30JUN23-40000-C,22949.93,sell,0.8,,,,
609,240535977,2023-01-31 14:22:56,0,0.0215,0.02119726,62.31,BTC-30JUN23-40000-C,23113.11,sell,0.4,,,,
610,240554100,2023-01-31 21:39:23,1,0.0215,0.02130906,63.13,BTC-30JUN23-40000-C,22898.91,sell,1.8,,,,
611,240554101,2023-01-31 21:39:23,1,0.0215,0.02130906,63.13,BTC-30JUN23-40000-C,22898.91,sell,2.5,,,,
612,240575344,2023-02-01 07:57:49,0,0.022,0.02229113,62.98,BTC-30JUN23-40000-C,23082.64,sell,0.4,,,,
613,240598664,2023-02-01 16:32:15,0,0.0225,0.02194503,63.59,BTC-30JUN23-40000-C,23010.31,buy,2.0,,,,
614,240622167,2023-02-01 19:40:50,0,0.023,0.02354073,63.54,BTC-30JUN23-40000-C,23138.17,sell,4.0,,,,
615,240726775,2023-02-02 15:32:01,0,0.024,0.02409865,62.12,BTC-30JUN23-40000-C,23743.75,buy,0.4,,,,
616,240726941,2023-02-02 15:33:48,1,0.024,0.02405678,62.06,BTC-30JUN23-40000-C,23769.52,buy,0.4,,,,
617,240728157,2023-02-02 15:44:20,2,0.0235,0.0239047,61.62,BTC-30JUN23-40000-C,23790.6,sell,0.2,,,,
618,240739530,2023-02-02 18:03:52,0,0.027,0.02539208,63.42,BTC-30JUN23-40000-C,23963.39,buy,1500.0,63649,,,
619,240751939,2023-02-02 19:40:13,2,0.025,0.02504733,62.62,BTC-30JUN23-40000-C,23817.0,buy,1.4,,,,
620,240769388,2023-02-02 22:07:50,2,0.024,0.02389886,63.15,BTC-30JUN23-40000-C,23471.72,sell,1.2,,,,
621,240805457,2023-02-03 11:13:58,2,0.0215,0.0220265,61.62,BTC-30JUN23-40000-C,23440.21,sell,50.0,63726,,BTC-CS-30JUN23-26000_40000,
622,240805735,2023-02-03 11:20:34,0,0.0216,0.02199218,61.71,BTC-30JUN23-40000-C,23431.41,sell,25.0,63732,,BTC-CS-30JUN23-26000_40000,
623,240808234,2023-02-03 12:40:49,2,0.0215,0.02206512,61.31,BTC-30JUN23-40000-C,23540.44,sell,0.3,,,,
624,240812175,2023-02-03 13:31:10,0,0.0221,0.0207698,62.67,BTC-30JUN23-40000-C,23265.99,buy,25.0,63747,,BTC-CS-30JUN23-26000_40000,
625,240816019,2023-02-03 13:46:42,2,0.021,0.02084617,61.65,BTC-30JUN23-40000-C,23324.42,buy,2.1,,,,
626,240822040,2023-02-03 14:47:08,0,0.022,0.02198574,61.59,BTC-30JUN23-40000-C,23573.1,buy,1.0,,,,
627,240826034,2023-02-03 15:17:23,2,0.0201,0.02241021,59.93,BTC-30JUN23-40000-C,23633.23,sell,12.5,63773,,BTC-CS-30JUN23-26000_40000,
628,240830404,2023-02-03 16:00:09,0,0.022,0.02216895,61.42,BTC-30JUN23-40000-C,23611.23,sell,2.0,,,,
629,240833459,2023-02-03 16:59:44,0,0.0227,0.02180532,62.23,BTC-30JUN23-40000-C,23524.87,buy,12.5,63788,,BTC-CS-30JUN23-26000_40000,
630,240840652,2023-02-03 19:18:00,2,0.0215,0.02162451,61.79,BTC-30JUN23-40000-C,23398.95,sell,0.5,,,,
631,240855662,2023-02-04 01:21:36,3,0.0215,0.02137879,61.81,BTC-30JUN23-40000-C,23422.77,sell,0.8,,,,
632,240855672,2023-02-04 01:22:15,3,0.0215,0.02135872,61.82,BTC-30JUN23-40000-C,23419.39,sell,0.5,,,,
633,240856681,2023-02-04 02:02:49,2,0.021,0.02122389,61.55,BTC-30JUN23-40000-C,23384.83,sell,0.9,,,,
634,240874551,2023-02-04 11:10:12,2,0.0205,0.02048676,61.4,BTC-30JUN23-40000-C,23351.26,sell,0.8,,,,
635,240950294,2023-02-06 00:07:19,2,0.019,0.0189275,61.98,BTC-30JUN23-40000-C,22967.95,buy,0.1,,,,
636,240952553,2023-02-06 00:55:42,0,0.0195,0.01950641,62.05,BTC-30JUN23-40000-C,23058.7,buy,0.1,,,,
637,240958162,2023-02-06 03:32:32,1,0.0195,0.01901792,62.59,BTC-30JUN23-40000-C,22914.01,buy,0.1,,,,
638,240972519,2023-02-06 08:17:10,2,0.0193,0.01850588,62.58,BTC-30JUN23-40000-C,22893.93,buy,25.0,63912,,,
639,240972520,2023-02-06 08:17:10,3,0.0193,0.01850588,62.58,BTC-30JUN23-40000-C,22893.93,buy,25.0,63913,,,
640,240975561,2023-02-06 10:07:33,2,0.0185,0.01849292,62.15,BTC-30JUN23-40000-C,22836.39,buy,1.0,,,,
641,240975562,2023-02-06 10:07:33,3,0.0185,0.01849292,62.15,BTC-30JUN23-40000-C,22836.39,buy,1.1,,,,
642,240995207,2023-02-06 16:00:53,0,0.019,0.01902055,61.98,BTC-30JUN23-40000-C,23024.83,buy,0.1,,,,
643,241021189,2023-02-06 23:31:14,2,0.018,0.01819508,62.37,BTC-30JUN23-40000-C,22701.9,sell,2.0,,,,
644,241021190,2023-02-06 23:31:14,3,0.018,0.01819508,62.37,BTC-30JUN23-40000-C,22701.9,sell,2.0,,,,
645,241025602,2023-02-07 01:28:04,0,0.0185,0.01854119,62.3,BTC-30JUN23-40000-C,22844.87,buy,1.0,,,,
646,241035114,2023-02-07 07:34:33,2,0.018,0.01822096,61.6,BTC-30JUN23-40000-C,22932.91,sell,2.0,,,,
647,241063975,2023-02-07 16:38:06,0,0.0195,0.01887651,62.74,BTC-30JUN23-40000-C,22974.61,buy,200.0,64033,,BTC-CSR12-30JUN23-30000_40000,
648,241067662,2023-02-07 17:33:28,2,0.0185,0.0186822,62.18,BTC-30JUN23-40000-C,22897.79,sell,4.0,,,,
649,241110468,2023-02-08 01:12:38,0,0.02,0.02002479,61.86,BTC-30JUN23-40000-C,23365.48,buy,0.1,,,,
650,241110469,2023-02-08 01:12:38,1,0.02,0.02002479,61.86,BTC-30JUN23-40000-C,23365.48,buy,0.3,,,,
651,241126880,2023-02-08 09:17:02,2,0.019,0.01900665,61.65,BTC-30JUN23-40000-C,23216.56,buy,0.1,,,,
652,241137506,2023-02-08 14:10:29,2,0.0185,0.0187501,61.8,BTC-30JUN23-40000-C,23078.23,buy,0.5,,,,
653,241137552,2023-02-08 14:11:19,3,0.0185,0.01874386,61.78,BTC-30JUN23-40000-C,23084.63,buy,0.3,,,,
654,241145445,2023-02-08 15:38:09,0,0.0186,0.01799162,62.41,BTC-30JUN23-40000-C,22924.9,buy,50.0,64163,,,
655,241145680,2023-02-08 15:43:09,2,0.018,0.0178598,62.06,BTC-30JUN23-40000-C,22881.6,sell,100.0,64164,,,
656,241206792,2023-02-09 08:29:24,2,0.017,0.01660872,61.91,BTC-30JUN23-40000-C,22744.05,buy,2.4,,,,
657,241206793,2023-02-09 08:29:24,3,0.017,0.01660872,61.91,BTC-30JUN23-40000-C,22744.05,buy,1.6,,,,
658,241206799,2023-02-09 08:29:30,3,0.017,0.01662031,61.9,BTC-30JUN23-40000-C,22746.78,buy,1.6,,,,
659,241206800,2023-02-09 08:29:30,3,0.017,0.01662031,61.9,BTC-30JUN23-40000-C,22746.78,sell,2.4,,,,
660,241226108,2023-02-09 15:25:59,2,0.0165,0.01664233,61.84,BTC-30JUN23-40000-C,22671.95,sell,5.0,,,,
661,241245840,2023-02-09 19:24:22,2,0.0155,0.01549811,62.22,BTC-30JUN23-40000-C,22312.9,sell,2.2,,,,
662,241269910,2023-02-09 20:58:07,2,0.015,0.01512911,62.8,BTC-30JUN23-40000-C,22010.79,sell,1.9,,,,
663,241282670,2023-02-09 22:23:03,2,0.0145,0.01442297,62.79,BTC-30JUN23-40000-C,21894.9,sell,1.0,,,,
664,241282671,2023-02-09 22:23:03,3,0.0145,0.01442297,62.79,BTC-30JUN23-40000-C,21894.9,sell,3.0,,,,
665,241286037,2023-02-09 23:00:54,2,0.014,0.01423447,62.68,BTC-30JUN23-40000-C,21777.84,sell,1.6,,,,
666,241291051,2023-02-10 00:03:38,3,0.014,0.01404836,62.59,BTC-30JUN23-40000-C,21801.66,sell,0.4,,,,
667,241298363,2023-02-10 02:00:32,2,0.0135,0.01412263,61.84,BTC-30JUN23-40000-C,21894.93,sell,2.1,,,,
668,241307547,2023-02-10 05:35:07,2,0.0125,0.01245968,61.3,BTC-30JUN23-40000-C,21766.79,sell,1.8,,,,
669,241310394,2023-02-10 05:48:24,0,0.013,0.01279089,61.66,BTC-30JUN23-40000-C,21820.91,buy,2.0,,,,
670,241310395,2023-02-10 05:48:24,1,0.013,0.01279089,61.66,BTC-30JUN23-40000-C,21820.91,buy,0.8,,,,
671,241310396,2023-02-10 05:48:24,1,0.013,0.01279089,61.66,BTC-30JUN23-40000-C,21820.91,sell,0.4,,,,
672,241364333,2023-02-10 16:47:47,0,0.0135,0.01358192,63.15,BTC-30JUN23-40000-C,21591.81,sell,2.2,,,,
673,241366451,2023-02-10 17:14:34,1,0.0135,0.01351666,63.07,BTC-30JUN23-40000-C,21614.5,sell,4.0,,,,
674,241423685,2023-02-11 22:11:23,2,0.0125,0.01214806,61.7,BTC-30JUN23-40000-C,21807.5,buy,1.0,,,,
675,241503735,2023-02-13 09:16:24,3,0.0125,0.01205113,62.74,BTC-30JUN23-40000-C,21625.28,buy,1.0,,,,
676,241503736,2023-02-13 09:16:24,3,0.0125,0.01205113,62.74,BTC-30JUN23-40000-C,21625.28,buy,2.0,,,,
677,241515990,2023-02-13 11:05:17,3,0.0125,0.01274351,62.74,BTC-30JUN23-40000-C,21643.98,sell,3.0,,,,
678,241515991,2023-02-13 11:05:17,3,0.0125,0.01274351,62.74,BTC-30JUN23-40000-C,21643.98,buy,2.1,,,,
679,241515992,2023-02-13 11:05:17,3,0.0125,0.01274351,62.74,BTC-30JUN23-40000-C,21643.98,buy,4.9,,,,
680,241518197,2023-02-13 11:57:19,0,0.013,0.01263227,63.4,BTC-30JUN23-40000-C,21604.91,buy,1.0,,,,
681,241518198,2023-02-13 11:57:19,1,0.013,0.01263227,63.4,BTC-30JUN23-40000-C,21604.91,buy,2.3,,,,
682,241518199,2023-02-13 11:57:19,1,0.013,0.01263227,63.4,BTC-30JUN23-40000-C,21604.91,buy,6.1,,,,
683,241525363,2023-02-13 14:15:03,2,0.0125,0.01273801,62.81,BTC-30JUN23-40000-C,21617.16,sell,4.0,,,,
684,241529384,2023-02-13 15:09:01,2,0.012,0.01259882,62.22,BTC-30JUN23-40000-C,21638.22,sell,2.9,,,,
685,241529385,2023-02-13 15:09:01,3,0.012,0.01259882,62.22,BTC-30JUN23-40000-C,21638.22,sell,2.1,,,,
686,241529708,2023-02-13 15:14:37,0,0.0125,0.01239733,62.8,BTC-30JUN23-40000-C,21631.36,buy,2.2,,,,
687,241529709,2023-02-13 15:14:37,1,0.0125,0.01239733,62.8,BTC-30JUN23-40000-C,21631.36,buy,4.0,,,,
688,241529710,2023-02-13 15:14:37,1,0.0125,0.01239733,62.8,BTC-30JUN23-40000-C,21631.36,buy,10.0,,,,
689,241529735,2023-02-13 15:15:16,1,0.0125,0.01239185,62.8,BTC-30JUN23-40000-C,21630.04,buy,10.0,,,,
690,241529736,2023-02-13 15:15:16,1,0.0125,0.01239185,62.8,BTC-30JUN23-40000-C,21630.04,buy,2.3,,,,
691,241529738,2023-02-13 15:15:22,1,0.0125,0.01238977,62.8,BTC-30JUN23-40000-C,21628.94,buy,10.0,,,,
692,241529759,2023-02-13 15:15:47,1,0.0125,0.01238791,62.8,BTC-30JUN23-40000-C,21629.72,buy,10.0,,,,
693,241529788,2023-02-13 15:16:03,1,0.0125,0.01237312,62.81,BTC-30JUN23-40000-C,21625.94,buy,10.0,,,,
694,241529805,2023-02-13 15:16:19,1,0.0125,0.01237086,62.8,BTC-30JUN23-40000-C,21626.2,buy,10.0,,,,
695,241529987,2023-02-13 15:16:55,1,0.0125,0.01236406,62.81,BTC-30JUN23-40000-C,21624.94,buy,10.0,,,,
696,241530024,2023-02-13 15:17:20,1,0.0125,0.01238071,62.79,BTC-30JUN23-40000-C,21629.98,buy,10.0,,,,
697,241534069,2023-02-13 16:27:58,2,0.012,0.01221126,62.55,BTC-30JUN23-40000-C,21545.52,sell,2.2,,,,
698,241539612,2023-02-13 17:28:46,3,0.012,0.0122888,62.77,BTC-30JUN23-40000-C,21483.05,sell,2.2,,,,
699,241545512,2023-02-13 18:34:17,0,0.0135,0.01329676,63.77,BTC-30JUN23-40000-C,21646.16,sell,4.0,,,,
700,241546870,2023-02-13 18:53:47,2,0.013,0.01352733,63.16,BTC-30JUN23-40000-C,21675.42,sell,5.0,,,,
701,241569158,2023-02-14 03:59:29,3,0.013,0.01269456,63.15,BTC-30JUN23-40000-C,21706.5,buy,0.7,,,,
702,241569179,2023-02-14 04:01:33,3,0.013,0.01272274,63.13,BTC-30JUN23-40000-C,21712.94,buy,0.8,,,,
703,241569183,2023-02-14 04:02:53,3,0.013,0.01271866,63.13,BTC-30JUN23-40000-C,21710.91,buy,1.0,,,,
704,241569202,2023-02-14 04:03:15,3,0.013,0.01272038,63.14,BTC-30JUN23-40000-C,21711.02,buy,1.0,,,,
705,241576914,2023-02-14 08:07:00,2,0.012,0.01241478,61.99,BTC-30JUN23-40000-C,21742.61,sell,3.4,,,,
706,241576915,2023-02-14 08:07:00,3,0.012,0.01241478,61.99,BTC-30JUN23-40000-C,21742.61,sell,0.6,,,,
707,241578170,2023-02-14 08:31:01,3,0.012,0.01246914,62.07,BTC-30JUN23-40000-C,21734.19,sell,2.2,,,,
708,241579915,2023-02-14 09:13:33,3,0.012,0.01201303,62.12,BTC-30JUN23-40000-C,21721.93,buy,1.3,,,,
709,241593133,2023-02-14 13:30:02,2,0.0115,0.01188928,61.46,BTC-30JUN23-40000-C,21755.58,sell,1.0,,,,
710,241601471,2023-02-14 13:41:55,3,0.0115,0.01161681,61.65,BTC-30JUN23-40000-C,21693.32,buy,0.5,,,,
711,241601774,2023-02-14 13:43:59,3,0.0115,0.01176605,61.49,BTC-30JUN23-40000-C,21738.39,buy,1.0,,,,
712,241601775,2023-02-14 13:43:59,3,0.0115,0.01176605,61.49,BTC-30JUN23-40000-C,21738.39,buy,1.0,,,,
713,241601802,2023-02-14 13:44:06,3,0.0115,0.01180298,61.45,BTC-30JUN23-40000-C,21750.32,buy,3.5,,,,
714,241602087,2023-02-14 13:46:07,3,0.0115,0.01176733,61.49,BTC-30JUN23-40000-C,21743.04,buy,4.0,,,,
715,241645810,2023-02-14 19:47:34,0,0.012,0.01200007,60.34,BTC-30JUN23-40000-C,22229.94,buy,0.2,,,,
716,241648443,2023-02-14 20:34:01,1,0.012,0.01248051,60.46,BTC-30JUN23-40000-C,22202.83,sell,2.2,,,,
717,241648444,2023-02-14 20:34:01,1,0.012,0.01248051,60.46,BTC-30JUN23-40000-C,22202.83,sell,2.8,,,,
718,241682439,2023-02-15 10:25:56,1,0.012,0.01150841,60.71,BTC-30JUN23-40000-C,22177.92,buy,600.0,64799,,BTC-CSR13-30JUN23-25000_40000,
719,241704112,2023-02-15 13:04:18,0,0.013,0.01280952,59.72,BTC-30JUN23-40000-C,22757.87,buy,0.1,,,,
720,241745381,2023-02-15 19:56:36,0,0.0135,0.01393191,58.45,BTC-30JUN23-40000-C,23296.28,sell,0.2,,,,
721,241771734,2023-02-15 21:10:50,0,0.017,0.01730648,58.8,BTC-30JUN23-40000-C,24110.27,buy,2.1,,,,
722,241791105,2023-02-15 23:46:01,0,0.018,0.01798156,58.98,BTC-30JUN23-40000-C,24317.61,buy,1.0,,,,
723,241800807,2023-02-16 00:18:53,0,0.0195,0.0198411,58.6,BTC-30JUN23-40000-C,24754.57,buy,0.1,,,,
724,241818461,2023-02-16 02:59:03,2,0.018,0.01801183,57.66,BTC-30JUN23-40000-C,24695.47,buy,9.3,,,,
725,241821121,2023-02-16 03:48:24,3,0.018,0.01788036,57.59,BTC-30JUN23-40000-C,24725.41,buy,0.7,,,,
726,241821122,2023-02-16 03:48:24,3,0.018,0.01788036,57.59,BTC-30JUN23-40000-C,24725.41,buy,1.3,,,,
727,241822960,2023-02-16 04:21:53,3,0.018,0.01777248,57.72,BTC-30JUN23-40000-C,24681.6,buy,0.3,,,,
728,241822961,2023-02-16 04:21:53,3,0.018,0.01777248,57.72,BTC-30JUN23-40000-C,24681.6,buy,5.1,,,,
729,241822967,2023-02-16 04:21:54,3,0.018,0.01777248,57.72,BTC-30JUN23-40000-C,24681.6,sell,2.5,,,,
730,241832403,2023-02-16 07:05:40,0,0.0185,0.01867464,58.39,BTC-30JUN23-40000-C,24578.82,sell,0.5,,,,
731,241841671,2023-02-16 08:15:38,0,0.019,0.01851102,58.71,BTC-30JUN23-40000-C,24616.88,buy,17.2,,,,
732,241841672,2023-02-16 08:15:38,1,0.019,0.01851102,58.71,BTC-30JUN23-40000-C,24616.88,buy,5.3,,,,
733,241841673,2023-02-16 08:15:38,1,0.019,0.01851102,58.71,BTC-30JUN23-40000-C,24616.88,buy,1.6,,,,
734,241841674,2023-02-16 08:15:38,1,0.019,0.01851102,58.71,BTC-30JUN23-40000-C,24616.88,sell,0.6,,,,
735,241841684,2023-02-16 08:15:38,1,0.019,0.01851102,58.71,BTC-30JUN23-40000-C,24616.88,sell,6.7,,,,
736,241841685,2023-02-16 08:15:38,1,0.019,0.01851102,58.71,BTC-30JUN23-40000-C,24616.88,sell,6.7,,,,
737,241841693,2023-02-16 08:15:47,1,0.019,0.01852113,58.71,BTC-30JUN23-40000-C,24616.57,sell,2.0,,,,
738,241841694,2023-02-16 08:15:47,1,0.019,0.01852113,58.71,BTC-30JUN23-40000-C,24616.57,sell,0.9,,,,
739,241841700,2023-02-16 08:15:47,1,0.019,0.01852113,58.71,BTC-30JUN23-40000-C,24616.57,sell,0.7,,,,
740,241841701,2023-02-16 08:15:47,1,0.019,0.01852113,58.71,BTC-30JUN23-40000-C,24616.57,sell,0.1,,,,
741,241846631,2023-02-16 10:02:34,0,0.0192,0.01941723,58.76,BTC-30JUN23-40000-C,24655.41,buy,100.0,65072,,BTC-RR-30JUN23-15000_40000,
742,241846743,2023-02-16 10:05:10,0,0.0205,0.01937586,59.83,BTC-30JUN23-40000-C,24640.51,buy,100.0,65073,,BTC-RR-30JUN23-15000_40000,
743,241854846,2023-02-16 12:45:27,2,0.0195,0.01955742,59.2,BTC-30JUN23-40000-C,24584.02,buy,0.5,,,,
744,241858672,2023-02-16 13:32:29,3,0.0195,0.0195712,59.61,BTC-30JUN23-40000-C,24459.7,sell,1.0,,,,
745,241889188,2023-02-16 16:03:09,0,0.023,0.02286964,59.76,BTC-30JUN23-40000-C,25177.1,sell,1.0,,,,
746,241889450,2023-02-16 16:03:39,1,0.023,0.02288233,59.74,BTC-30JUN23-40000-C,25171.95,sell,3.3,,,,
747,241891031,2023-02-16 16:04:52,0,0.024,0.02326269,60.25,BTC-30JUN23-40000-C,25233.08,sell,3.0,,,,
748,241891604,2023-02-16 16:05:42,0,0.0245,0.02320946,60.69,BTC-30JUN23-40000-C,25212.8,sell,6.0,,,,
749,241891605,2023-02-16 16:05:42,1,0.0245,0.02320946,60.69,BTC-30JUN23-40000-C,25212.8,sell,1.7,,,,
750,241910958,2023-02-16 17:02:01,2,0.024,0.02383373,61.36,BTC-30JUN23-40000-C,24916.31,buy,1.0,,,,
751,241910960,2023-02-16 17:02:04,3,0.024,0.02383761,61.36,BTC-30JUN23-40000-C,24917.33,buy,1.0,,,,
752,241910967,2023-02-16 17:02:05,3,0.024,0.0238432,61.35,BTC-30JUN23-40000-C,24917.85,buy,1.0,,,,
753,241914528,2023-02-16 17:31:47,0,0.025,0.02445867,62.37,BTC-30JUN23-40000-C,24838.39,buy,0.4,,,,
754,241918869,2023-02-16 18:26:47,1,0.025,0.02580863,62.14,BTC-30JUN23-40000-C,24904.93,sell,2.3,,,,
755,241945583,2023-02-16 21:34:26,2,0.023,0.0231496,62.0,BTC-30JUN23-40000-C,24528.67,buy,0.4,,,,
756,241961333,2023-02-16 23:05:01,2,0.0205,0.021061,62.0,BTC-30JUN23-40000-C,23998.03,sell,2.1,,,,
757,241961334,2023-02-16 23:05:01,3,0.0205,0.021061,62.0,BTC-30JUN23-40000-C,23998.03,sell,1.9,,,,
758,241963395,2023-02-16 23:09:16,3,0.0205,0.02107709,61.8,BTC-30JUN23-40000-C,24053.26,sell,5.0,,,,
759,241965930,2023-02-16 23:25:28,2,0.02,0.02003968,62.0,BTC-30JUN23-40000-C,23876.58,buy,1.4,,,,
760,241987226,2023-02-17 00:51:01,2,0.0185,0.01869317,61.45,BTC-30JUN23-40000-C,23690.43,sell,1.5,,,,
761,241995513,2023-02-17 02:43:50,2,0.017,0.0188072,59.65,BTC-30JUN23-40000-C,23850.14,buy,30.0,65235,,,
762,242016153,2023-02-17 07:46:57,0,0.0185,0.01866808,61.49,BTC-30JUN23-40000-C,23717.63,sell,0.2,,,,
763,242039168,2023-02-17 13:13:12,1,0.0185,0.01864311,60.99,BTC-30JUN23-40000-C,23879.56,sell,2.0,,,,
764,242088249,2023-02-17 17:32:29,0,0.025,0.02491041,63.85,BTC-30JUN23-40000-C,24459.82,buy,0.4,,,,
765,242088250,2023-02-17 17:32:29,1,0.025,0.02491041,63.85,BTC-30JUN23-40000-C,24459.82,buy,0.1,,,,
766,242088368,2023-02-17 17:32:37,1,0.025,0.02496312,63.82,BTC-30JUN23-40000-C,24470.03,buy,0.4,,,,
767,242088386,2023-02-17 17:32:38,1,0.025,0.02496312,63.76,BTC-30JUN23-40000-C,24485.62,buy,0.1,,,,
768,242136893,2023-02-17 22:42:33,0,0.026,0.0257343,64.03,BTC-30JUN23-40000-C,24610.04,buy,1.0,,,,
769,242164562,2023-02-18 07:54:19,2,0.025,0.02512493,63.78,BTC-30JUN23-40000-C,24472.87,sell,0.5,,,,
770,242165835,2023-02-18 08:01:38,3,0.025,0.02524146,63.71,BTC-30JUN23-40000-C,24525.03,sell,0.5,,,,
771,242169570,2023-02-18 09:08:27,2,0.0245,0.02481051,63.15,BTC-30JUN23-40000-C,24574.13,buy,2.0,,,,
772,242169572,2023-02-18 09:08:43,2,0.024,0.02478923,62.79,BTC-30JUN23-40000-C,24572.24,sell,1.0,,,,
773,242183544,2023-02-18 14:54:56,0,0.025,0.02524902,63.31,BTC-30JUN23-40000-C,24653.2,buy,0.4,,,,
774,242183545,2023-02-18 14:54:56,1,0.025,0.02524902,63.31,BTC-30JUN23-40000-C,24653.2,buy,0.1,,,,
775,242183571,2023-02-18 14:54:56,1,0.025,0.02527548,63.28,BTC-30JUN23-40000-C,24658.31,buy,0.4,,,,
776,242183684,2023-02-18 14:55:18,1,0.025,0.02538394,63.2,BTC-30JUN23-40000-C,24681.76,buy,0.1,,,,
777,242206737,2023-02-19 01:22:37,2,0.0245,0.02471496,62.79,BTC-30JUN23-40000-C,24714.91,sell,1.0,,,,
778,242234552,2023-02-19 14:21:31,0,0.025,0.02468873,63.22,BTC-30JUN23-40000-C,24746.08,buy,0.5,,,,
779,242234553,2023-02-19 14:21:31,1,0.025,0.02468873,63.22,BTC-30JUN23-40000-C,24746.08,buy,3.3,,,,
780,242235610,2023-02-19 14:46:51,1,0.025,0.02454069,63.22,BTC-30JUN23-40000-C,24743.39,buy,0.7,,,,
781,242237812,2023-02-19 15:19:44,0,0.0255,0.02533925,62.89,BTC-30JUN23-40000-C,24925.73,buy,2.0,,,,
782,242278949,2023-02-19 21:33:25,2,0.024,0.02360261,63.37,BTC-30JUN23-40000-C,24532.3,sell,0.1,,,,
783,242278969,2023-02-19 21:35:00,3,0.024,0.02360842,63.41,BTC-30JUN23-40000-C,24529.24,sell,0.1,,,,
784,242293072,2023-02-20 01:12:20,2,0.023,0.02264915,64.62,BTC-30JUN23-40000-C,23996.97,sell,0.1,,,,
785,242293408,2023-02-20 01:13:02,3,0.023,0.02250904,64.79,BTC-30JUN23-40000-C,23957.43,sell,0.9,,,,
786,242293513,2023-02-20 01:13:09,3,0.023,0.0223896,64.88,BTC-30JUN23-40000-C,23928.72,sell,1.0,,,,
787,242295249,2023-02-20 01:18:56,2,0.0225,0.0225776,64.5,BTC-30JUN23-40000-C,23932.1,sell,0.1,,,,
788,242295271,2023-02-20 01:19:20,0,0.023,0.0226227,64.83,BTC-30JUN23-40000-C,23943.64,buy,2.0,,,,
789,242295320,2023-02-20 01:19:51,1,0.023,0.02257222,64.87,BTC-30JUN23-40000-C,23937.64,buy,1.0,,,,
790,242304727,2023-02-20 03:29:30,0,0.025,0.02493152,64.67,BTC-30JUN23-40000-C,24400.94,buy,0.1,,,,
791,242325992,2023-02-20 09:37:29,1,0.025,0.02501683,64.27,BTC-30JUN23-40000-C,24535.1,buy,1.0,,,,
792,242326137,2023-02-20 09:40:15,1,0.025,0.02502603,64.23,BTC-30JUN23-40000-C,24547.81,buy,1.0,,,,
793,242326871,2023-02-20 09:42:05,0,0.0255,0.02552895,64.19,BTC-30JUN23-40000-C,24653.16,buy,2.0,,,,
794,242329074,2023-02-20 09:45:48,0,0.0265,0.02658286,64.13,BTC-30JUN23-40000-C,24855.67,buy,1.0,,,,
795,242337451,2023-02-20 10:41:48,0,0.027,0.02697335,64.34,BTC-30JUN23-40000-C,24890.54,buy,2.0,,,,
796,242369944,2023-02-20 16:39:13,1,0.027,0.02674169,64.96,BTC-30JUN23-40000-C,24714.76,sell,0.1,,,,
797,242413192,2023-02-21 07:11:26,2,0.0265,0.02651343,63.64,BTC-30JUN23-40000-C,25020.39,buy,0.9,,,,
798,242413225,2023-02-21 07:11:33,3,0.0265,0.02654064,63.63,BTC-30JUN23-40000-C,25024.3,buy,0.9,,,,
799,242414930,2023-02-21 07:43:46,3,0.0265,0.02692448,63.72,BTC-30JUN23-40000-C,24985.19,sell,1.0,,,,
800,242415024,2023-02-21 07:45:20,0,0.027,0.02683782,64.08,BTC-30JUN23-40000-C,24988.55,buy,2.0,,,,
801,242415025,2023-02-21 07:45:20,1,0.027,0.02683782,64.08,BTC-30JUN23-40000-C,24988.55,sell,2.0,,,,
802,242415026,2023-02-21 07:45:20,1,0.027,0.02683782,64.08,BTC-30JUN23-40000-C,24988.55,sell,4.0,,,,
803,242422286,2023-02-21 08:29:14,0,0.0275,0.0276692,63.66,BTC-30JUN23-40000-C,25184.78,buy,0.1,,,,
804,242476386,2023-02-21 16:52:00,2,0.026,0.02506454,65.63,BTC-30JUN23-40000-C,24425.1,sell,0.2,,,,
805,242476859,2023-02-21 16:57:41,0,0.0265,0.0258545,65.97,BTC-30JUN23-40000-C,24437.54,sell,0.5,,,,
806,242477984,2023-02-21 17:16:10,2,0.026,0.02605102,65.81,BTC-30JUN23-40000-C,24387.32,sell,100.0,65666,,BTC-CDIAG-30JUN23_28APR23-40000_27000,
807,242478973,2023-02-21 17:34:53,3,0.026,0.02620072,65.58,BTC-30JUN23-40000-C,24443.6,buy,0.1,,,,
808,242518177,2023-02-22 00:48:45,2,0.0255,0.02592193,65.63,BTC-30JUN23-40000-C,24357.59,sell,2.0,,,,
809,242521938,2023-02-22 01:35:56,2,0.025,0.02525508,65.31,BTC-30JUN23-40000-C,24318.34,sell,2.6,,,,
810,242521939,2023-02-22 01:35:56,3,0.025,0.02525508,65.31,BTC-30JUN23-40000-C,24318.34,sell,0.4,,,,
811,242580654,2023-02-22 13:22:08,2,0.0235,0.0233173,65.32,BTC-30JUN23-40000-C,24081.2,buy,1.2,,,,
812,242587966,2023-02-22 14:41:40,2,0.023,0.02318285,65.14,BTC-30JUN23-40000-C,24023.69,buy,0.1,,,,
813,242638869,2023-02-22 22:44:22,2,0.0215,0.02171779,63.93,BTC-30JUN23-40000-C,24047.57,buy,1.0,,,,
814,242638904,2023-02-22 22:44:35,3,0.0215,0.02169805,63.94,BTC-30JUN23-40000-C,24042.83,buy,1.0,,,,
815,242639007,2023-02-22 22:45:37,3,0.0215,0.02167091,63.95,BTC-30JUN23-40000-C,24045.93,buy,1.0,,,,
816,242639010,2023-02-22 22:45:44,3,0.0215,0.02166704,63.95,BTC-30JUN23-40000-C,24045.73,buy,1.0,,,,
817,242639289,2023-02-22 22:47:24,3,0.0215,0.02157797,64.01,BTC-30JUN23-40000-C,24029.25,buy,1.0,,,,
818,242639292,2023-02-22 22:47:29,3,0.0215,0.02158284,64.01,BTC-30JUN23-40000-C,24031.28,buy,0.7,,,,
819,242639293,2023-02-22 22:47:29,3,0.0215,0.02158244,64.01,BTC-30JUN23-40000-C,24031.4,buy,0.3,,,,
820,242644649,2023-02-22 23:52:38,3,0.0215,0.02174002,63.33,BTC-30JUN23-40000-C,24208.6,buy,1.0,,,,
821,242648034,2023-02-23 00:40:34,3,0.0215,0.02170343,63.45,BTC-30JUN23-40000-C,24166.84,sell,1.0,,,,
822,242648335,2023-02-23 00:47:04,0,0.022,0.02171284,63.89,BTC-30JUN23-40000-C,24163.78,buy,25.0,,,,
823,242658023,2023-02-23 02:46:02,0,0.0225,0.02273303,62.96,BTC-30JUN23-40000-C,24536.26,buy,10.0,,,,
824,242671017,2023-02-23 05:41:05,0,0.023,0.02322848,63.9,BTC-30JUN23-40000-C,24382.85,buy,0.2,,,,
825,242672551,2023-02-23 06:03:41,1,0.023,0.02330322,63.84,BTC-30JUN23-40000-C,24411.02,buy,0.2,,,,
826,242672606,2023-02-23 06:04:43,1,0.023,0.02328007,63.86,BTC-30JUN23-40000-C,24401.63,buy,0.2,,,,
827,242672625,2023-02-23 06:05:40,1,0.023,0.02327153,63.86,BTC-30JUN23-40000-C,24395.86,buy,0.2,,,,
828,242672649,2023-02-23 06:06:47,1,0.023,0.02322813,63.89,BTC-30JUN23-40000-C,24391.9,buy,0.2,,,,
829,242673945,2023-02-23 06:42:22,2,0.0225,0.02320251,63.68,BTC-30JUN23-40000-C,24355.23,sell,0.2,,,,
830,242674051,2023-02-23 06:43:29,3,0.0225,0.02326439,63.63,BTC-30JUN23-40000-C,24368.08,sell,0.2,,,,
831,242674155,2023-02-23 06:44:36,3,0.0225,0.02326179,63.63,BTC-30JUN23-40000-C,24368.32,sell,0.2,,,,
832,242674249,2023-02-23 06:45:43,3,0.0225,0.02328194,63.61,BTC-30JUN23-40000-C,24370.29,sell,0.2,,,,
833,242674350,2023-02-23 06:46:55,3,0.0225,0.02327639,63.61,BTC-30JUN23-40000-C,24375.29,sell,0.2,,,,
834,242674407,2023-02-23 06:47:58,3,0.0225,0.02324988,63.63,BTC-30JUN23-40000-C,24369.0,sell,0.2,,,,
835,242674709,2023-02-23 06:54:57,3,0.0225,0.02335194,63.55,BTC-30JUN23-40000-C,24391.02,sell,0.1,,,,
836,242681414,2023-02-23 08:25:54,3,0.0225,0.0229842,63.57,BTC-30JUN23-40000-C,24403.13,buy,4.0,,,,
837,242685454,2023-02-23 09:41:16,0,0.0233,0.02289257,64.26,BTC-30JUN23-40000-C,24389.55,sell,22.0,65896,,BTC-CS-30JUN23-30000_40000,
838,242685456,2023-02-23 09:41:16,2,0.0227,0.02289257,63.8,BTC-30JUN23-40000-C,24389.55,sell,25.0,65897,,BTC-CS-30JUN23-30000_40000,
839,242688797,2023-02-23 10:27:01,2,0.0223,0.02237702,63.84,BTC-30JUN23-40000-C,24300.27,sell,20.0,65901,,BTC-CS-30JUN23-30000_40000,
840,242688798,2023-02-23 10:27:01,2,0.0218,0.02237702,63.45,BTC-30JUN23-40000-C,24300.27,sell,100.0,65902,,BTC-CS-30JUN23-30000_40000,
841,242692673,2023-02-23 11:22:58,2,0.0215,0.02122349,63.86,BTC-30JUN23-40000-C,24098.66,sell,1.0,,,,
842,242695595,2023-02-23 11:27:59,2,0.0206,0.02053475,63.83,BTC-30JUN23-40000-C,23913.11,sell,50.0,65915,,BTC-CS-30JUN23-30000_40000,
843,242699741,2023-02-23 11:36:12,2,0.0205,0.02011546,64.34,BTC-30JUN23-40000-C,23761.31,sell,1.0,,,,
844,242725015,2023-02-23 14:33:41,0,0.021,0.02066692,63.75,BTC-30JUN23-40000-C,24057.91,buy,0.1,,,,
845,242725160,2023-02-23 14:34:52,1,0.021,0.0205782,63.81,BTC-30JUN23-40000-C,24033.86,buy,0.1,,,,
846,242725255,2023-02-23 14:36:01,1,0.021,0.0204454,63.94,BTC-30JUN23-40000-C,24001.02,buy,0.1,,,,
847,242725563,2023-02-23 14:37:09,1,0.021,0.02031205,64.05,BTC-30JUN23-40000-C,23971.27,buy,0.1,,,,
848,242725726,2023-02-23 14:38:23,1,0.021,0.02022024,64.15,BTC-30JUN23-40000-C,23949.38,buy,0.1,,,,
849,242727096,2023-02-23 14:48:23,2,0.0203,0.02078711,63.21,BTC-30JUN23-40000-C,24062.89,sell,50.0,65938,,BTC-CS-30JUN23-30000_40000,
850,242727108,2023-02-23 14:48:36,0,0.0204,0.0207334,63.35,BTC-30JUN23-40000-C,24045.68,sell,25.0,65939,,BTC-CS-30JUN23-30000_40000,
851,242727150,2023-02-23 14:48:58,0,0.021,0.02071009,63.84,BTC-30JUN23-40000-C,24041.0,sell,0.1,,,,
852,242727235,2023-02-23 14:49:35,0,0.0215,0.02066773,64.27,BTC-30JUN23-40000-C,24031.4,buy,0.1,,,,
853,242727471,2023-02-23 14:51:14,2,0.021,0.0207411,63.79,BTC-30JUN23-40000-C,24043.9,buy,0.1,,,,
854,242727550,2023-02-23 14:52:20,3,0.021,0.02066278,63.85,BTC-30JUN23-40000-C,24033.01,buy,0.1,,,,
855,242727655,2023-02-23 14:53:31,3,0.021,0.02060665,63.88,BTC-30JUN23-40000-C,24022.14,buy,0.1,,,,
856,242778218,2023-02-24 06:08:10,2,0.019,0.0191913,63.24,BTC-30JUN23-40000-C,23813.52,sell,0.1,,,,
857,242790643,2023-02-24 08:01:59,3,0.019,0.01941947,63.12,BTC-30JUN23-40000-C,23839.75,sell,3.9,,,,
858,242790644,2023-02-24 08:01:59,3,0.019,0.01941947,63.12,BTC-30JUN23-40000-C,23839.75,sell,2.6,,,,
859,242794951,2023-02-24 08:28:55,2,0.0185,0.01875567,62.8,BTC-30JUN23-40000-C,23827.93,buy,1.0,,,,
860,242801159,2023-02-24 10:07:07,0,0.0189,0.0183853,63.07,BTC-30JUN23-40000-C,23845.38,buy,25.0,66024,,,
861,242801262,2023-02-24 10:09:00,0,0.019,0.01847461,63.09,BTC-30JUN23-40000-C,23865.35,buy,3.2,,,,
862,242801263,2023-02-24 10:09:00,1,0.019,0.01847461,63.09,BTC-30JUN23-40000-C,23865.35,buy,4.0,,,,
863,242801264,2023-02-24 10:09:00,1,0.019,0.01847461,63.09,BTC-30JUN23-40000-C,23865.35,buy,5.6,,,,
864,242801265,2023-02-24 10:09:00,1,0.019,0.01847461,63.09,BTC-30JUN23-40000-C,23865.35,sell,0.2,,,,
865,242805137,2023-02-24 12:03:44,0,0.0195,0.01927319,63.44,BTC-30JUN23-40000-C,23889.96,buy,4.0,,,,
866,242851778,2023-02-24 17:13:20,2,0.017,0.01730172,64.07,BTC-30JUN23-40000-C,23153.03,sell,0.2,,,,
867,242851779,2023-02-24 17:13:20,3,0.017,0.01730172,64.07,BTC-30JUN23-40000-C,23153.03,sell,3.0,,,,
868,242853140,2023-02-24 17:29:19,3,0.017,0.01734976,64.09,BTC-30JUN23-40000-C,23134.56,sell,1.0,,,,
869,242908546,2023-02-25 11:40:40,2,0.0155,0.01545063,63.45,BTC-30JUN23-40000-C,22980.55,buy,1.0,,,,
870,242908559,2023-02-25 11:41:07,0,0.016,0.01547015,63.93,BTC-30JUN23-40000-C,22976.62,sell,1.1,,,,
871,242908963,2023-02-25 11:49:01,1,0.016,0.01558388,63.91,BTC-30JUN23-40000-C,22985.42,buy,2.0,,,,
872,242908964,2023-02-25 11:49:01,1,0.016,0.01558388,63.91,BTC-30JUN23-40000-C,22985.42,sell,0.1,,,,
873,242909071,2023-02-25 11:52:08,1,0.016,0.01554069,63.98,BTC-30JUN23-40000-C,22964.3,buy,2.1,,,,
874,242909209,2023-02-25 11:55:08,1,0.016,0.01556633,64.01,BTC-30JUN23-40000-C,22956.96,buy,2.1,,,,
875,242909305,2023-02-25 11:58:13,1,0.016,0.01570605,63.93,BTC-30JUN23-40000-C,22980.01,sell,2.1,,,,
876,242909379,2023-02-25 12:01:21,1,0.016,0.01572334,63.92,BTC-30JUN23-40000-C,22982.85,sell,0.3,,,,
877,242932209,2023-02-26 00:13:25,2,0.015,0.015175,62.56,BTC-30JUN23-40000-C,23123.39,sell,2.0,,,,
878,242932245,2023-02-26 00:14:33,3,0.015,0.01512769,62.58,BTC-30JUN23-40000-C,23115.1,buy,2.0,,,,
879,242933787,2023-02-26 01:27:33,3,0.015,0.0150173,62.6,BTC-30JUN23-40000-C,23121.89,sell,1.3,66146,,,
880,242935171,2023-02-26 02:45:34,0,0.0155,0.01537075,62.93,BTC-30JUN23-40000-C,23167.99,buy,2.0,,,,
881,242948109,2023-02-26 10:51:17,2,0.0145,0.01478069,61.81,BTC-30JUN23-40000-C,23239.17,sell,0.5,,,,
882,242948114,2023-02-26 10:52:17,3,0.0145,0.01479766,61.8,BTC-30JUN23-40000-C,23240.84,sell,0.1,,,,
883,242959661,2023-02-26 18:41:45,0,0.0155,0.01521696,62.52,BTC-30JUN23-40000-C,23346.86,buy,1.4,,,,
884,242959714,2023-02-26 18:41:46,1,0.0155,0.01524193,62.49,BTC-30JUN23-40000-C,23351.75,buy,1.4,,,,
885,242959849,2023-02-26 18:42:03,1,0.0155,0.01532519,62.41,BTC-30JUN23-40000-C,23376.05,buy,1.4,,,,
886,242959919,2023-02-26 18:42:06,1,0.0155,0.01537617,62.35,BTC-30JUN23-40000-C,23386.49,buy,1.6,,,,
887,242959921,2023-02-26 18:42:06,1,0.0155,0.01537617,62.35,BTC-30JUN23-40000-C,23386.49,buy,0.1,,,,
888,242959979,2023-02-26 18:42:07,1,0.0155,0.01537688,62.32,BTC-30JUN23-40000-C,23395.0,buy,1.5,,,,
889,242959984,2023-02-26 18:42:07,1,0.0155,0.01537688,62.32,BTC-30JUN23-40000-C,23395.0,buy,0.3,,,,
890,242960177,2023-02-26 18:42:11,1,0.0155,0.01548936,62.27,BTC-30JUN23-40000-C,23419.36,buy,0.3,,,,
891,242968925,2023-02-26 20:40:15,1,0.0155,0.01597198,61.36,BTC-30JUN23-40000-C,23650.6,buy,1.0,,,,
892,242968970,2023-02-26 20:40:41,1,0.0155,0.01601062,61.31,BTC-30JUN23-40000-C,23667.9,buy,1.0,,,,
893,242983756,2023-02-27 01:38:17,1,0.0155,0.0152601,61.9,BTC-30JUN23-40000-C,23512.08,sell,2.0,,,,
894,242996342,2023-02-27 07:22:11,2,0.0145,0.01451079,61.28,BTC-30JUN23-40000-C,23436.47,sell,3.0,,,,
895,243000182,2023-02-27 09:00:21,3,0.0145,0.01394619,61.57,BTC-30JUN23-40000-C,23359.3,buy,0.1,,,,
896,243042822,2023-02-27 18:19:53,2,0.014,0.0140175,61.66,BTC-30JUN23-40000-C,23239.37,sell,5.0,,,,
897,243058110,2023-02-27 22:53:15,3,0.014,0.01404343,60.74,BTC-30JUN23-40000-C,23509.63,buy,0.5,,,,
898,243090059,2023-02-28 12:46:47,2,0.0135,0.01349967,60.59,BTC-30JUN23-40000-C,23464.41,sell,0.2,,,,
899,243091016,2023-02-28 13:10:05,3,0.0135,0.01341435,60.79,BTC-30JUN23-40000-C,23409.89,sell,0.2,,,,
900,243091090,2023-02-28 13:12:22,3,0.0135,0.01346658,60.75,BTC-30JUN23-40000-C,23427.93,sell,0.3,,,,
901,243091595,2023-02-28 13:24:12,2,0.013,0.01339191,60.35,BTC-30JUN23-40000-C,23385.39,sell,0.3,,,,
902,243119316,2023-02-28 21:12:15,3,0.013,0.01279964,61.34,BTC-30JUN23-40000-C,23133.34,sell,0.1,,,,
903,243119358,2023-02-28 21:12:16,3,0.013,0.01278981,61.36,BTC-30JUN23-40000-C,23129.01,sell,0.4,,,,
904,243119359,2023-02-28 21:12:16,3,0.013,0.01278981,61.36,BTC-30JUN23-40000-C,23129.01,sell,0.4,,,,
905,243119362,2023-02-28 21:12:16,3,0.013,0.01278981,61.37,BTC-30JUN23-40000-C,23129.01,sell,0.1,,,,
906,243157262,2023-03-01 07:50:01,0,0.015,0.01446521,61.39,BTC-30JUN23-40000-C,23712.79,buy,3.2,,,,
907,243157263,2023-03-01 07:50:01,1,0.015,0.01446521,61.39,BTC-30JUN23-40000-C,23712.79,buy,4.0,,,,
908,243157264,2023-03-01 07:50:01,1,0.015,0.01446521,61.39,BTC-30JUN23-40000-C,23712.79,buy,2.8,,,,
909,243161148,2023-03-01 08:24:56,0,0.0153,0.01544441,61.4,BTC-30JUN23-40000-C,23775.42,buy,100.0,66358,,BTC-CDIAG-30JUN23_31MAR23-40000_25000,
910,243161196,2023-03-01 08:26:32,0,0.0158,0.01536816,61.95,BTC-30JUN23-40000-C,23753.04,buy,100.0,66359,,BTC-CDIAG-30JUN23_31MAR23-40000_25000,
911,243161535,2023-03-01 08:28:36,2,0.0156,0.01541463,61.75,BTC-30JUN23-40000-C,23756.39,buy,100.0,66360,,BTC-CDIAG-30JUN23_31MAR23-40000_25000,
912,243175086,2023-03-01 12:24:17,0,0.016,0.01604145,62.23,BTC-30JUN23-40000-C,23748.94,sell,2.7,,,,
913,243177013,2023-03-01 13:13:15,2,0.0155,0.01556625,61.94,BTC-30JUN23-40000-C,23690.89,buy,1.0,,,,
914,243205128,2023-03-01 19:50:45,2,0.015,0.0149481,62.48,BTC-30JUN23-40000-C,23417.68,sell,0.1,,,,
915,243312226,2023-03-03 01:32:22,2,0.0135,0.01319936,66.18,BTC-30JUN23-40000-C,22242.95,sell,1.0,,,,
916,243350773,2023-03-03 03:53:05,3,0.0135,0.01368356,65.5,BTC-30JUN23-40000-C,22330.31,sell,0.1,,,,
917,243353531,2023-03-03 04:30:33,2,0.013,0.01353652,64.88,BTC-30JUN23-40000-C,22363.98,sell,2.3,,,,
918,243353532,2023-03-03 04:30:33,3,0.013,0.01353652,64.88,BTC-30JUN23-40000-C,22363.98,sell,0.7,,,,
919,243355490,2023-03-03 05:07:39,3,0.013,0.01325878,64.77,BTC-30JUN23-40000-C,22401.04,buy,0.3,,,,
920,243355625,2023-03-03 05:10:42,3,0.013,0.01315409,64.81,BTC-30JUN23-40000-C,22396.22,buy,0.3,,,,
921,243355797,2023-03-03 05:14:17,2,0.0125,0.01308293,64.28,BTC-30JUN23-40000-C,22372.64,sell,0.3,,,,
922,243356011,2023-03-03 05:16:58,0,0.013,0.01306068,64.85,BTC-30JUN23-40000-C,22373.55,buy,0.3,,,,
923,243356159,2023-03-03 05:20:06,1,0.013,0.01305688,64.86,BTC-30JUN23-40000-C,22366.68,buy,0.3,,,,
924,243356256,2023-03-03 05:23:15,1,0.013,0.01308491,64.89,BTC-30JUN23-40000-C,22354.65,buy,0.3,,,,
925,243356363,2023-03-03 05:24:22,0,0.0135,0.01307993,65.46,BTC-30JUN23-40000-C,22350.47,sell,2.1,,,,
926,243356364,2023-03-03 05:24:22,1,0.0135,0.01307993,65.46,BTC-30JUN23-40000-C,22350.47,sell,7.9,,,,
927,243356440,2023-03-03 05:26:17,2,0.013,0.01315475,64.92,BTC-30JUN23-40000-C,22349.11,sell,0.3,,,,
928,243356538,2023-03-03 05:29:31,3,0.013,0.01318261,64.92,BTC-30JUN23-40000-C,22351.73,sell,0.3,,,,
929,243356652,2023-03-03 05:32:39,3,0.013,0.0132311,64.89,BTC-30JUN23-40000-C,22362.46,sell,0.3,,,,
930,243356670,2023-03-03 05:33:19,0,0.0135,0.01324977,65.42,BTC-30JUN23-40000-C,22363.57,buy,2.1,,,,
931,243356741,2023-03-03 05:35:47,2,0.013,0.01325329,64.96,BTC-30JUN23-40000-C,22346.06,sell,0.3,,,,
932,243356911,2023-03-03 05:39:01,3,0.013,0.01334875,64.88,BTC-30JUN23-40000-C,22367.64,buy,0.3,,,,
933,243383914,2023-03-03 13:16:46,2,0.012,0.01242509,64.06,BTC-30JUN23-40000-C,22318.28,sell,0.1,,,,
934,243458929,2023-03-05 02:33:14,0,0.0125,0.01245052,64.5,BTC-30JUN23-40000-C,22465.13,sell,0.2,,,,
935,243458930,2023-03-05 02:33:14,1,0.0125,0.01245052,64.5,BTC-30JUN23-40000-C,22465.13,sell,0.5,,,,
936,243510364,2023-03-06 10:14:03,2,0.012,0.0115034,64.62,BTC-30JUN23-40000-C,22399.52,buy,0.1,,,,
937,243510365,2023-03-06 10:14:03,3,0.012,0.0115034,64.62,BTC-30JUN23-40000-C,22399.52,buy,0.9,,,,
938,243522979,2023-03-06 15:52:24,2,0.0114,0.0120436,63.26,BTC-30JUN23-40000-C,22587.13,sell,12.5,66759,,BTC-CS-30JUN23-30000_40000,
939,243522981,2023-03-06 15:52:25,3,0.0114,0.01203813,63.26,BTC-30JUN23-40000-C,22585.49,sell,12.5,66760,,BTC-CS-30JUN23-30000_40000,
940,243522985,2023-03-06 15:52:27,3,0.0114,0.01203296,63.25,BTC-30JUN23-40000-C,22587.65,sell,12.5,66761,,BTC-CS-30JUN23-30000_40000,
941,243522990,2023-03-06 15:52:27,3,0.0114,0.01204495,63.26,BTC-30JUN23-40000-C,22586.36,sell,12.5,66762,,BTC-CS-30JUN23-30000_40000,
942,243564397,2023-03-07 11:13:36,2,0.011,0.0113073,63.81,BTC-30JUN23-40000-C,22383.99,sell,0.1,,,,
943,243564398,2023-03-07 11:13:36,3,0.011,0.0113073,63.81,BTC-30JUN23-40000-C,22383.99,sell,0.3,,,,
944,243568525,2023-03-07 13:42:18,2,0.0105,0.010967,63.21,BTC-30JUN23-40000-C,22382.3,sell,1.2,,,,
945,243568590,2023-03-07 13:45:24,3,0.0105,0.01097001,63.2,BTC-30JUN23-40000-C,22387.08,sell,1.2,,,,
946,243568779,2023-03-07 13:48:31,3,0.0105,0.0109315,63.2,BTC-30JUN23-40000-C,22385.41,sell,1.2,,,,
947,243568875,2023-03-07 13:51:26,3,0.0105,0.01079037,63.22,BTC-30JUN23-40000-C,22379.8,buy,1.2,,,,
948,243568954,2023-03-07 13:54:32,3,0.0105,0.01076102,63.21,BTC-30JUN23-40000-C,22382.2,sell,1.2,,,,
949,243569039,2023-03-07 13:57:37,3,0.0105,0.01073886,63.23,BTC-30JUN23-40000-C,22374.25,buy,0.1,,,,
950,243620478,2023-03-07 21:10:49,2,0.01,0.0103017,63.99,BTC-30JUN23-40000-C,22027.47,sell,0.1,,,,
951,243666519,2023-03-08 11:34:14,3,0.01,0.00948563,64.05,BTC-30JUN23-40000-C,22072.49,buy,1.1,,,,
952,243706736,2023-03-08 20:29:02,2,0.009,0.00923852,63.11,BTC-30JUN23-40000-C,21992.76,sell,0.1,,,,
953,243730568,2023-03-09 00:27:23,2,0.0085,0.00904842,63.36,BTC-30JUN23-40000-C,21738.73,sell,0.1,,,,
954,243751846,2023-03-09 08:07:30,2,0.008,0.00823043,63.12,BTC-30JUN23-40000-C,21634.49,sell,0.1,,,,
955,243751847,2023-03-09 08:07:30,3,0.008,0.00823043,63.12,BTC-30JUN23-40000-C,21634.49,buy,0.9,,,,
956,243759259,2023-03-09 10:03:38,0,0.0085,0.00824518,63.9,BTC-30JUN23-40000-C,21625.23,buy,0.6,,,,
957,243769190,2023-03-09 13:37:38,2,0.008,0.00771061,63.14,BTC-30JUN23-40000-C,21638.64,sell,0.2,,,,
958,243769640,2023-03-09 13:43:06,3,0.008,0.00763916,63.14,BTC-30JUN23-40000-C,21637.86,buy,0.1,,,,
959,243830423,2023-03-09 19:18:21,2,0.007,0.00685101,64.17,BTC-30JUN23-40000-C,20946.89,sell,7.0,,,,
960,243837663,2023-03-09 20:00:42,2,0.0065,0.00698768,63.72,BTC-30JUN23-40000-C,20836.96,sell,2.0,,,,
961,243837664,2023-03-09 20:00:42,3,0.0065,0.00698768,63.72,BTC-30JUN23-40000-C,20836.96,sell,2.9,,,,
962,243837665,2023-03-09 20:00:42,3,0.0065,0.00698768,63.72,BTC-30JUN23-40000-C,20836.96,sell,5.1,,,,
963,243837935,2023-03-09 20:03:00,3,0.0065,0.00699313,63.7,BTC-30JUN23-40000-C,20840.92,sell,2.0,,,,
964,243837939,2023-03-09 20:03:05,3,0.0065,0.00699402,63.7,BTC-30JUN23-40000-C,20841.96,buy,2.0,,,,
965,243837957,2023-03-09 20:03:11,3,0.0065,0.00698276,63.71,BTC-30JUN23-40000-C,20836.42,buy,1.0,,,,
966,243877076,2023-03-09 21:46:20,3,0.0065,0.00703221,65.7,BTC-30JUN23-40000-C,20318.86,sell,2.0,,,,
967,243877077,2023-03-09 21:46:20,3,0.0065,0.00703221,65.7,BTC-30JUN23-40000-C,20318.86,buy,1.0,,,,
968,243920637,2023-03-10 04:06:53,2,0.006,0.00609966,66.12,BTC-30JUN23-40000-C,19981.43,sell,0.1,,,,
969,243920638,2023-03-10 04:06:53,3,0.006,0.00609966,66.12,BTC-30JUN23-40000-C,19981.43,sell,0.1,,,,
970,243923130,2023-03-10 04:41:30,3,0.006,0.00615766,66.48,BTC-30JUN23-40000-C,19882.67,sell,0.4,,,,
