trade_seq,trade_id,timestamp,tick_direction,price,mark_price,iv,instrument_name,index_price,direction,contracts,block_trade_id,amount,liquidation,combo_trade_id,combo_id
1,258938659,2023-06-22 13:29:53,1,0.0855,0.08707235,57.5,BTC-28JUN24-50000-C,30256.47,sell,,,5.0,,,
2,259682956,2023-06-29 09:27:54,2,0.085,0.0822084,57.27,BTC-28JUN24-50000-C,30438.69,buy,,,0.1,,,
3,259755689,2023-06-30 00:29:29,2,0.0785,0.08083211,55.29,BTC-28JUN24-50000-C,30492.14,sell,,,0.1,,,
4,259838301,2023-06-30 08:10:58,2,0.0725,0.07765565,53.04,BTC-28JUN24-50000-C,30733.06,sell,,,1.8,,,
5,259857933,2023-06-30 10:35:51,0,0.079,0.08018658,54.78,BTC-28JUN24-50000-C,30753.46,buy,,,2.0,,,
6,259876023,2023-06-30 12:50:30,0,0.084,0.08326087,55.34,BTC-28JUN24-50000-C,31053.31,buy,,,1.0,,,
7,260053200,2023-07-02 18:50:41,2,0.081,0.08235232,55.86,BTC-28JUN24-50000-C,30481.24,sell,,,1.0,,,
8,260053975,2023-07-02 19:51:53,2,0.079,0.08156869,55.11,BTC-28JUN24-50000-C,30559.51,buy,,,0.1,,,
9,260084657,2023-07-03 07:36:42,0,0.0835,0.08299807,56.07,BTC-28JUN24-50000-C,30716.57,buy,,,0.1,,,
10,260113097,2023-07-03 15:04:45,0,0.085,0.08394969,56.37,BTC-28JUN24-50000-C,30894.15,buy,,,1.0,,,
11,260115993,2023-07-03 15:16:13,0,0.0855,0.08513333,56.26,BTC-28JUN24-50000-C,30932.13,buy,,,1.0,,,
12,260119425,2023-07-03 15:36:51,0,0.086,0.08641742,56.2,BTC-28JUN24-50000-C,31027.65,buy,,,0.1,,,
13,260297899,2023-07-05 22:08:28,2,0.0839,0.08410814,56.71,BTC-28JUN24-50000-C,30475.09,sell,,83571,25.0,,,BTC-CS-28JUN24-40000_50000
14,260433454,2023-07-06 20:49:59,0,0.087,0.08826869,58.14,BTC-28JUN24-50000-C,30277.44,sell,,,0.1,,,
15,260454196,2023-07-07 00:18:26,2,0.0865,0.0867082,58.68,BTC-28JUN24-50000-C,29989.31,sell,,,0.1,,,
16,260454901,2023-07-07 00:29:30,3,0.0865,0.08644109,58.68,BTC-28JUN24-50000-C,29987.08,sell,,,0.1,,,
17,260719095,2023-07-11 18:05:19,2,0.082,0.08528978,56.37,BTC-28JUN24-50000-C,30560.9,sell,,,0.1,,,
18,260721822,2023-07-11 18:52:40,3,0.082,0.08298922,56.67,BTC-28JUN24-50000-C,30469.42,sell,,,0.1,,,
19,260721823,2023-07-11 18:52:40,3,0.082,0.08298922,56.67,BTC-28JUN24-50000-C,30469.42,sell,,,0.1,,,
20,260789097,2023-07-12 14:38:08,0,0.084,0.08512836,56.56,BTC-28JUN24-50000-C,30786.62,buy,,,1.0,,,
21,260823634,2023-07-12 20:56:53,2,0.0815,0.08056319,56.87,BTC-28JUN24-50000-C,30330.29,buy,,,0.1,,,
22,260823635,2023-07-12 20:56:53,3,0.0815,0.08056319,56.87,BTC-28JUN24-50000-C,30330.29,buy,,,0.1,,,
23,260823636,2023-07-12 20:56:53,0,0.082,0.08056319,57.02,BTC-28JUN24-50000-C,30330.29,buy,,,0.1,,,
24,260823637,2023-07-12 20:56:53,1,0.082,0.08056319,57.02,BTC-28JUN24-50000-C,30330.29,buy,,,0.7,,,
25,260824666,2023-07-12 21:28:13,2,0.078,0.07989685,55.84,BTC-28JUN24-50000-C,30347.43,sell,,,0.1,,,
26,260824667,2023-07-12 21:28:13,3,0.078,0.07989685,55.84,BTC-28JUN24-50000-C,30347.43,sell,,,0.1,,,
27,260851556,2023-07-13 10:10:31,0,0.079,0.0787123,55.7,BTC-28JUN24-50000-C,30561.3,buy,,,10.0,,,
28,260856104,2023-07-13 12:19:07,2,0.0775,0.07733743,55.17,BTC-28JUN24-50000-C,30565.73,buy,,,10.0,,,
29,260864570,2023-07-13 14:15:17,2,0.077,0.07833703,55.16,BTC-28JUN24-50000-C,30538.69,buy,,,2.0,,,
30,260871855,2023-07-13 15:32:57,0,0.0795,0.07983828,55.26,BTC-28JUN24-50000-C,30898.83,buy,,,1.0,,,
31,260883005,2023-07-13 15:58:35,0,0.08,0.08025046,55.1,BTC-28JUN24-50000-C,30943.62,buy,,,1.0,,,
32,260885395,2023-07-13 16:10:32,1,0.08,0.08020013,55.18,BTC-28JUN24-50000-C,30936.48,buy,,,1.0,,,
33,260886289,2023-07-13 16:14:44,2,0.0795,0.08016542,55.07,BTC-28JUN24-50000-C,30898.15,buy,,,1.0,,,
34,260887840,2023-07-13 16:23:45,0,0.0815,0.08054852,55.67,BTC-28JUN24-50000-C,30907.94,buy,,,0.1,,,
35,260904494,2023-07-13 17:50:02,0,0.0845,0.08547557,56.07,BTC-28JUN24-50000-C,31118.9,buy,,,1.0,,,
36,260905626,2023-07-13 17:59:14,0,0.085,0.08564734,56.22,BTC-28JUN24-50000-C,31100.21,buy,,,1.0,,,
37,260905861,2023-07-13 18:01:55,1,0.085,0.08563677,56.21,BTC-28JUN24-50000-C,31092.47,buy,,,1.0,,,
38,260909841,2023-07-13 18:13:21,0,0.087,0.0879383,56.19,BTC-28JUN24-50000-C,31409.9,buy,,,1.0,,,
39,260910261,2023-07-13 18:14:47,0,0.0875,0.08806632,56.28,BTC-28JUN24-50000-C,31430.88,buy,,,1.0,,,
40,260916128,2023-07-13 18:29:35,2,0.0855,0.08665694,55.86,BTC-28JUN24-50000-C,31275.4,buy,,,2.0,,,
41,261103502,2023-07-15 12:48:37,2,0.0795,0.07875642,56.37,BTC-28JUN24-50000-C,30367.57,sell,,,5.0,,,
42,261104932,2023-07-15 13:46:23,3,0.0795,0.08004329,56.47,BTC-28JUN24-50000-C,30305.64,sell,,,5.0,,,
43,261141901,2023-07-16 20:04:09,2,0.075,0.07778749,55.4,BTC-28JUN24-50000-C,30282.19,sell,,,0.1,,,
44,261141902,2023-07-16 20:04:09,3,0.075,0.07778749,55.4,BTC-28JUN24-50000-C,30282.19,sell,,,0.1,,,
45,261190926,2023-07-17 18:33:37,0,0.0755,0.07578596,56.3,BTC-28JUN24-50000-C,29930.61,sell,,,3.2,,,
46,261245214,2023-07-18 14:17:25,0,0.078,0.07535498,57.24,BTC-28JUN24-50000-C,29891.67,buy,,,5.0,,,
47,261245215,2023-07-18 14:17:25,1,0.078,0.07535498,57.24,BTC-28JUN24-50000-C,29891.67,buy,,,6.8,,,
48,261268489,2023-07-19 00:25:02,1,0.078,0.07951279,57.33,BTC-28JUN24-50000-C,29914.85,sell,,,1.0,,,
49,261272590,2023-07-19 02:02:38,0,0.079,0.07927345,57.3,BTC-28JUN24-50000-C,30019.48,sell,,,1.0,,,
50,261280664,2023-07-19 05:59:22,0,0.081,0.08079099,57.59,BTC-28JUN24-50000-C,30112.07,sell,,,0.2,,,
51,261280665,2023-07-19 05:59:24,2,0.079,0.08079048,57.0,BTC-28JUN24-50000-C,30112.02,sell,,,1.0,,,
52,261281414,2023-07-19 06:18:37,0,0.0805,0.07924801,57.54,BTC-28JUN24-50000-C,30088.55,sell,,,0.1,,,
53,261293168,2023-07-19 12:29:03,2,0.077,0.07802312,56.88,BTC-28JUN24-50000-C,29928.01,sell,,,1.0,,,
54,261373700,2023-07-20 15:21:40,3,0.077,0.077305,57.24,BTC-28JUN24-50000-C,29790.06,sell,,,1.0,,,
55,261421291,2023-07-21 12:32:16,2,0.0765,0.07725521,57.03,BTC-28JUN24-50000-C,29839.8,sell,,,0.4,,,
56,261459690,2023-07-22 11:05:18,2,0.074,0.07568124,56.39,BTC-28JUN24-50000-C,29906.03,sell,,,0.1,,,
57,261459705,2023-07-22 11:07:45,3,0.074,0.07569778,56.39,BTC-28JUN24-50000-C,29904.89,sell,,,0.1,,,
58,261468812,2023-07-22 23:17:06,0,0.075,0.07507088,57.01,BTC-28JUN24-50000-C,29756.44,sell,,,0.1,,,
59,261470424,2023-07-22 23:29:40,1,0.075,0.07630118,57.13,BTC-28JUN24-50000-C,29691.63,sell,,,0.9,,,
60,261521340,2023-07-24 07:10:50,1,0.075,0.07569479,57.12,BTC-28JUN24-50000-C,29750.11,sell,,,0.1,,,
61,261521341,2023-07-24 07:10:50,1,0.075,0.07569479,57.12,BTC-28JUN24-50000-C,29750.11,sell,,,0.1,,,
62,261569118,2023-07-24 15:52:41,2,0.071,0.07176409,57.41,BTC-28JUN24-50000-C,29049.43,sell,,,1.0,,,
63,261578766,2023-07-24 20:48:13,0,0.073,0.07298213,57.92,BTC-28JUN24-50000-C,29127.67,sell,,,0.1,,,
64,261590737,2023-07-25 07:16:05,2,0.071,0.07148423,57.41,BTC-28JUN24-50000-C,29141.95,sell,,,0.1,,,
65,261599903,2023-07-25 13:17:16,2,0.07,0.07086072,57.18,BTC-28JUN24-50000-C,29116.06,sell,,,0.1,,,
66,261599904,2023-07-25 13:17:16,3,0.07,0.07086072,57.18,BTC-28JUN24-50000-C,29116.06,sell,,,1.0,,,
67,261631525,2023-07-26 06:44:08,2,0.069,0.07009236,56.64,BTC-28JUN24-50000-C,29208.03,sell,,,1.0,,,
68,261640482,2023-07-26 13:37:16,0,0.0708,0.0700692,57.16,BTC-28JUN24-50000-C,29251.99,buy,,86688,500.0,,,BTC-CDIAG-28JUN24_29MAR24-50000_45000
69,261647131,2023-07-26 15:07:01,0,0.071,0.07091176,57.2,BTC-28JUN24-50000-C,29271.76,sell,,,0.1,,,
70,261647577,2023-07-26 15:19:58,0,0.0725,0.07109577,57.67,BTC-28JUN24-50000-C,29299.46,buy,,,1.0,,,
71,261647761,2023-07-26 15:25:11,1,0.0725,0.07113788,57.68,BTC-28JUN24-50000-C,29289.23,buy,,,0.3,,,
72,261661312,2023-07-26 18:56:17,2,0.0715,0.07052871,57.13,BTC-28JUN24-50000-C,29351.46,buy,,,0.1,,,
73,261661423,2023-07-26 18:58:09,0,0.0725,0.07065118,57.41,BTC-28JUN24-50000-C,29363.04,buy,,,0.1,,,
74,261661424,2023-07-26 18:58:09,1,0.0725,0.07065118,57.41,BTC-28JUN24-50000-C,29363.04,buy,,,0.1,,,
75,261661444,2023-07-26 18:58:25,1,0.0725,0.07067899,57.4,BTC-28JUN24-50000-C,29370.44,buy,,,0.1,,,
76,261661453,2023-07-26 18:58:57,1,0.0725,0.07066579,57.41,BTC-28JUN24-50000-C,29368.74,buy,,,0.6,,,
77,261683596,2023-07-27 03:18:06,2,0.069,0.06935075,56.24,BTC-28JUN24-50000-C,29426.48,sell,,,0.1,,,
78,261684382,2023-07-27 04:04:08,2,0.0685,0.06874785,56.06,BTC-28JUN24-50000-C,29419.25,sell,,,0.1,,,
79,261684383,2023-07-27 04:04:08,3,0.0685,0.06874785,56.06,BTC-28JUN24-50000-C,29419.25,sell,,,3.8,,,
80,261684385,2023-07-27 04:05:27,3,0.0685,0.06902818,56.05,BTC-28JUN24-50000-C,29418.42,sell,,,0.1,,,
81,261685329,2023-07-27 05:03:28,3,0.0685,0.0686185,55.89,BTC-28JUN24-50000-C,29482.14,sell,,,9.0,,,
82,261686048,2023-07-27 05:41:17,2,0.068,0.06822464,55.76,BTC-28JUN24-50000-C,29457.18,sell,,,0.1,,,
83,261696107,2023-07-27 11:29:09,0,0.07,0.06938769,56.38,BTC-28JUN24-50000-C,29479.46,buy,,,10.0,,,
84,261704835,2023-07-27 15:10:03,1,0.07,0.07025453,56.88,BTC-28JUN24-50000-C,29272.23,sell,,,0.3,,,
85,261707500,2023-07-27 16:31:47,0,0.0715,0.07086532,57.32,BTC-28JUN24-50000-C,29280.7,sell,,,0.5,,,
86,261731691,2023-07-28 07:00:58,2,0.0685,0.06862414,56.74,BTC-28JUN24-50000-C,29182.53,sell,,,0.7,,,
87,261733052,2023-07-28 07:33:34,2,0.068,0.06881378,56.59,BTC-28JUN24-50000-C,29179.56,sell,,,0.1,,,
88,261733055,2023-07-28 07:33:36,3,0.068,0.06880848,56.59,BTC-28JUN24-50000-C,29179.59,sell,,,0.1,,,
89,261733060,2023-07-28 07:33:37,3,0.068,0.0688047,56.6,BTC-28JUN24-50000-C,29179.04,sell,,,0.1,,,
90,261733062,2023-07-28 07:33:39,3,0.068,0.0688017,56.6,BTC-28JUN24-50000-C,29178.65,sell,,,0.1,,,
91,261733065,2023-07-28 07:33:40,3,0.068,0.06880122,56.6,BTC-28JUN24-50000-C,29178.64,sell,,,0.1,,,
92,261733069,2023-07-28 07:33:42,3,0.068,0.06880289,56.6,BTC-28JUN24-50000-C,29178.94,sell,,,0.1,,,
93,261733072,2023-07-28 07:33:43,3,0.068,0.06880249,56.6,BTC-28JUN24-50000-C,29179.14,sell,,,0.1,,,
94,261733074,2023-07-28 07:33:44,3,0.068,0.06880368,56.6,BTC-28JUN24-50000-C,29179.01,sell,,,0.1,,,
95,261733080,2023-07-28 07:33:46,3,0.068,0.06880255,56.6,BTC-28JUN24-50000-C,29179.06,sell,,,0.1,,,
96,261733083,2023-07-28 07:33:47,3,0.068,0.06880253,56.6,BTC-28JUN24-50000-C,29179.08,sell,,,0.1,,,
97,261743373,2023-07-28 09:23:52,2,0.0665,0.06743999,56.24,BTC-28JUN24-50000-C,29128.32,sell,,,0.1,,,
98,261743381,2023-07-28 09:24:24,3,0.0665,0.06747438,56.23,BTC-28JUN24-50000-C,29137.15,sell,,,0.1,,,
99,261744373,2023-07-28 09:58:23,3,0.0665,0.06813585,56.07,BTC-28JUN24-50000-C,29209.48,sell,,,0.1,,,
100,261744411,2023-07-28 09:58:42,2,0.066,0.06812759,55.91,BTC-28JUN24-50000-C,29204.66,sell,,,0.1,,,
101,261744420,2023-07-28 09:58:46,3,0.066,0.06812578,55.91,BTC-28JUN24-50000-C,29204.07,sell,,,0.1,,,
102,261744422,2023-07-28 09:58:48,3,0.066,0.06812597,55.91,BTC-28JUN24-50000-C,29204.88,sell,,,0.1,,,
103,261744424,2023-07-28 09:58:49,3,0.066,0.06813722,55.91,BTC-28JUN24-50000-C,29205.85,sell,,,0.1,,,
104,261755943,2023-07-28 14:42:27,0,0.0695,0.06927597,56.4,BTC-28JUN24-50000-C,29455.77,sell,,,0.5,,,
105,261777431,2023-07-29 08:33:47,2,0.067,0.06694258,56.1,BTC-28JUN24-50000-C,29312.55,buy,,,0.1,,,
106,261777433,2023-07-29 08:33:47,3,0.067,0.06694258,56.1,BTC-28JUN24-50000-C,29312.55,buy,,,0.1,,,
107,261779441,2023-07-29 10:35:33,2,0.0665,0.06620874,56.03,BTC-28JUN24-50000-C,29293.01,buy,,,0.1,,,
108,261780609,2023-07-29 12:20:16,2,0.066,0.06627541,55.86,BTC-28JUN24-50000-C,29300.13,sell,,,0.2,,,
109,261780613,2023-07-29 12:20:32,3,0.066,0.06628543,55.85,BTC-28JUN24-50000-C,29302.11,sell,,,0.3,,,
110,261780629,2023-07-29 12:21:26,3,0.066,0.06627863,55.85,BTC-28JUN24-50000-C,29310.18,sell,,,0.5,,,
111,261780671,2023-07-29 12:22:42,3,0.066,0.06624002,55.85,BTC-28JUN24-50000-C,29312.52,sell,,,0.5,,,
112,261780672,2023-07-29 12:22:42,3,0.066,0.06624002,55.85,BTC-28JUN24-50000-C,29312.52,sell,,,0.2,,,
113,261780782,2023-07-29 12:30:39,0,0.0665,0.06581111,56.01,BTC-28JUN24-50000-C,29327.53,buy,,,0.1,,,
114,261781983,2023-07-29 13:22:11,2,0.0655,0.06552117,55.68,BTC-28JUN24-50000-C,29315.05,buy,,,0.1,,,
115,261781986,2023-07-29 13:22:11,3,0.0655,0.06552117,55.68,BTC-28JUN24-50000-C,29315.05,buy,,,0.1,,,
116,261781988,2023-07-29 13:22:12,3,0.0655,0.06552117,55.68,BTC-28JUN24-50000-C,29315.05,buy,,,0.1,,,
117,261782087,2023-07-29 13:31:45,2,0.065,0.06517228,55.52,BTC-28JUN24-50000-C,29315.03,sell,,,0.1,,,
118,261782088,2023-07-29 13:31:45,3,0.065,0.06517228,55.52,BTC-28JUN24-50000-C,29315.03,buy,,,0.1,,,
119,261782090,2023-07-29 13:31:45,3,0.065,0.06517228,55.52,BTC-28JUN24-50000-C,29315.03,buy,,,0.1,,,
120,261782096,2023-07-29 13:32:45,2,0.0645,0.06486759,55.35,BTC-28JUN24-50000-C,29313.33,buy,,,0.1,,,
121,261782098,2023-07-29 13:32:45,3,0.0645,0.06486331,55.35,BTC-28JUN24-50000-C,29313.33,buy,,,0.1,,,
122,261782361,2023-07-29 14:10:46,0,0.065,0.06489374,55.53,BTC-28JUN24-50000-C,29295.38,buy,,,4.0,,,
123,261782575,2023-07-29 14:48:03,2,0.064,0.06439617,55.21,BTC-28JUN24-50000-C,29300.76,buy,,,0.1,,,
124,261782759,2023-07-29 15:04:41,2,0.0635,0.06383635,55.05,BTC-28JUN24-50000-C,29294.53,sell,,,4.9,,,
125,261792641,2023-07-30 08:13:31,0,0.065,0.06456333,55.62,BTC-28JUN24-50000-C,29295.29,buy,,,4.0,,,
126,261804248,2023-07-30 16:30:08,2,0.064,0.06422942,55.09,BTC-28JUN24-50000-C,29366.92,sell,,,0.1,,,
127,261804528,2023-07-30 16:43:14,3,0.064,0.0636882,55.16,BTC-28JUN24-50000-C,29347.04,buy,,,2.9,,,
128,261825569,2023-07-31 02:28:07,0,0.0645,0.06408089,55.14,BTC-28JUN24-50000-C,29463.06,buy,,,0.1,,,
129,261827210,2023-07-31 04:07:16,1,0.0645,0.06397894,55.21,BTC-28JUN24-50000-C,29424.55,buy,,,0.1,,,
130,261830185,2023-07-31 06:27:13,1,0.0645,0.06418875,55.2,BTC-28JUN24-50000-C,29426.46,buy,,,2.8,,,
131,261835242,2023-07-31 09:55:25,0,0.066,0.06515922,55.81,BTC-28JUN24-50000-C,29359.16,buy,,,0.1,,,
132,261835243,2023-07-31 09:55:25,1,0.066,0.06515922,55.81,BTC-28JUN24-50000-C,29359.16,sell,,,0.3,,,
133,261838873,2023-07-31 12:36:48,2,0.065,0.06525166,55.39,BTC-28JUN24-50000-C,29433.61,sell,,,0.4,,,
134,261838874,2023-07-31 12:36:48,3,0.065,0.06525166,55.39,BTC-28JUN24-50000-C,29433.61,sell,,,0.1,,,
135,261841072,2023-07-31 13:37:53,2,0.064,0.06386244,55.14,BTC-28JUN24-50000-C,29406.26,sell,,,0.1,,,
136,261841073,2023-07-31 13:37:53,3,0.064,0.06386244,55.14,BTC-28JUN24-50000-C,29406.26,sell,,,0.1,,,
137,261841074,2023-07-31 13:37:53,3,0.064,0.06386244,55.14,BTC-28JUN24-50000-C,29406.26,sell,,,0.1,,,
138,261844226,2023-07-31 14:36:39,3,0.064,0.06435607,55.37,BTC-28JUN24-50000-C,29275.49,sell,,,0.1,,,
139,261844314,2023-07-31 14:38:03,3,0.064,0.06438783,55.35,BTC-28JUN24-50000-C,29304.11,sell,,,0.1,,,
140,261881116,2023-08-01 06:34:17,2,0.0635,0.0638362,56.05,BTC-28JUN24-50000-C,28943.94,sell,,,1.0,,,
141,261886468,2023-08-01 10:01:50,2,0.062,0.06277859,55.63,BTC-28JUN24-50000-C,28913.09,sell,,,0.1,,,
142,261886469,2023-08-01 10:01:50,3,0.062,0.06277859,55.63,BTC-28JUN24-50000-C,28913.09,sell,,,0.1,,,
143,261886470,2023-08-01 10:01:50,3,0.062,0.06277859,55.63,BTC-28JUN24-50000-C,28913.09,sell,,,0.1,,,
144,261895416,2023-08-01 15:03:37,2,0.061,0.06187139,55.4,BTC-28JUN24-50000-C,28781.9,sell,,,0.1,,,
145,261895417,2023-08-01 15:03:37,3,0.061,0.06187139,55.4,BTC-28JUN24-50000-C,28781.9,sell,,,1.0,,,
146,261945130,2023-08-02 00:44:10,0,0.067,0.06627244,55.36,BTC-28JUN24-50000-C,29723.71,buy,,,0.5,,,
147,261947510,2023-08-02 01:07:23,0,0.0675,0.06718807,55.25,BTC-28JUN24-50000-C,29874.78,buy,,,0.5,,,
148,261984530,2023-08-02 14:09:33,2,0.064,0.06513168,55.47,BTC-28JUN24-50000-C,29290.53,sell,,,1.0,,,
149,262065166,2023-08-03 20:05:02,0,0.065,0.06341854,55.8,BTC-28JUN24-50000-C,29291.39,buy,,,0.1,,,
150,262065701,2023-08-03 20:15:20,0,0.0655,0.06352011,55.97,BTC-28JUN24-50000-C,29293.81,buy,,,0.9,,,
151,262087805,2023-08-04 09:29:29,2,0.062,0.06253409,55.12,BTC-28JUN24-50000-C,29180.92,sell,,,5.1,,,
152,262108851,2023-08-04 18:45:33,2,0.0615,0.06153689,55.38,BTC-28JUN24-50000-C,28980.6,sell,,,0.5,,,
153,262130079,2023-08-05 09:56:46,2,0.06,0.06082413,54.87,BTC-28JUN24-50000-C,29027.21,sell,,,0.1,,,
154,262130081,2023-08-05 09:56:48,3,0.06,0.06082424,54.87,BTC-28JUN24-50000-C,29026.96,sell,,,0.1,,,
155,262130083,2023-08-05 09:56:48,3,0.06,0.06082424,54.87,BTC-28JUN24-50000-C,29026.96,sell,,,0.1,,,
156,262130085,2023-08-05 09:56:48,3,0.06,0.06082424,54.87,BTC-28JUN24-50000-C,29026.96,sell,,,0.1,,,
157,262130087,2023-08-05 09:56:48,3,0.06,0.06082424,54.87,BTC-28JUN24-50000-C,29026.96,sell,,,0.1,,,
158,262130089,2023-08-05 09:56:50,3,0.06,0.06082324,54.87,BTC-28JUN24-50000-C,29026.96,sell,,,0.1,,,
159,262130096,2023-08-05 09:56:50,3,0.06,0.06082324,54.87,BTC-28JUN24-50000-C,29026.96,sell,,,0.1,,,
160,262133371,2023-08-05 12:50:11,2,0.0595,0.0596772,54.88,BTC-28JUN24-50000-C,28960.91,sell,,,0.1,,,
161,262133963,2023-08-05 13:43:23,0,0.06,0.06025233,55.02,BTC-28JUN24-50000-C,28970.85,sell,,,0.1,,,
162,262143903,2023-08-06 05:54:20,0,0.0605,0.06005391,55.08,BTC-28JUN24-50000-C,29055.38,buy,,,0.4,,,
163,262147950,2023-08-06 09:12:20,2,0.059,0.06389136,54.58,BTC-28JUN24-50000-C,29056.65,sell,,,0.1,,,
164,262147951,2023-08-06 09:12:20,3,0.059,0.06389136,54.58,BTC-28JUN24-50000-C,29056.65,sell,,,0.1,,,
165,262150230,2023-08-06 12:54:59,2,0.058,0.05800504,54.39,BTC-28JUN24-50000-C,28998.88,sell,,,0.1,,,
166,262150234,2023-08-06 12:55:41,2,0.0575,0.05797663,54.22,BTC-28JUN24-50000-C,28999.99,sell,,,0.2,,,
167,262150235,2023-08-06 12:55:41,3,0.0575,0.05797663,54.22,BTC-28JUN24-50000-C,28999.99,sell,,,0.2,,,
168,262158371,2023-08-06 21:32:13,0,0.058,0.05726206,54.07,BTC-28JUN24-50000-C,29136.14,buy,,,2.0,,,
169,262177616,2023-08-07 10:54:10,1,0.058,0.0573632,54.25,BTC-28JUN24-50000-C,29066.15,buy,,,0.1,,,
170,262177621,2023-08-07 10:54:12,1,0.058,0.05733661,54.26,BTC-28JUN24-50000-C,29063.15,buy,,,1.5,,,
171,262181116,2023-08-07 13:14:01,1,0.058,0.05721977,54.42,BTC-28JUN24-50000-C,29006.2,buy,,,0.2,,,
172,262204611,2023-08-07 18:53:29,1,0.058,0.05755697,54.29,BTC-28JUN24-50000-C,29061.13,buy,,,10.0,,,
173,262204926,2023-08-07 19:11:23,1,0.058,0.05731907,54.29,BTC-28JUN24-50000-C,29069.52,buy,,,5.7,,,
174,262214641,2023-08-08 03:29:57,0,0.0585,0.0579086,54.27,BTC-28JUN24-50000-C,29163.63,buy,,,0.4,,,
175,262215121,2023-08-08 04:18:48,1,0.0585,0.05816088,54.28,BTC-28JUN24-50000-C,29155.2,buy,,,0.6,,,
176,262254134,2023-08-08 17:04:45,0,0.0608,0.06194464,53.89,BTC-28JUN24-50000-C,29681.28,sell,,88893,25.0,,,BTC-CS-28JUN24-40000_50000
177,262314185,2023-08-09 12:36:32,0,0.0645,0.06466439,54.72,BTC-28JUN24-50000-C,29900.31,sell,,,0.1,,,
178,262317500,2023-08-09 13:02:14,0,0.0665,0.06587481,55.06,BTC-28JUN24-50000-C,30038.15,buy,,,0.9,,,
179,262325691,2023-08-09 14:56:46,2,0.0655,0.06479345,55.35,BTC-28JUN24-50000-C,29765.31,buy,,,0.9,,,
180,262418621,2023-08-11 13:13:01,2,0.0595,0.0590219,54.29,BTC-28JUN24-50000-C,29421.56,buy,,,1.2,,,
181,262438609,2023-08-11 20:08:54,2,0.0575,0.05809527,53.75,BTC-28JUN24-50000-C,29372.88,sell,,,0.2,,,
182,262445545,2023-08-12 07:51:45,2,0.056,0.05753087,53.2,BTC-28JUN24-50000-C,29395.86,buy,,,2.0,,,
183,262447382,2023-08-12 10:15:26,2,0.0555,0.05760725,52.99,BTC-28JUN24-50000-C,29401.26,sell,,,0.1,,,
184,262447392,2023-08-12 10:15:33,3,0.0555,0.05760157,53.0,BTC-28JUN24-50000-C,29401.11,sell,,,0.1,,,
185,262450976,2023-08-12 15:39:28,3,0.0555,0.05737482,52.97,BTC-28JUN24-50000-C,29438.44,buy,,,0.1,,,
186,262450978,2023-08-12 15:39:30,3,0.0555,0.05737055,52.97,BTC-28JUN24-50000-C,29438.44,buy,,,0.1,,,
187,262451005,2023-08-12 15:42:14,2,0.055,0.05677476,52.8,BTC-28JUN24-50000-C,29438.83,sell,,,0.1,,,
188,262451006,2023-08-12 15:42:14,3,0.055,0.05677476,52.8,BTC-28JUN24-50000-C,29438.83,sell,,,6.7,,,
189,262473992,2023-08-14 00:00:11,0,0.0555,0.05552435,53.39,BTC-28JUN24-50000-C,29277.23,sell,,,0.5,,,
190,262497789,2023-08-14 11:38:25,2,0.0545,0.05448601,52.95,BTC-28JUN24-50000-C,29358.65,sell,,,0.1,,,
191,262498363,2023-08-14 12:23:36,2,0.054,0.05411118,52.82,BTC-28JUN24-50000-C,29336.82,sell,,,0.2,,,
192,262500883,2023-08-14 13:42:25,2,0.0535,0.05368907,52.69,BTC-28JUN24-50000-C,29315.73,sell,,,0.1,,,
193,262502863,2023-08-14 14:24:23,3,0.0535,0.05385164,52.5,BTC-28JUN24-50000-C,29394.85,sell,,,0.1,,,
194,262503990,2023-08-14 14:38:58,2,0.053,0.05318356,52.26,BTC-28JUN24-50000-C,29422.84,sell,,89703,12.5,,,BTC-CS-28JUN24-40000_50000
195,262506081,2023-08-14 14:44:40,0,0.0535,0.05362555,52.22,BTC-28JUN24-50000-C,29517.96,sell,,89708,12.5,,,BTC-CS-28JUN24-40000_50000
196,262524657,2023-08-14 17:59:53,0,0.055,0.05505413,52.83,BTC-28JUN24-50000-C,29458.05,sell,,,0.5,,,
197,262524711,2023-08-14 18:00:14,1,0.055,0.05500344,52.84,BTC-28JUN24-50000-C,29453.92,sell,,,0.5,,,
198,262525871,2023-08-14 18:03:42,2,0.0545,0.05446286,52.84,BTC-28JUN24-50000-C,29366.6,sell,,,0.6,,,
199,262526437,2023-08-14 18:06:56,3,0.0545,0.05437645,52.88,BTC-28JUN24-50000-C,29342.8,sell,,,0.4,,,
200,262528419,2023-08-14 18:13:49,2,0.054,0.05413193,52.82,BTC-28JUN24-50000-C,29301.02,sell,,,1.0,,,
201,262576159,2023-08-15 16:58:20,2,0.0525,0.05266522,52.5,BTC-28JUN24-50000-C,29254.15,sell,,,0.2,,,
202,262576160,2023-08-15 16:58:20,3,0.0525,0.05266522,52.5,BTC-28JUN24-50000-C,29254.15,sell,,,1.0,,,
203,262579316,2023-08-15 18:38:18,2,0.052,0.05218963,52.21,BTC-28JUN24-50000-C,29318.63,sell,,,0.1,,,
204,262588411,2023-08-15 20:24:42,2,0.0515,0.05155454,52.35,BTC-28JUN24-50000-C,29179.43,sell,,,0.2,,,
205,262588412,2023-08-15 20:24:42,2,0.051,0.05155454,52.17,BTC-28JUN24-50000-C,29179.43,buy,,,1.1,,,
206,262588738,2023-08-15 20:34:57,3,0.051,0.05124347,52.14,BTC-28JUN24-50000-C,29191.73,buy,,,1.1,,,
207,262634413,2023-08-16 16:42:13,2,0.05,0.05048064,52.38,BTC-28JUN24-50000-C,28964.44,sell,,,0.1,,,
208,262644964,2023-08-16 20:29:48,3,0.05,0.04983488,52.48,BTC-28JUN24-50000-C,28911.17,sell,,,0.2,,,
209,262644965,2023-08-16 20:29:48,3,0.05,0.04983488,52.48,BTC-28JUN24-50000-C,28911.17,sell,,,0.1,,,
210,262654076,2023-08-16 22:19:02,2,0.049,0.04964816,52.13,BTC-28JUN24-50000-C,28919.89,buy,,,2.0,,,
211,262654495,2023-08-16 22:42:00,3,0.049,0.04950143,52.15,BTC-28JUN24-50000-C,28916.1,buy,,,0.5,,,
212,262682310,2023-08-17 03:24:29,2,0.0475,0.04788893,52.33,BTC-28JUN24-50000-C,28605.93,sell,,,0.4,,,
213,262691406,2023-08-17 07:40:33,0,0.048,0.0465534,52.52,BTC-28JUN24-50000-C,28577.73,buy,,,2.1,,,
214,262691407,2023-08-17 07:40:33,1,0.048,0.0465534,52.52,BTC-28JUN24-50000-C,28577.73,buy,,,8.0,,,
215,262692303,2023-08-17 07:59:48,0,0.049,0.0478091,52.89,BTC-28JUN24-50000-C,28579.93,buy,,,2.3,,,
216,262693044,2023-08-17 08:11:41,2,0.048,0.04708884,52.53,BTC-28JUN24-50000-C,28580.18,sell,,,0.2,,,
217,262698666,2023-08-17 10:18:03,2,0.0475,0.0472676,52.4,BTC-28JUN24-50000-C,28565.32,buy,,,1.4,,,
218,262704289,2023-08-17 12:25:51,0,0.048,0.04800463,52.86,BTC-28JUN24-50000-C,28443.03,sell,,90478,6.3,,,
219,262709544,2023-08-17 13:44:23,2,0.0475,0.0479995,52.77,BTC-28JUN24-50000-C,28392.38,sell,,,0.1,,,
220,262710664,2023-08-17 13:55:54,3,0.0475,0.04803554,52.85,BTC-28JUN24-50000-C,28351.39,sell,,,0.1,,,
221,262712983,2023-08-17 14:20:50,3,0.0475,0.04787165,52.94,BTC-28JUN24-50000-C,28319.51,sell,,,0.1,,,
222,262716449,2023-08-17 15:02:10,3,0.0475,0.04782653,52.96,BTC-28JUN24-50000-C,28283.98,sell,,,0.1,,,
223,262720515,2023-08-17 15:36:03,3,0.0475,0.04736252,53.07,BTC-28JUN24-50000-C,28250.66,sell,,,3.2,,,
224,262738988,2023-08-17 16:04:38,2,0.046,0.04543611,53.54,BTC-28JUN24-50000-C,27778.52,sell,,,0.1,,,
225,262740308,2023-08-17 16:05:00,3,0.046,0.04508903,53.66,BTC-28JUN24-50000-C,27720.81,sell,,,0.1,,,
226,262740334,2023-08-17 16:05:02,3,0.046,0.04504903,53.67,BTC-28JUN24-50000-C,27727.44,sell,,,0.1,,,
227,262740596,2023-08-17 16:05:17,0,0.0465,0.04527837,53.79,BTC-28JUN24-50000-C,27750.73,sell,,,0.1,,,
228,262771995,2023-08-17 21:22:56,0,0.0475,0.04632077,54.4,BTC-28JUN24-50000-C,27661.14,buy,,,6.3,,,
229,262771996,2023-08-17 21:22:56,1,0.0475,0.04632077,54.4,BTC-28JUN24-50000-C,27661.14,buy,,,0.1,,,
230,262772253,2023-08-17 21:26:47,0,0.048,0.04726506,54.58,BTC-28JUN24-50000-C,27663.41,buy,,,2.6,,,
231,262772551,2023-08-17 21:32:33,2,0.0475,0.04719149,54.38,BTC-28JUN24-50000-C,27668.41,buy,,,1.3,,,
232,262772552,2023-08-17 21:32:33,3,0.0475,0.04719149,54.38,BTC-28JUN24-50000-C,27668.41,buy,,,0.1,,,
233,262772553,2023-08-17 21:32:33,3,0.0475,0.04719149,54.38,BTC-28JUN24-50000-C,27668.41,sell,,,18.6,,,
234,262784410,2023-08-17 21:43:35,2,0.045,0.04215277,57.02,BTC-28JUN24-50000-C,26439.03,sell,,,0.1,,,
235,262823258,2023-08-17 21:52:53,0,0.0495,0.04605671,66.8,BTC-28JUN24-50000-C,26124.75,buy,,,0.1,T,,
236,262880984,2023-08-17 22:25:56,0,0.082,0.087273,70.66,BTC-28JUN24-50000-C,26438.6,buy,,,2.0,T,,
237,262880985,2023-08-17 22:25:56,0,0.0855,0.08715813,71.79,BTC-28JUN24-50000-C,26438.6,sell,,,2.0,M,,
238,262881013,2023-08-17 22:25:58,1,0.0855,0.08707858,71.8,BTC-28JUN24-50000-C,26435.09,sell,,,2.0,M,,
239,262881077,2023-08-17 22:26:01,1,0.0855,0.0870038,71.8,BTC-28JUN24-50000-C,26432.35,sell,,,2.0,M,,
240,262881233,2023-08-17 22:26:10,0,0.0875,0.08728693,72.35,BTC-28JUN24-50000-C,26447.03,buy,,,2.0,T,,
241,262881364,2023-08-17 22:26:18,0,0.0915,0.08731908,73.62,BTC-28JUN24-50000-C,26435.01,buy,,,2.0,T,,
242,262898466,2023-08-17 22:43:30,2,0.061,0.06285331,63.23,BTC-28JUN24-50000-C,26331.06,sell,,,2.0,M,,
243,262898467,2023-08-17 22:43:31,3,0.061,0.06285331,63.24,BTC-28JUN24-50000-C,26326.79,sell,,,2.0,M,,
244,262898469,2023-08-17 22:43:31,0,0.062,0.06283731,63.6,BTC-28JUN24-50000-C,26326.79,sell,,,2.0,M,,
245,262898473,2023-08-17 22:43:33,0,0.063,0.06281152,63.95,BTC-28JUN24-50000-C,26323.11,sell,,,2.0,M,,
246,262898482,2023-08-17 22:43:36,0,0.064,0.0628192,64.29,BTC-28JUN24-50000-C,26324.49,sell,,,2.0,M,,
247,262898546,2023-08-17 22:43:44,1,0.064,0.06287272,64.27,BTC-28JUN24-50000-C,26330.08,sell,,,2.0,M,,
248,262898761,2023-08-17 22:43:57,2,0.0615,0.06282191,63.39,BTC-28JUN24-50000-C,26321.28,buy,,,2.0,T,,
249,262898979,2023-08-17 22:44:13,0,0.063,0.06266824,63.92,BTC-28JUN24-50000-C,26319.87,sell,,,0.7,M,,
250,262900903,2023-08-17 22:47:23,2,0.0585,0.06107151,62.31,BTC-28JUN24-50000-C,26352.85,sell,,,2.5,,,
251,263015294,2023-08-18 08:59:03,2,0.05,0.04976765,58.09,BTC-28JUN24-50000-C,26578.04,sell,,,1.3,,,
252,263034739,2023-08-18 12:31:12,2,0.047,0.04648415,57.48,BTC-28JUN24-50000-C,26354.76,buy,,,0.8,,,
253,263034790,2023-08-18 12:31:34,3,0.047,0.04651871,57.46,BTC-28JUN24-50000-C,26363.13,buy,,,1.3,,,
254,263042849,2023-08-18 13:39:14,2,0.0445,0.04316486,56.63,BTC-28JUN24-50000-C,26323.05,buy,,,1.3,,,
255,263043086,2023-08-18 13:41:04,0,0.045,0.04326411,56.88,BTC-28JUN24-50000-C,26298.4,buy,,,1.3,,,
256,263051116,2023-08-18 14:40:22,0,0.046,0.04507103,57.41,BTC-28JUN24-50000-C,26241.39,buy,,,1.3,,,
257,263067418,2023-08-18 16:01:00,2,0.044,0.04424018,57.29,BTC-28JUN24-50000-C,25973.06,sell,,,0.1,,,
258,263067479,2023-08-18 16:01:22,2,0.0425,0.0441959,56.69,BTC-28JUN24-50000-C,25970.69,sell,,,0.2,,,
259,263068954,2023-08-18 16:14:40,0,0.0445,0.04424802,57.24,BTC-28JUN24-50000-C,26081.38,sell,,,0.1,,,
260,263076288,2023-08-18 17:07:54,2,0.044,0.04309321,57.9,BTC-28JUN24-50000-C,25674.48,sell,,,0.1,,,
261,263087983,2023-08-18 18:10:22,3,0.044,0.04302274,57.39,BTC-28JUN24-50000-C,25936.92,sell,,91195,6.5,,,
262,263131352,2023-08-19 10:19:47,2,0.042,0.04226486,56.73,BTC-28JUN24-50000-C,25919.16,sell,,,0.1,,,
263,263135709,2023-08-19 14:16:00,3,0.042,0.04256226,56.62,BTC-28JUN24-50000-C,25988.23,sell,,,0.4,,,
264,263150800,2023-08-19 18:31:57,2,0.041,0.04177902,55.94,BTC-28JUN24-50000-C,26105.62,sell,,,0.1,,,
265,263168684,2023-08-20 06:14:39,2,0.0405,0.04068621,55.74,BTC-28JUN24-50000-C,26084.31,sell,,,0.1,,,
266,263168685,2023-08-20 06:14:48,3,0.0405,0.04068538,55.74,BTC-28JUN24-50000-C,26084.06,sell,,,0.1,,,
267,263175480,2023-08-20 12:00:42,2,0.0385,0.03982488,54.79,BTC-28JUN24-50000-C,26178.21,sell,,,0.2,,,
268,263177620,2023-08-20 14:22:10,0,0.0415,0.03975561,56.12,BTC-28JUN24-50000-C,26135.68,buy,,,7.0,,,
269,263192196,2023-08-21 01:13:39,2,0.0395,0.03964489,55.35,BTC-28JUN24-50000-C,26113.58,sell,,,0.3,,,
270,263192276,2023-08-21 01:15:40,3,0.0395,0.03956444,55.38,BTC-28JUN24-50000-C,26099.48,sell,,,0.9,,,
271,263192277,2023-08-21 01:15:40,3,0.0395,0.03956444,55.38,BTC-28JUN24-50000-C,26099.48,sell,,,0.1,,,
272,263198346,2023-08-21 04:55:01,0,0.04,0.03931897,55.67,BTC-28JUN24-50000-C,26044.13,sell,,,1.0,,,
273,263203870,2023-08-21 07:33:50,1,0.04,0.03906625,55.75,BTC-28JUN24-50000-C,26008.54,sell,,,0.6,,,
274,263204363,2023-08-21 07:47:28,0,0.0405,0.03923058,55.95,BTC-28JUN24-50000-C,26018.72,buy,,,0.6,,,
275,263204519,2023-08-21 07:53:29,1,0.0405,0.03954132,55.94,BTC-28JUN24-50000-C,26013.16,buy,,,0.6,,,
276,263205265,2023-08-21 08:08:23,1,0.0405,0.03972723,55.95,BTC-28JUN24-50000-C,26013.17,buy,,,0.6,,,
277,263205546,2023-08-21 08:17:36,1,0.0405,0.03961017,55.99,BTC-28JUN24-50000-C,25993.77,sell,,,1.1,,,
278,263206280,2023-08-21 08:39:40,0,0.0415,0.04089459,56.32,BTC-28JUN24-50000-C,26040.56,buy,,,0.1,,,
279,263229721,2023-08-21 15:28:56,2,0.041,0.0408705,56.57,BTC-28JUN24-50000-C,25843.0,sell,,,0.5,,,
280,263239804,2023-08-21 19:51:26,0,0.0415,0.04164398,56.21,BTC-28JUN24-50000-C,26130.83,sell,,,0.4,,,
281,263239805,2023-08-21 19:51:26,1,0.0415,0.04164398,56.21,BTC-28JUN24-50000-C,26130.83,sell,,,0.1,,,
282,263257912,2023-08-22 09:19:45,2,0.04,0.03917074,55.91,BTC-28JUN24-50000-C,26049.11,buy,,,0.6,,,
283,263303155,2023-08-22 22:47:03,0,0.041,0.04069673,56.91,BTC-28JUN24-50000-C,25831.07,buy,,,0.1,,,
284,263304796,2023-08-22 23:12:23,0,0.0415,0.04115618,56.95,BTC-28JUN24-50000-C,25909.72,buy,,,0.1,,,
285,263304797,2023-08-22 23:12:23,1,0.0415,0.04115618,56.95,BTC-28JUN24-50000-C,25909.72,buy,,,0.1,,,
286,263319605,2023-08-23 07:04:20,0,0.042,0.04250904,56.85,BTC-28JUN24-50000-C,26040.92,sell,,,2.0,,,
287,263320188,2023-08-23 07:15:25,2,0.0415,0.04220267,56.58,BTC-28JUN24-50000-C,26072.93,sell,,,1.5,,,
288,263330146,2023-08-23 12:21:40,3,0.0415,0.0413974,56.97,BTC-28JUN24-50000-C,25920.57,buy,,,1.1,,,
289,263388219,2023-08-23 20:01:41,0,0.051,0.05409767,59.23,BTC-28JUN24-50000-C,26542.68,sell,,92157,100.0,,,
290,263388227,2023-08-23 20:01:45,0,0.052,0.0540872,59.6,BTC-28JUN24-50000-C,26547.37,sell,,,15.0,,,
291,263388228,2023-08-23 20:01:45,1,0.052,0.0540872,59.6,BTC-28JUN24-50000-C,26547.37,sell,,,0.1,,,
292,263388688,2023-08-23 20:07:17,2,0.0515,0.05239296,59.35,BTC-28JUN24-50000-C,26588.76,buy,,,1.6,,,
293,263389200,2023-08-23 20:12:33,2,0.048,0.05095164,58.08,BTC-28JUN24-50000-C,26563.54,sell,,92161,100.0,,,
294,263389203,2023-08-23 20:12:38,0,0.049,0.05095134,58.46,BTC-28JUN24-50000-C,26565.66,sell,,,15.0,,,
295,263389551,2023-08-23 20:15:27,2,0.0455,0.0475489,57.11,BTC-28JUN24-50000-C,26557.21,sell,,92163,100.0,,,
296,263418823,2023-08-24 07:26:00,0,0.047,0.04641873,57.93,BTC-28JUN24-50000-C,26482.33,sell,,,1.0,,,
297,263421327,2023-08-24 08:20:31,2,0.0465,0.04668179,57.74,BTC-28JUN24-50000-C,26462.16,sell,,,1.0,,,
298,263430060,2023-08-24 12:00:44,0,0.047,0.04596483,58.07,BTC-28JUN24-50000-C,26433.08,buy,,,0.1,,,
299,263432799,2023-08-24 12:59:09,2,0.0455,0.04586903,57.58,BTC-28JUN24-50000-C,26380.1,sell,,,1.0,,,
300,263433725,2023-08-24 13:18:12,0,0.0465,0.04572767,57.97,BTC-28JUN24-50000-C,26378.32,sell,,,0.1,,,
301,263435510,2023-08-24 13:40:37,2,0.0455,0.04560147,57.65,BTC-28JUN24-50000-C,26345.68,buy,,,0.1,,,
302,263439570,2023-08-24 14:26:59,2,0.045,0.04565534,57.71,BTC-28JUN24-50000-C,26223.96,sell,,,0.1,,,
303,263445487,2023-08-24 14:58:40,2,0.0445,0.0453804,57.79,BTC-28JUN24-50000-C,26118.61,sell,,,0.1,,,
304,263446996,2023-08-24 15:12:01,0,0.0465,0.04514545,58.68,BTC-28JUN24-50000-C,26062.73,sell,,,0.1,,,
305,263449454,2023-08-24 15:33:42,2,0.0445,0.04529209,57.95,BTC-28JUN24-50000-C,26055.53,sell,,,0.1,,,
306,263451553,2023-08-24 15:59:12,0,0.046,0.04528032,58.65,BTC-28JUN24-50000-C,25989.36,buy,,,0.1,,,
307,263452801,2023-08-24 16:18:27,2,0.0445,0.0455683,57.95,BTC-28JUN24-50000-C,26077.92,sell,,,0.1,,,
308,263456071,2023-08-24 17:29:07,3,0.0445,0.0451023,57.95,BTC-28JUN24-50000-C,26050.42,sell,,,0.6,,,
309,263456072,2023-08-24 17:29:07,3,0.0445,0.0451023,57.95,BTC-28JUN24-50000-C,26050.42,sell,,,0.1,,,
310,263461210,2023-08-24 19:05:16,0,0.0455,0.04451217,58.5,BTC-28JUN24-50000-C,26019.24,sell,,,0.1,,,
311,263492344,2023-08-25 08:11:35,2,0.044,0.04464123,57.9,BTC-28JUN24-50000-C,26017.85,sell,,,0.1,,,
312,263513577,2023-08-25 13:23:40,0,0.0455,0.04436161,58.28,BTC-28JUN24-50000-C,26143.55,buy,,,0.1,,,
313,263547781,2023-08-25 22:02:52,2,0.0441,0.0450123,58.0,BTC-28JUN24-50000-C,26053.15,sell,,92658,12.5,,,BTC-CS-28JUN24-40000_50000
314,263585351,2023-08-28 04:01:06,2,0.0435,0.04401927,58.09,BTC-28JUN24-50000-C,25998.73,sell,,,0.3,,,
315,263594731,2023-08-28 08:09:30,0,0.044,0.04378784,58.53,BTC-28JUN24-50000-C,25921.69,buy,,,0.2,,,
316,263602315,2023-08-28 12:14:45,2,0.0435,0.04443907,58.0,BTC-28JUN24-50000-C,26081.69,sell,,,1.3,,,
317,263602363,2023-08-28 12:15:10,0,0.0439,0.04441144,58.17,BTC-28JUN24-50000-C,26078.3,sell,,92782,12.5,,,BTC-CS-28JUN24-40000_50000
318,263607337,2023-08-28 12:55:34,2,0.043,0.04402529,57.7,BTC-28JUN24-50000-C,26121.52,sell,,,0.1,,,
319,263607768,2023-08-28 13:16:03,3,0.043,0.04369801,57.74,BTC-28JUN24-50000-C,26092.8,sell,,,0.1,,,
320,263608208,2023-08-28 13:35:16,3,0.043,0.04349042,57.69,BTC-28JUN24-50000-C,26128.54,sell,,,0.8,,,
321,263636547,2023-08-29 09:01:30,2,0.0425,0.04257704,57.97,BTC-28JUN24-50000-C,25948.49,sell,,,0.1,,,
322,263642196,2023-08-29 13:55:54,3,0.0425,0.04309306,57.74,BTC-28JUN24-50000-C,26050.28,sell,,,1.3,,,
323,263704836,2023-08-29 15:04:00,0,0.051,0.05140479,57.9,BTC-28JUN24-50000-C,27496.9,sell,,,1.0,,,
324,263726622,2023-08-29 16:17:57,0,0.053,0.05226605,58.14,BTC-28JUN24-50000-C,27695.98,buy,,,4.0,,,
325,263768971,2023-08-29 20:35:53,2,0.052,0.051195,57.66,BTC-28JUN24-50000-C,27739.68,buy,,,0.5,,,
326,263827137,2023-08-30 14:52:46,2,0.047,0.0469146,57.34,BTC-28JUN24-50000-C,27090.75,sell,,,0.9,,,
327,263858235,2023-08-31 11:19:36,2,0.0463,0.04694019,56.85,BTC-28JUN24-50000-C,27244.66,sell,,93610,215.0,,,BTC-CS-28JUN24-32000_50000
328,263881112,2023-08-31 15:42:02,2,0.0445,0.04448759,56.85,BTC-28JUN24-50000-C,26895.57,sell,,,0.9,,,
329,263903899,2023-08-31 17:03:32,2,0.0435,0.04286134,57.79,BTC-28JUN24-50000-C,26307.92,sell,,,0.2,,,
330,263915987,2023-08-31 19:13:37,2,0.042,0.04184509,57.6,BTC-28JUN24-50000-C,26098.76,sell,,,1.0,,,
331,263949949,2023-09-01 03:09:16,2,0.04,0.04054359,57.09,BTC-28JUN24-50000-C,26033.7,sell,,,0.5,,,
332,263949950,2023-09-01 03:09:16,3,0.04,0.04054359,57.09,BTC-28JUN24-50000-C,26033.7,sell,,,1.0,,,
333,263949951,2023-09-01 03:09:16,3,0.04,0.04054359,57.09,BTC-28JUN24-50000-C,26033.7,buy,,,1.0,,,
334,263949952,2023-09-01 03:09:19,2,0.0385,0.04054039,56.45,BTC-28JUN24-50000-C,26033.75,sell,,,2.5,,,
335,263949953,2023-09-01 03:09:24,3,0.0385,0.04053111,56.45,BTC-28JUN24-50000-C,26033.75,sell,,,2.5,,,
336,263949959,2023-09-01 03:10:40,3,0.0385,0.04039123,56.45,BTC-28JUN24-50000-C,26034.85,sell,,,2.5,,,
337,263949979,2023-09-01 03:13:27,3,0.0385,0.04014026,56.45,BTC-28JUN24-50000-C,26033.53,sell,,,2.5,,,
338,263954155,2023-09-01 06:50:29,0,0.04,0.04024493,57.17,BTC-28JUN24-50000-C,26001.31,sell,,,0.5,,,
339,263965705,2023-09-01 11:06:13,0,0.0405,0.03978827,57.34,BTC-28JUN24-50000-C,26011.16,buy,,,5.0,,,
340,263965706,2023-09-01 11:06:13,1,0.0405,0.03978827,57.34,BTC-28JUN24-50000-C,26011.16,buy,,,5.3,,,
341,263970033,2023-09-01 12:32:14,0,0.041,0.04013682,57.4,BTC-28JUN24-50000-C,26098.3,sell,,,1.0,,,
342,263998181,2023-09-01 17:14:59,2,0.039,0.03893866,57.59,BTC-28JUN24-50000-C,25624.75,sell,,,0.5,,,
343,264046876,2023-09-03 04:43:27,0,0.0415,0.04028124,58.21,BTC-28JUN24-50000-C,25878.26,buy,,,5.0,,,
344,264054688,2023-09-03 12:42:23,2,0.0395,0.0407407,57.06,BTC-28JUN24-50000-C,26034.6,sell,,,5.0,,,
345,264055294,2023-09-03 12:51:34,2,0.039,0.03983667,56.93,BTC-28JUN24-50000-C,25996.04,sell,,,0.3,,,
346,264055295,2023-09-03 12:51:34,3,0.039,0.03983667,56.93,BTC-28JUN24-50000-C,25996.04,sell,,,0.2,,,
347,264141952,2023-09-05 15:21:56,0,0.0395,0.04031106,57.66,BTC-28JUN24-50000-C,25862.66,sell,,,3.4,,,
348,264171150,2023-09-06 13:10:40,2,0.038,0.03827782,57.48,BTC-28JUN24-50000-C,25682.39,sell,,,0.5,,,
349,264178786,2023-09-06 14:45:59,3,0.038,0.03787388,57.82,BTC-28JUN24-50000-C,25549.21,sell,,,0.2,,,
350,264197592,2023-09-06 17:55:52,0,0.0385,0.03866991,57.38,BTC-28JUN24-50000-C,25850.76,buy,,,0.1,,,
351,264261069,2023-09-07 21:24:37,0,0.0395,0.03952998,56.88,BTC-28JUN24-50000-C,26329.87,sell,,,17.0,,,
352,264267944,2023-09-07 22:36:00,0,0.04,0.0399603,57.12,BTC-28JUN24-50000-C,26319.91,buy,,,0.1,,,
353,264290055,2023-09-08 06:46:24,0,0.041,0.0400324,57.78,BTC-28JUN24-50000-C,26215.76,buy,,,2.0,,,
354,264290056,2023-09-08 06:46:24,1,0.041,0.0400324,57.78,BTC-28JUN24-50000-C,26215.76,buy,,,2.0,,,
355,264292033,2023-09-08 07:29:47,0,0.042,0.042078,58.08,BTC-28JUN24-50000-C,26275.09,sell,,,1.3,,,
356,264349694,2023-09-09 15:20:38,2,0.0385,0.03777137,57.68,BTC-28JUN24-50000-C,25887.55,buy,,,0.3,,,
357,264400001,2023-09-11 10:03:17,0,0.039,0.03844143,58.41,BTC-28JUN24-50000-C,25713.75,buy,,,0.1,,,
358,264411439,2023-09-11 14:06:10,1,0.039,0.03779327,58.96,BTC-28JUN24-50000-C,25470.01,buy,,,0.1,,,
359,264411446,2023-09-11 14:06:11,0,0.0395,0.03782045,59.16,BTC-28JUN24-50000-C,25471.94,buy,,,0.1,,,
360,264450384,2023-09-11 17:00:56,2,0.039,0.03833831,59.72,BTC-28JUN24-50000-C,25182.11,buy,,,2.1,,,
361,264532357,2023-09-12 12:39:17,0,0.0405,0.04101283,58.25,BTC-28JUN24-50000-C,26122.77,sell,,95276,12.5,,,BTC-RR-28JUN24-21000_50000
362,264622326,2023-09-13 16:25:24,0,0.045,0.04429685,59.83,BTC-28JUN24-50000-C,26337.58,buy,,,15.0,,,
363,264656308,2023-09-14 06:39:45,1,0.045,0.04458984,60.09,BTC-28JUN24-50000-C,26261.93,buy,,,1.5,,,
364,264684531,2023-09-14 13:38:18,0,0.0464,0.04607916,59.89,BTC-28JUN24-50000-C,26616.36,buy,,95549,12.5,,,BTC-CS-28JUN24-40000_50000
365,264686030,2023-09-14 13:52:11,2,0.0461,0.04585906,59.89,BTC-28JUN24-50000-C,26565.64,buy,,95550,12.5,,,BTC-CS-28JUN24-40000_50000
366,264688188,2023-09-14 14:18:03,3,0.0461,0.0460756,59.84,BTC-28JUN24-50000-C,26593.9,buy,,95554,12.5,,,BTC-CS-28JUN24-40000_50000
367,264708937,2023-09-14 19:50:25,2,0.0457,0.04593599,59.53,BTC-28JUN24-50000-C,26669.78,buy,,95583,250.0,,,BTC-CS-28JUN24-50000_55000
368,264708955,2023-09-14 19:51:39,0,0.0465,0.04587359,59.87,BTC-28JUN24-50000-C,26660.54,buy,,,2.2,,,
369,264708956,2023-09-14 19:51:39,1,0.0465,0.04587359,59.87,BTC-28JUN24-50000-C,26660.54,buy,,,0.1,,,
370,264712902,2023-09-14 21:46:07,1,0.0465,0.04678609,60.09,BTC-28JUN24-50000-C,26568.77,sell,,,0.1,,,
371,264715937,2023-09-14 23:40:58,1,0.0465,0.04648403,60.19,BTC-28JUN24-50000-C,26524.87,sell,,,4.8,,,
372,264719383,2023-09-15 02:14:04,0,0.047,0.04603801,60.34,BTC-28JUN24-50000-C,26563.34,buy,,,0.1,,,
373,264723858,2023-09-15 05:43:14,1,0.047,0.04657695,60.28,BTC-28JUN24-50000-C,26602.95,buy,,,1.5,,,
374,264745686,2023-09-15 11:59:07,2,0.045,0.04503044,59.95,BTC-28JUN24-50000-C,26420.09,sell,,,7.8,,,
375,264746984,2023-09-15 12:21:40,3,0.045,0.04518381,59.92,BTC-28JUN24-50000-C,26449.45,sell,,,2.2,,,
376,264754252,2023-09-15 14:21:55,2,0.0437,0.04360824,59.49,BTC-28JUN24-50000-C,26396.35,buy,,95738,12.5,,,BTC-CCAL-28JUN24_29MAR24-50000
377,264769684,2023-09-15 20:36:09,0,0.044,0.044145,59.61,BTC-28JUN24-50000-C,26411.43,buy,,,0.7,,,
378,264769893,2023-09-15 20:44:56,0,0.045,0.04435961,59.97,BTC-28JUN24-50000-C,26434.15,sell,,,0.3,,,
379,264769966,2023-09-15 20:48:05,1,0.045,0.04431168,59.98,BTC-28JUN24-50000-C,26429.77,sell,,,0.4,,,
380,264797125,2023-09-16 08:13:01,0,0.0455,0.04738019,60.1,BTC-28JUN24-50000-C,26491.74,sell,,,2.0,M,,
381,264797147,2023-09-16 08:14:14,0,0.0465,0.04843005,60.52,BTC-28JUN24-50000-C,26487.95,sell,,,2.0,M,,
382,264797216,2023-09-16 08:15:51,1,0.0465,0.04988177,60.53,BTC-28JUN24-50000-C,26484.89,buy,,,2.0,T,,
383,264798114,2023-09-16 08:29:23,1,0.0465,0.05132565,60.51,BTC-28JUN24-50000-C,26494.34,sell,,,0.1,,,
384,264798144,2023-09-16 08:30:18,1,0.0465,0.0513139,60.51,BTC-28JUN24-50000-C,26495.18,sell,,,0.9,,,
385,264798293,2023-09-16 08:30:51,1,0.0465,0.05132845,60.5,BTC-28JUN24-50000-C,26499.52,sell,,,1.0,,,
386,264800095,2023-09-16 09:38:44,2,0.043,0.04587234,58.87,BTC-28JUN24-50000-C,26569.99,sell,,,2.0,,,
387,264857387,2023-09-18 05:25:52,0,0.0455,0.04449461,59.95,BTC-28JUN24-50000-C,26652.21,buy,,,0.5,,,
388,264857408,2023-09-18 05:28:19,1,0.0455,0.04451246,59.95,BTC-28JUN24-50000-C,26651.9,buy,,,0.1,,,
389,264857553,2023-09-18 05:36:08,1,0.0455,0.04458365,59.91,BTC-28JUN24-50000-C,26668.86,sell,,,0.1,,,
390,264868952,2023-09-18 09:37:43,1,0.0455,0.0445569,59.48,BTC-28JUN24-50000-C,26863.11,buy,,,1.2,,,
391,264868953,2023-09-18 09:37:47,1,0.0455,0.04456451,59.48,BTC-28JUN24-50000-C,26864.43,buy,,,6.8,,,
392,264958541,2023-09-19 09:38:59,0,0.05,0.04983371,60.34,BTC-28JUN24-50000-C,27304.6,buy,,,0.1,,,
393,264966485,2023-09-19 10:47:11,0,0.0505,0.04999885,60.84,BTC-28JUN24-50000-C,27198.57,sell,,,1.6,,,
394,264979413,2023-09-19 14:12:40,1,0.0505,0.04980263,61.16,BTC-28JUN24-50000-C,27060.62,buy,,,0.1,,,
395,264981559,2023-09-19 14:34:34,2,0.0495,0.04985354,60.63,BTC-28JUN24-50000-C,27112.5,buy,,,0.9,,,
396,264982275,2023-09-19 14:45:03,0,0.0498,0.04987983,60.68,BTC-28JUN24-50000-C,27148.97,sell,,96283,12.5,,,BTC-CS-28JUN24-40000_50000
397,264999955,2023-09-19 17:25:47,0,0.05,0.05006614,60.64,BTC-28JUN24-50000-C,27184.31,buy,,,0.7,,,
398,265000964,2023-09-19 17:43:21,1,0.05,0.04998695,60.53,BTC-28JUN24-50000-C,27234.02,buy,,,0.3,,,
399,265004533,2023-09-19 18:40:17,2,0.0495,0.049554,60.6,BTC-28JUN24-50000-C,27128.24,buy,,,0.1,,,
400,265007457,2023-09-19 19:51:52,0,0.055,0.05357449,62.64,BTC-28JUN24-50000-C,27170.77,buy,,,0.7,,,
401,265007694,2023-09-19 19:55:35,0,0.0565,0.05520792,63.12,BTC-28JUN24-50000-C,27206.57,buy,,,5.0,,,
402,265007695,2023-09-19 19:55:42,1,0.0565,0.05520089,63.12,BTC-28JUN24-50000-C,27206.65,buy,,,3.0,,,
403,265007696,2023-09-19 19:55:42,1,0.0565,0.05520089,63.12,BTC-28JUN24-50000-C,27206.65,sell,,,7.0,,,
404,265023772,2023-09-20 02:09:38,2,0.0528,0.052572,61.56,BTC-28JUN24-50000-C,27302.71,buy,,96381,12.5,,,BTC-CS-28JUN24-40000_50000
405,265024404,2023-09-20 02:25:26,2,0.0524,0.05233312,61.59,BTC-28JUN24-50000-C,27222.5,buy,,96383,12.5,,,BTC-CS-28JUN24-40000_50000
406,265025727,2023-09-20 03:05:54,2,0.052,0.05201707,61.51,BTC-28JUN24-50000-C,27193.92,buy,,,1.3,,,
407,265027639,2023-09-20 04:10:08,0,0.0524,0.05246452,61.86,BTC-28JUN24-50000-C,27110.32,buy,,96392,12.5,,,BTC-CS-28JUN24-40000_50000
408,265027647,2023-09-20 04:10:34,0,0.0527,0.05243856,61.98,BTC-28JUN24-50000-C,27107.7,sell,,96393,12.5,,,BTC-CS-28JUN24-40000_50000
409,265031262,2023-09-20 06:00:03,2,0.0515,0.051234,61.69,BTC-28JUN24-50000-C,27036.06,sell,,,1.0,,,
410,265032774,2023-09-20 06:11:08,0,0.056,0.05674393,63.46,BTC-28JUN24-50000-C,27018.08,buy,,,1.1,,,
411,265033086,2023-09-20 06:17:41,2,0.0555,0.05602916,63.22,BTC-28JUN24-50000-C,27044.28,buy,,,1.1,,,
412,265034610,2023-09-20 06:55:18,2,0.055,0.05482486,63.0,BTC-28JUN24-50000-C,27050.1,buy,,,1.4,,,
413,265040868,2023-09-20 09:26:52,0,0.0585,0.05839571,64.17,BTC-28JUN24-50000-C,27116.55,buy,,,1.0,,,
414,265043511,2023-09-20 10:02:44,2,0.057,0.05741076,63.78,BTC-28JUN24-50000-C,27047.15,buy,,,1.4,,,
415,265043537,2023-09-20 10:03:01,0,0.0575,0.05742388,63.96,BTC-28JUN24-50000-C,27050.58,buy,,,0.2,,,
416,265043538,2023-09-20 10:03:01,1,0.0575,0.05742388,63.96,BTC-28JUN24-50000-C,27050.58,buy,,,1.5,,,
417,265046743,2023-09-20 11:21:56,0,0.062,0.06228227,65.54,BTC-28JUN24-50000-C,27091.36,buy,,,1.2,,,
418,265051066,2023-09-20 13:00:41,2,0.058,0.05856949,64.16,BTC-28JUN24-50000-C,27077.51,sell,,,1.5,,,
419,265051067,2023-09-20 13:00:41,3,0.058,0.05856949,64.16,BTC-28JUN24-50000-C,27077.51,buy,,,1.5,,,
420,265051068,2023-09-20 13:00:41,3,0.058,0.05856949,64.16,BTC-28JUN24-50000-C,27077.51,buy,,,0.1,,,
421,265052250,2023-09-20 13:32:16,2,0.0555,0.05614556,63.24,BTC-28JUN24-50000-C,27050.44,buy,,,2.7,,,
422,265052253,2023-09-20 13:32:30,3,0.0555,0.05613001,63.24,BTC-28JUN24-50000-C,27050.13,buy,,,2.7,,,
423,265052254,2023-09-20 13:32:30,3,0.0555,0.05613001,63.24,BTC-28JUN24-50000-C,27050.13,buy,,,0.1,,,
424,265052603,2023-09-20 13:39:23,3,0.0555,0.05560679,63.2,BTC-28JUN24-50000-C,27080.56,buy,,96471,25.0,,,
425,265053684,2023-09-20 13:57:37,2,0.054,0.05499455,62.41,BTC-28JUN24-50000-C,27163.66,sell,,,1.0,,,
426,265054581,2023-09-20 14:06:16,0,0.0545,0.05471712,62.53,BTC-28JUN24-50000-C,27203.55,buy,,,1.0,,,
427,265054582,2023-09-20 14:06:16,1,0.0545,0.05471712,62.53,BTC-28JUN24-50000-C,27203.55,buy,,,0.1,,,
428,265054836,2023-09-20 14:10:22,1,0.0545,0.05466736,62.51,BTC-28JUN24-50000-C,27198.74,buy,,,1.1,,,
429,265054837,2023-09-20 14:10:22,1,0.0545,0.05466736,62.51,BTC-28JUN24-50000-C,27198.74,buy,,,0.1,,,
430,265055082,2023-09-20 14:14:44,2,0.054,0.0540405,62.49,BTC-28JUN24-50000-C,27124.83,buy,,,1.4,,,
431,265055083,2023-09-20 14:14:44,3,0.054,0.0540405,62.49,BTC-28JUN24-50000-C,27124.83,buy,,,0.1,,,
432,265055084,2023-09-20 14:14:44,0,0.0545,0.0540405,62.68,BTC-28JUN24-50000-C,27124.83,buy,,,1.2,,,
433,265055085,2023-09-20 14:14:44,1,0.0545,0.0540405,62.68,BTC-28JUN24-50000-C,27124.83,buy,,,0.1,,,
434,265055101,2023-09-20 14:14:59,2,0.054,0.0540087,62.5,BTC-28JUN24-50000-C,27121.11,buy,,,1.0,,,
435,265055115,2023-09-20 14:15:04,3,0.054,0.054014,62.49,BTC-28JUN24-50000-C,27122.58,buy,,,1.0,,,
436,265055116,2023-09-20 14:15:04,3,0.054,0.054014,62.49,BTC-28JUN24-50000-C,27122.58,buy,,,0.1,,,
437,265055119,2023-09-20 14:15:11,3,0.054,0.05398756,62.51,BTC-28JUN24-50000-C,27116.07,buy,,,1.0,,,
438,265056124,2023-09-20 14:27:04,0,0.0545,0.05439429,62.62,BTC-28JUN24-50000-C,27170.41,buy,,,1.0,,,
439,265056125,2023-09-20 14:27:04,1,0.0545,0.05439429,62.62,BTC-28JUN24-50000-C,27170.41,buy,,,0.1,,,
440,265057701,2023-09-20 15:04:56,1,0.0545,0.05466083,62.72,BTC-28JUN24-50000-C,27112.77,sell,,,5.0,,,
441,265057736,2023-09-20 15:06:32,1,0.0545,0.05472225,62.69,BTC-28JUN24-50000-C,27128.26,sell,,,5.0,,,
442,265060210,2023-09-20 15:49:57,2,0.054,0.05445554,62.35,BTC-28JUN24-50000-C,27189.53,buy,,,1.1,,,
443,265060211,2023-09-20 15:49:57,3,0.054,0.05445554,62.35,BTC-28JUN24-50000-C,27189.53,buy,,,0.1,,,
444,265060693,2023-09-20 16:04:36,0,0.0545,0.0541923,62.53,BTC-28JUN24-50000-C,27189.1,buy,,,0.5,,,
445,265060700,2023-09-20 16:04:37,1,0.0545,0.0541923,62.53,BTC-28JUN24-50000-C,27189.1,buy,,,0.5,,,
446,265060701,2023-09-20 16:04:37,1,0.0545,0.0541923,62.53,BTC-28JUN24-50000-C,27189.1,buy,,,0.1,,,
447,265060768,2023-09-20 16:06:36,0,0.0565,0.05484904,63.31,BTC-28JUN24-50000-C,27185.51,buy,,,0.1,,,
448,265060769,2023-09-20 16:06:36,1,0.0565,0.05484904,63.31,BTC-28JUN24-50000-C,27185.51,buy,,,8.0,,,
449,265061058,2023-09-20 16:12:59,2,0.056,0.05634068,63.11,BTC-28JUN24-50000-C,27198.11,buy,,,1.2,,,
450,265063648,2023-09-20 16:59:00,2,0.0555,0.05594099,62.99,BTC-28JUN24-50000-C,27157.24,buy,,,1.2,,,
451,265063948,2023-09-20 17:10:09,0,0.056,0.05591465,63.11,BTC-28JUN24-50000-C,27196.92,buy,,,1.3,,,
452,265063949,2023-09-20 17:10:09,1,0.056,0.05591465,63.11,BTC-28JUN24-50000-C,27196.92,buy,,,0.1,,,
453,265072083,2023-09-20 18:35:11,0,0.0565,0.05690213,63.09,BTC-28JUN24-50000-C,27295.66,sell,,,1.1,,,
454,265073844,2023-09-20 18:47:32,0,0.058,0.05677954,63.91,BTC-28JUN24-50000-C,27186.44,buy,,,2.0,,,
455,265073845,2023-09-20 18:47:32,1,0.058,0.05677954,63.91,BTC-28JUN24-50000-C,27186.44,buy,,,0.2,,,
456,265108902,2023-09-21 08:18:05,2,0.055,0.05494656,63.28,BTC-28JUN24-50000-C,27004.35,buy,,,1.3,,,
457,265108903,2023-09-21 08:18:05,0,0.0555,0.05494656,63.47,BTC-28JUN24-50000-C,27004.35,buy,,,2.7,,,
458,265108962,2023-09-21 08:19:12,1,0.0555,0.05489617,63.5,BTC-28JUN24-50000-C,26992.36,buy,,,1.4,,,
459,265131169,2023-09-21 12:45:28,2,0.0545,0.05379097,63.94,BTC-28JUN24-50000-C,26639.39,buy,,,1.0,,,
460,265161422,2023-09-21 21:35:25,2,0.053,0.0521981,63.59,BTC-28JUN24-50000-C,26574.34,buy,,,1.2,,,
461,265164714,2023-09-22 00:19:46,2,0.0515,0.05119085,63.06,BTC-28JUN24-50000-C,26545.53,buy,,,10.0,,,
462,265168818,2023-09-22 01:34:43,0,0.0535,0.05255389,63.65,BTC-28JUN24-50000-C,26631.77,buy,,,1.0,,,
463,265194275,2023-09-22 14:17:24,2,0.0515,0.05169609,62.99,BTC-28JUN24-50000-C,26595.95,sell,,,0.1,,,
464,265201729,2023-09-22 17:08:07,2,0.0505,0.05095189,62.61,BTC-28JUN24-50000-C,26604.33,sell,,,0.7,,,
465,265216160,2023-09-23 05:01:06,0,0.051,0.04980708,62.99,BTC-28JUN24-50000-C,26553.18,sell,,,0.2,,,
466,265216164,2023-09-23 05:03:05,2,0.0485,0.04886495,61.99,BTC-28JUN24-50000-C,26553.84,buy,,,0.5,,,
467,265216198,2023-09-23 05:15:41,3,0.0485,0.04818139,61.99,BTC-28JUN24-50000-C,26552.51,buy,,,0.1,,,
468,265221592,2023-09-23 09:38:12,3,0.0485,0.04699506,61.95,BTC-28JUN24-50000-C,26567.03,buy,,,6.2,,,
469,265240928,2023-09-24 17:19:45,2,0.0484,0.0494667,62.06,BTC-28JUN24-50000-C,26589.46,sell,,97065,12.5,,,BTC-CS-28JUN24-40000_50000
470,265297819,2023-09-25 08:53:45,2,0.0445,0.0443557,61.61,BTC-28JUN24-50000-C,26123.78,buy,,,3.1,,,
471,265314744,2023-09-25 15:10:02,0,0.0449,0.04504833,61.71,BTC-28JUN24-50000-C,26164.96,sell,,97304,12.5,,,BTC-CS-28JUN24-40000_50000
472,265316393,2023-09-25 15:23:59,0,0.045,0.04530836,61.53,BTC-28JUN24-50000-C,26262.32,buy,,,1.3,,,
473,265316394,2023-09-25 15:23:59,1,0.045,0.04530836,61.53,BTC-28JUN24-50000-C,26262.32,buy,,,0.5,,,
474,265316499,2023-09-25 15:24:27,1,0.045,0.04525264,61.56,BTC-28JUN24-50000-C,26248.26,sell,,,2.0,,,
475,265316500,2023-09-25 15:24:27,1,0.045,0.04525264,61.56,BTC-28JUN24-50000-C,26248.26,buy,,,1.7,,,
476,265316634,2023-09-25 15:25:03,1,0.045,0.04524038,61.55,BTC-28JUN24-50000-C,26253.88,buy,,,5.0,,,
477,265319383,2023-09-25 15:58:01,2,0.0445,0.04446887,61.37,BTC-28JUN24-50000-C,26235.81,buy,,,0.8,,,
478,265319410,2023-09-25 16:00:31,3,0.0445,0.04442295,61.36,BTC-28JUN24-50000-C,26244.79,buy,,,1.2,,,
479,265325392,2023-09-25 17:06:16,0,0.0455,0.04600587,61.55,BTC-28JUN24-50000-C,26318.87,buy,,,1.5,,,
480,265349042,2023-09-26 08:04:56,1,0.0455,0.04613007,61.75,BTC-28JUN24-50000-C,26271.36,sell,,,1.2,,,
481,265368214,2023-09-26 15:19:01,0,0.048,0.04738932,63.01,BTC-28JUN24-50000-C,26179.1,sell,,,0.1,,,
482,265368283,2023-09-26 15:19:26,0,0.0485,0.04791652,63.19,BTC-28JUN24-50000-C,26183.53,sell,,,0.1,,,
483,265368325,2023-09-26 15:19:31,1,0.0485,0.04800515,63.2,BTC-28JUN24-50000-C,26180.74,sell,,,0.1,,,
484,265428675,2023-09-27 12:19:15,0,0.0493,0.0492159,62.11,BTC-28JUN24-50000-C,26798.92,sell,,97702,12.5,,,BTC-CS-28JUN24-40000_50000
485,265476791,2023-09-28 01:02:33,2,0.0468,0.04723957,62.04,BTC-28JUN24-50000-C,26413.53,buy,,97831,12.5,,,BTC-CS-28JUN24-40000_50000
486,265491955,2023-09-28 08:36:40,0,0.0475,0.0484916,62.4,BTC-28JUN24-50000-C,26404.99,sell,,,5.2,,,
487,265519853,2023-09-28 15:36:37,0,0.0487,0.04916492,61.8,BTC-28JUN24-50000-C,26872.77,sell,,98075,100.0,,,BTC-CBUT-28JUN24-50000_60000_70000
488,265532331,2023-09-28 16:17:45,0,0.0505,0.05013069,61.85,BTC-28JUN24-50000-C,27143.15,buy,,,7.0,,,
489,265534951,2023-09-28 16:25:38,1,0.0505,0.05033862,61.69,BTC-28JUN24-50000-C,27214.34,buy,,,1.1,,,
490,265536046,2023-09-28 16:27:26,1,0.0505,0.05050593,61.63,BTC-28JUN24-50000-C,27238.37,buy,,,9.9,,,
491,265541173,2023-09-28 16:55:33,1,0.0505,0.05000333,61.83,BTC-28JUN24-50000-C,27157.87,buy,,,0.8,,,
492,265542996,2023-09-28 17:12:40,2,0.05,0.04981058,61.57,BTC-28JUN24-50000-C,27183.49,buy,,,1.2,,,
493,265542997,2023-09-28 17:12:40,3,0.05,0.04981058,61.57,BTC-28JUN24-50000-C,27183.49,buy,,,0.1,,,
494,265545447,2023-09-28 17:41:41,3,0.05,0.04973134,61.62,BTC-28JUN24-50000-C,27150.01,buy,,,0.8,,,
495,265545721,2023-09-28 17:49:37,0,0.0505,0.04969687,61.83,BTC-28JUN24-50000-C,27135.39,buy,,,6.3,,,
496,265546820,2023-09-28 18:03:35,0,0.051,0.0507216,61.9,BTC-28JUN24-50000-C,27192.17,buy,,,2.2,,,
497,265548324,2023-09-28 18:17:48,2,0.0505,0.05117115,61.65,BTC-28JUN24-50000-C,27212.23,sell,,,43.7,,,
498,265549897,2023-09-28 18:33:59,2,0.05,0.05025682,61.68,BTC-28JUN24-50000-C,27109.76,sell,,,10.0,,,
499,265576934,2023-09-29 02:35:40,3,0.05,0.05008059,62.15,BTC-28JUN24-50000-C,26935.12,sell,,,5.0,,,
500,265577163,2023-09-29 02:38:04,3,0.05,0.05013249,62.17,BTC-28JUN24-50000-C,26924.09,sell,,,15.0,,,
501,265579883,2023-09-29 03:26:45,2,0.048,0.04900309,61.39,BTC-28JUN24-50000-C,26919.68,sell,,,3.7,,,
502,265579884,2023-09-29 03:26:45,3,0.048,0.04900309,61.39,BTC-28JUN24-50000-C,26919.68,buy,,,1.3,,,
503,265615727,2023-09-29 09:50:52,3,0.048,0.04858081,61.38,BTC-28JUN24-50000-C,27003.26,sell,,,10.0,,,
504,265647485,2023-09-29 17:53:37,2,0.0445,0.04439792,60.33,BTC-28JUN24-50000-C,26838.29,buy,,,2.0,,,
505,265678596,2023-09-30 15:34:59,0,0.045,0.04496296,60.14,BTC-28JUN24-50000-C,27021.08,sell,,,1.1,,,
506,265678597,2023-09-30 15:35:10,0,0.0455,0.04497406,60.34,BTC-28JUN24-50000-C,27021.38,buy,,,0.1,,,
507,265678598,2023-09-30 15:35:10,1,0.0455,0.04497406,60.34,BTC-28JUN24-50000-C,27021.38,sell,,,1.3,,,
508,265681104,2023-09-30 16:32:08,2,0.043,0.04475827,59.33,BTC-28JUN24-50000-C,27014.47,sell,,,0.1,,,
509,265768494,2023-10-02 03:39:26,0,0.0475,0.04889398,59.0,BTC-28JUN24-50000-C,27981.52,sell,,,0.1,,,
510,265798395,2023-10-02 08:38:08,0,0.0515,0.0513149,59.44,BTC-28JUN24-50000-C,28478.9,buy,,,0.1,,,
511,265805814,2023-10-02 09:41:47,0,0.052,0.05258867,60.01,BTC-28JUN24-50000-C,28312.65,buy,,,0.2,,,
512,265875009,2023-10-02 20:50:08,2,0.0515,0.05219049,60.91,BTC-28JUN24-50000-C,27848.26,sell,,,10.0,,,
513,265888065,2023-10-02 22:10:37,2,0.0505,0.05036911,61.61,BTC-28JUN24-50000-C,27401.38,buy,,,0.4,,,
514,265896501,2023-10-03 00:28:07,3,0.0505,0.05039724,61.27,BTC-28JUN24-50000-C,27552.27,buy,,,12.0,,,
515,265909787,2023-10-03 06:42:19,2,0.05,0.05100091,60.91,BTC-28JUN24-50000-C,27627.79,sell,,,5.5,,,
516,265911817,2023-10-03 07:36:26,3,0.05,0.05036665,61.11,BTC-28JUN24-50000-C,27533.54,sell,,,5.0,,,
517,265914526,2023-10-03 08:12:39,0,0.0505,0.05082279,61.22,BTC-28JUN24-50000-C,27585.3,sell,,,1.5,,,
518,265916760,2023-10-03 09:34:37,2,0.05,0.05191512,61.07,BTC-28JUN24-50000-C,27562.09,sell,,,5.0,,,
519,265916761,2023-10-03 09:34:38,3,0.05,0.05190666,61.07,BTC-28JUN24-50000-C,27562.16,sell,,,4.5,,,
520,265932904,2023-10-03 14:20:07,2,0.0475,0.0478993,60.58,BTC-28JUN24-50000-C,27362.0,sell,,,0.1,,,
521,265939759,2023-10-03 15:08:10,0,0.0477,0.04810928,60.78,BTC-28JUN24-50000-C,27308.33,sell,,99205,12.5,,,BTC-CS-28JUN24-37000_50000
522,265952054,2023-10-03 17:57:56,2,0.0475,0.04819904,60.43,BTC-28JUN24-50000-C,27439.47,sell,,,0.1,,,
523,265952307,2023-10-03 18:03:47,3,0.0475,0.04820517,60.44,BTC-28JUN24-50000-C,27430.76,sell,,,1.0,,,
524,265964227,2023-10-03 20:06:12,3,0.0475,0.04775903,61.0,BTC-28JUN24-50000-C,27206.11,sell,,,0.1,,,
525,265964262,2023-10-03 20:06:13,3,0.0475,0.04775719,61.0,BTC-28JUN24-50000-C,27206.11,sell,,,0.1,,,
526,265997759,2023-10-04 09:09:15,0,0.048,0.04795601,60.5,BTC-28JUN24-50000-C,27532.88,sell,,99368,12.5,,,BTC-RR-28JUN24-24000_50000
527,266025992,2023-10-04 18:16:46,0,0.0485,0.04894502,60.56,BTC-28JUN24-50000-C,27581.77,buy,,,2.3,,,
528,266027140,2023-10-04 18:52:14,0,0.05,0.04909265,61.25,BTC-28JUN24-50000-C,27546.96,buy,,,2.8,,,
529,266027142,2023-10-04 18:52:21,1,0.05,0.04909554,61.25,BTC-28JUN24-50000-C,27547.4,buy,,,1.7,,,
530,266027205,2023-10-04 18:53:05,0,0.0505,0.04944111,61.43,BTC-28JUN24-50000-C,27556.0,buy,,,5.0,,,
531,266027206,2023-10-04 18:53:05,1,0.0505,0.04944111,61.43,BTC-28JUN24-50000-C,27556.0,buy,,,0.1,,,
532,266030234,2023-10-04 19:07:31,0,0.051,0.05103301,61.22,BTC-28JUN24-50000-C,27728.94,buy,,,0.6,,,
533,266030250,2023-10-04 19:07:41,2,0.0505,0.05106752,61.01,BTC-28JUN24-50000-C,27732.69,buy,,,1.2,,,
534,266037601,2023-10-04 20:21:02,2,0.05,0.04958232,60.94,BTC-28JUN24-50000-C,27689.01,buy,,,0.9,,,
535,266037602,2023-10-04 20:21:02,3,0.05,0.04958232,60.94,BTC-28JUN24-50000-C,27689.01,buy,,,0.2,,,
536,266037900,2023-10-04 20:25:24,0,0.051,0.05052268,61.36,BTC-28JUN24-50000-C,27677.44,sell,,,1.2,,,
537,266037958,2023-10-04 20:26:09,0,0.052,0.05085683,61.74,BTC-28JUN24-50000-C,27684.21,buy,,,2.5,,,
538,266037969,2023-10-04 20:26:18,1,0.052,0.05094378,61.73,BTC-28JUN24-50000-C,27688.04,buy,,,1.9,,,
539,266037979,2023-10-04 20:26:20,0,0.0525,0.05097388,61.93,BTC-28JUN24-50000-C,27688.33,buy,,,5.0,,,
540,266037980,2023-10-04 20:26:20,1,0.0525,0.05097388,61.93,BTC-28JUN24-50000-C,27688.33,buy,,,1.5,,,
541,266038020,2023-10-04 20:26:40,0,0.0535,0.0511743,62.31,BTC-28JUN24-50000-C,27691.65,buy,,,16.0,,,
542,266038021,2023-10-04 20:26:40,1,0.0535,0.0511743,62.31,BTC-28JUN24-50000-C,27691.65,buy,,,0.2,,,
543,266038068,2023-10-04 20:27:02,2,0.0525,0.05153572,61.89,BTC-28JUN24-50000-C,27702.39,sell,,,1.4,,,
544,266038098,2023-10-04 20:27:18,0,0.0535,0.0518344,62.29,BTC-28JUN24-50000-C,27699.8,buy,,,1.9,,,
545,266038101,2023-10-04 20:27:21,0,0.054,0.05191074,62.49,BTC-28JUN24-50000-C,27699.91,buy,,,5.0,,,
546,266038102,2023-10-04 20:27:21,1,0.054,0.05191074,62.49,BTC-28JUN24-50000-C,27699.91,buy,,,0.2,,,
547,266038103,2023-10-04 20:27:21,1,0.054,0.05191074,62.49,BTC-28JUN24-50000-C,27699.91,buy,,,1.2,,,
548,266039832,2023-10-04 21:11:20,2,0.0525,0.05289095,61.86,BTC-28JUN24-50000-C,27710.49,buy,,,1.1,,,
549,266048748,2023-10-05 01:34:03,2,0.0505,0.05069222,61.04,BTC-28JUN24-50000-C,27737.1,sell,,,0.1,,,
550,266050365,2023-10-05 02:34:30,2,0.05,0.05000421,60.96,BTC-28JUN24-50000-C,27684.25,sell,,,0.1,,,
551,266050383,2023-10-05 02:37:26,3,0.05,0.04993886,60.96,BTC-28JUN24-50000-C,27686.06,sell,,,0.1,,,
552,266051496,2023-10-05 03:46:23,0,0.0515,0.05253061,61.59,BTC-28JUN24-50000-C,27682.51,sell,,,1.1,,,
553,266051497,2023-10-05 03:46:23,2,0.051,0.05253061,61.39,BTC-28JUN24-50000-C,27682.51,sell,,,1.3,,,
554,266051498,2023-10-05 03:46:23,2,0.05,0.05253061,60.99,BTC-28JUN24-50000-C,27682.51,sell,,,1.3,,,
555,266051499,2023-10-05 03:46:23,3,0.05,0.05253061,60.99,BTC-28JUN24-50000-C,27682.51,buy,,,2.0,,,
556,266051540,2023-10-05 03:50:20,3,0.05,0.05027263,61.02,BTC-28JUN24-50000-C,27671.33,buy,,,4.2,,,
557,266058573,2023-10-05 08:13:02,2,0.0485,0.04844677,60.56,BTC-28JUN24-50000-C,27607.91,sell,,,0.1,,,
558,266058578,2023-10-05 08:13:07,3,0.0485,0.04848838,60.56,BTC-28JUN24-50000-C,27606.72,sell,,,0.1,,,
559,266058585,2023-10-05 08:13:21,3,0.0485,0.0485076,60.56,BTC-28JUN24-50000-C,27606.62,sell,,,0.1,,,
560,266058589,2023-10-05 08:13:35,3,0.0485,0.04852157,60.56,BTC-28JUN24-50000-C,27607.2,sell,,,0.1,,,
561,266058592,2023-10-05 08:13:44,3,0.0485,0.04852472,60.56,BTC-28JUN24-50000-C,27605.59,sell,,,0.1,,,
562,266058594,2023-10-05 08:13:48,3,0.0485,0.04852035,60.57,BTC-28JUN24-50000-C,27604.7,sell,,,1.2,,,
563,266058595,2023-10-05 08:13:49,3,0.0485,0.04852131,60.57,BTC-28JUN24-50000-C,27604.7,sell,,,0.1,,,
564,266058599,2023-10-05 08:13:58,3,0.0485,0.04853029,60.57,BTC-28JUN24-50000-C,27605.09,sell,,,0.1,,,
565,266068544,2023-10-05 13:15:20,0,0.05,0.05022663,60.6,BTC-28JUN24-50000-C,27882.61,buy,,,0.1,,,
566,266079473,2023-10-05 14:11:52,1,0.05,0.05018893,60.38,BTC-28JUN24-50000-C,27976.51,sell,,,1.1,,,
567,266105731,2023-10-05 16:12:07,2,0.0485,0.0484855,61.0,BTC-28JUN24-50000-C,27463.45,sell,,,1.2,,,
568,266119789,2023-10-05 19:46:36,0,0.049,0.04904385,61.2,BTC-28JUN24-50000-C,27470.18,sell,,,0.1,,,
569,266120379,2023-10-05 20:00:33,1,0.049,0.04919587,61.16,BTC-28JUN24-50000-C,27486.22,sell,,,0.1,,,
570,266120384,2023-10-05 20:00:34,1,0.049,0.04919609,61.15,BTC-28JUN24-50000-C,27487.98,sell,,,0.1,,,
571,266122089,2023-10-05 20:49:51,2,0.0485,0.04896857,61.06,BTC-28JUN24-50000-C,27444.31,sell,,,0.1,,,
572,266122090,2023-10-05 20:49:53,3,0.0485,0.04896804,61.06,BTC-28JUN24-50000-C,27443.99,sell,,,0.1,,,
573,266122091,2023-10-05 20:50:03,3,0.0485,0.04896697,61.06,BTC-28JUN24-50000-C,27444.09,sell,,,0.1,,,
574,266122092,2023-10-05 20:50:18,3,0.0485,0.04896627,61.06,BTC-28JUN24-50000-C,27444.21,sell,,,0.1,,,
575,266122097,2023-10-05 20:50:33,3,0.0485,0.04895128,61.06,BTC-28JUN24-50000-C,27441.58,sell,,,0.1,,,
576,266122103,2023-10-05 20:50:35,3,0.0485,0.0489434,61.06,BTC-28JUN24-50000-C,27440.31,sell,,,0.1,,,
577,266122104,2023-10-05 20:50:36,3,0.0485,0.04893608,61.07,BTC-28JUN24-50000-C,27439.0,sell,,,0.1,,,
578,266122105,2023-10-05 20:50:37,3,0.0485,0.04893512,61.07,BTC-28JUN24-50000-C,27438.8,sell,,,0.1,,,
579,266122107,2023-10-05 20:50:39,3,0.0485,0.04893478,61.07,BTC-28JUN24-50000-C,27438.8,sell,,,0.1,,,
580,266136155,2023-10-06 06:24:00,3,0.0485,0.04886799,60.98,BTC-28JUN24-50000-C,27509.35,sell,,,0.1,,,
581,266137702,2023-10-06 06:58:19,3,0.0485,0.04880676,61.0,BTC-28JUN24-50000-C,27500.34,sell,,,5.0,,,
582,266137703,2023-10-06 06:58:21,3,0.0485,0.04880698,61.0,BTC-28JUN24-50000-C,27500.49,sell,,,4.0,,,
583,266138611,2023-10-06 07:21:44,2,0.048,0.04858317,60.73,BTC-28JUN24-50000-C,27523.0,sell,,,5.0,,,
584,266139092,2023-10-06 07:26:07,2,0.0475,0.04837828,60.47,BTC-28JUN24-50000-C,27547.54,sell,,,13.6,,,
585,266143186,2023-10-06 08:06:09,0,0.048,0.04797675,60.49,BTC-28JUN24-50000-C,27631.37,buy,,,4.8,,,
586,266153294,2023-10-06 11:14:51,2,0.0475,0.04782907,60.19,BTC-28JUN24-50000-C,27682.54,sell,,,0.1,,,
587,266158794,2023-10-06 12:38:38,3,0.0475,0.047687,60.57,BTC-28JUN24-50000-C,27543.44,sell,,,0.1,,,
588,266158796,2023-10-06 12:38:41,3,0.0475,0.04763382,60.59,BTC-28JUN24-50000-C,27533.76,sell,,,0.1,,,
589,266159225,2023-10-06 12:43:52,3,0.0475,0.04784448,60.53,BTC-28JUN24-50000-C,27546.07,sell,,,0.1,,,
590,266160702,2023-10-06 12:54:07,3,0.0475,0.04739045,60.82,BTC-28JUN24-50000-C,27425.29,sell,,,0.7,,,
591,266160703,2023-10-06 12:54:08,3,0.0475,0.04737677,60.82,BTC-28JUN24-50000-C,27424.63,sell,,,0.1,,,
592,266160945,2023-10-06 12:55:50,3,0.0475,0.04753131,60.79,BTC-28JUN24-50000-C,27447.71,sell,,,0.1,,,
593,266160947,2023-10-06 12:55:51,3,0.0475,0.0475433,60.79,BTC-28JUN24-50000-C,27446.12,sell,,,0.1,,,
594,266160959,2023-10-06 12:55:59,3,0.0475,0.04749413,60.81,BTC-28JUN24-50000-C,27438.91,sell,,,0.1,,,
595,266160960,2023-10-06 12:56:00,3,0.0475,0.04749448,60.81,BTC-28JUN24-50000-C,27439.06,sell,,,0.1,,,
596,266160964,2023-10-06 12:56:01,3,0.0475,0.0474973,60.81,BTC-28JUN24-50000-C,27438.23,sell,,,0.1,,,
597,266160965,2023-10-06 12:56:02,3,0.0475,0.04749764,60.81,BTC-28JUN24-50000-C,27437.73,sell,,,0.1,,,
598,266161098,2023-10-06 12:56:56,3,0.0475,0.04740936,60.86,BTC-28JUN24-50000-C,27413.14,sell,,,0.1,,,
599,266161102,2023-10-06 12:56:57,3,0.0475,0.0474062,60.87,BTC-28JUN24-50000-C,27412.15,sell,,,0.1,,,
600,266161105,2023-10-06 12:56:58,3,0.0475,0.04740177,60.87,BTC-28JUN24-50000-C,27411.1,sell,,,0.1,,,
601,266161128,2023-10-06 12:57:11,3,0.0475,0.04737846,60.88,BTC-28JUN24-50000-C,27406.28,sell,,,2.9,,,
602,266166737,2023-10-06 13:13:20,2,0.047,0.04757344,60.73,BTC-28JUN24-50000-C,27390.65,sell,,,10.0,,,
603,266167823,2023-10-06 13:23:11,2,0.0465,0.04686534,60.49,BTC-28JUN24-50000-C,27390.32,buy,,,1.2,,,
604,266167824,2023-10-06 13:23:11,3,0.0465,0.04686534,60.49,BTC-28JUN24-50000-C,27390.32,buy,,,0.1,,,
605,266200411,2023-10-06 18:45:19,0,0.0491,0.04823028,60.32,BTC-28JUN24-50000-C,27921.61,buy,,99791,6.5,,,
606,266214660,2023-10-06 22:47:45,2,0.047,0.04735177,59.13,BTC-28JUN24-50000-C,28071.87,buy,,,1.3,,,
607,266275484,2023-10-08 22:05:37,0,0.051,0.0488038,61.38,BTC-28JUN24-50000-C,27918.05,buy,,,16.0,,,
608,266275485,2023-10-08 22:05:37,1,0.051,0.0488038,61.38,BTC-28JUN24-50000-C,27918.05,buy,,,0.1,,,
609,266275486,2023-10-08 22:05:37,0,0.052,0.0488038,61.78,BTC-28JUN24-50000-C,27918.05,buy,,,8.0,,,
610,266275487,2023-10-08 22:05:37,1,0.052,0.0488038,61.78,BTC-28JUN24-50000-C,27918.05,buy,,,19.0,,,
611,266282509,2023-10-09 01:35:44,2,0.0515,0.05006265,61.77,BTC-28JUN24-50000-C,27857.44,buy,,,4.2,,,
612,266282510,2023-10-09 01:35:44,0,0.052,0.05006265,61.97,BTC-28JUN24-50000-C,27857.44,buy,,,15.8,,,
613,266288355,2023-10-09 05:57:29,2,0.05,0.0507915,61.1,BTC-28JUN24-50000-C,27877.17,sell,,,6.0,,,
614,266288515,2023-10-09 06:06:50,2,0.0495,0.05032091,60.9,BTC-28JUN24-50000-C,27874.89,sell,,,5.0,,,
615,266306996,2023-10-09 10:16:02,2,0.0465,0.04677796,60.49,BTC-28JUN24-50000-C,27544.88,sell,,,0.1,,,
616,266306997,2023-10-09 10:16:02,3,0.0465,0.04677796,60.49,BTC-28JUN24-50000-C,27544.88,sell,,,1.7,,,
617,266307015,2023-10-09 10:16:10,3,0.0465,0.04677434,60.49,BTC-28JUN24-50000-C,27545.3,sell,,,0.1,,,
618,266307018,2023-10-09 10:16:14,3,0.0465,0.04677636,60.49,BTC-28JUN24-50000-C,27545.86,sell,,,0.1,,,
619,266307020,2023-10-09 10:16:17,3,0.0465,0.04677597,60.49,BTC-28JUN24-50000-C,27545.34,sell,,,0.1,,,
620,266307022,2023-10-09 10:16:18,3,0.0465,0.0467757,60.49,BTC-28JUN24-50000-C,27545.35,sell,,,0.1,,,
621,266307024,2023-10-09 10:16:20,3,0.0465,0.04677594,60.49,BTC-28JUN24-50000-C,27545.3,sell,,,0.1,,,
622,266307026,2023-10-09 10:16:22,3,0.0465,0.04677504,60.49,BTC-28JUN24-50000-C,27545.46,sell,,,0.1,,,
623,266307027,2023-10-09 10:16:23,3,0.0465,0.04677873,60.49,BTC-28JUN24-50000-C,27545.51,sell,,,0.1,,,
624,266308245,2023-10-09 10:22:21,0,0.048,0.04759654,61.22,BTC-28JUN24-50000-C,27510.33,sell,,,3.4,,,
625,266319062,2023-10-09 11:54:14,2,0.0465,0.04722688,60.75,BTC-28JUN24-50000-C,27462.55,buy,,,1.4,,,
626,266335229,2023-10-09 14:23:29,0,0.0467,0.04683693,60.6,BTC-28JUN24-50000-C,27565.83,sell,,100029,12.5,,,BTC-CS-28JUN24-50000_60000
627,266335245,2023-10-09 14:24:29,2,0.0466,0.04686968,60.54,BTC-28JUN24-50000-C,27572.98,sell,,100030,12.5,,,BTC-CS-28JUN24-50000_60000
628,266335519,2023-10-09 14:26:33,2,0.0465,0.04668207,60.57,BTC-28JUN24-50000-C,27544.28,sell,,100031,100.0,,,BTC-CBUT-28JUN24-50000_60000_70000
629,266336513,2023-10-09 14:44:03,2,0.046,0.04627086,60.45,BTC-28JUN24-50000-C,27501.08,sell,,,5.0,,,
630,266339564,2023-10-09 15:41:24,3,0.046,0.04625837,60.43,BTC-28JUN24-50000-C,27509.22,sell,,100042,12.5,,,BTC-CS-28JUN24-36000_50000
631,266339665,2023-10-09 15:42:04,3,0.046,0.04622686,60.44,BTC-28JUN24-50000-C,27502.78,sell,,,2.5,,,
632,266339683,2023-10-09 15:42:08,3,0.046,0.04622552,60.44,BTC-28JUN24-50000-C,27501.8,sell,,,2.5,,,
633,266339689,2023-10-09 15:42:15,3,0.046,0.04622982,60.44,BTC-28JUN24-50000-C,27502.53,sell,,,2.5,,,
634,266339770,2023-10-09 15:43:55,2,0.0452,0.04621784,60.11,BTC-28JUN24-50000-C,27501.88,sell,,100043,100.0,,,BTC-CS-28JUN24-45000_50000
635,266340363,2023-10-09 15:47:35,0,0.0455,0.04597829,60.35,BTC-28JUN24-50000-C,27456.6,sell,,100044,50.0,,,BTC-CBUT-28JUN24-50000_70000_90000
636,266340692,2023-10-09 15:52:44,0,0.046,0.04600223,60.61,BTC-28JUN24-50000-C,27442.68,sell,,,7.5,,,
637,266342873,2023-10-09 16:11:03,0,0.0465,0.04558599,60.68,BTC-28JUN24-50000-C,27493.41,sell,,100053,12.5,,,BTC-CS-28JUN24-50000_60000
638,266345409,2023-10-09 16:32:16,2,0.045,0.0450402,60.22,BTC-28JUN24-50000-C,27431.41,buy,,,0.6,,,
639,266347484,2023-10-09 16:43:22,3,0.045,0.04494222,60.38,BTC-28JUN24-50000-C,27367.45,buy,,,1.3,,,
640,266348806,2023-10-09 16:49:30,0,0.0455,0.04526165,60.61,BTC-28JUN24-50000-C,27353.29,sell,,,1.3,,,
641,266357121,2023-10-09 18:07:46,1,0.0455,0.04556572,59.89,BTC-28JUN24-50000-C,27652.61,sell,,,1.1,,,
642,266357135,2023-10-09 18:07:49,0,0.046,0.04556496,60.1,BTC-28JUN24-50000-C,27651.89,sell,,,2.3,,,
643,266357242,2023-10-09 18:09:30,1,0.046,0.04571653,60.13,BTC-28JUN24-50000-C,27640.04,buy,,,0.8,,,
644,266357340,2023-10-09 18:10:20,2,0.0455,0.0456856,59.93,BTC-28JUN24-50000-C,27633.53,buy,,,2.1,,,
645,266357341,2023-10-09 18:10:20,3,0.0455,0.0456856,59.93,BTC-28JUN24-50000-C,27633.53,buy,,,0.4,,,
646,266365394,2023-10-09 21:13:38,2,0.045,0.04556722,59.93,BTC-28JUN24-50000-C,27564.95,sell,,,0.1,,,
647,266365395,2023-10-09 21:13:39,3,0.045,0.04556683,59.93,BTC-28JUN24-50000-C,27564.95,sell,,,0.1,,,
648,266366776,2023-10-09 22:18:18,0,0.0455,0.04558908,60.07,BTC-28JUN24-50000-C,27588.44,sell,,,1.5,,,
649,266376386,2023-10-10 04:50:53,2,0.045,0.0457119,59.88,BTC-28JUN24-50000-C,27611.53,sell,,,5.0,,,
650,266405516,2023-10-10 15:13:11,0,0.0455,0.0452317,60.71,BTC-28JUN24-50000-C,27370.65,sell,,,1.2,,,
651,266424258,2023-10-10 20:49:05,1,0.0455,0.04533658,60.76,BTC-28JUN24-50000-C,27358.57,buy,,,1.1,,,
652,266424736,2023-10-10 21:04:50,0,0.0465,0.04628364,61.09,BTC-28JUN24-50000-C,27397.55,buy,,,0.9,,,
653,266450758,2023-10-11 05:23:38,2,0.045,0.04518058,61.4,BTC-28JUN24-50000-C,27070.42,sell,,,14.8,,,
654,266450759,2023-10-11 05:23:38,3,0.045,0.04518058,61.4,BTC-28JUN24-50000-C,27070.42,sell,,,4.2,,,
655,266451164,2023-10-11 05:29:46,3,0.045,0.04535953,61.32,BTC-28JUN24-50000-C,27108.11,sell,,,5.8,,,
656,266451165,2023-10-11 05:29:46,2,0.0445,0.04535953,61.11,BTC-28JUN24-50000-C,27108.11,buy,,,1.9,,,
657,266453835,2023-10-11 06:18:50,3,0.0445,0.0445512,61.14,BTC-28JUN24-50000-C,27106.91,buy,,,1.0,,,
658,266456686,2023-10-11 07:26:08,2,0.0435,0.04419974,60.83,BTC-28JUN24-50000-C,27046.56,sell,,,1.0,,,
659,266456722,2023-10-11 07:26:35,3,0.0435,0.04417598,60.84,BTC-28JUN24-50000-C,27043.58,sell,,,0.6,,,
660,266456723,2023-10-11 07:26:35,3,0.0435,0.04417598,60.84,BTC-28JUN24-50000-C,27043.58,sell,,,0.4,,,
661,266476121,2023-10-11 10:18:05,0,0.045,0.0444046,61.0,BTC-28JUN24-50000-C,27250.48,sell,,,2.0,,,
662,266476122,2023-10-11 10:18:05,1,0.045,0.0444046,61.0,BTC-28JUN24-50000-C,27250.48,sell,,,0.1,,,
663,266476320,2023-10-11 10:19:57,0,0.046,0.04546221,61.39,BTC-28JUN24-50000-C,27258.9,buy,,,0.9,,,
664,266483317,2023-10-11 12:34:45,2,0.044,0.04414358,60.88,BTC-28JUN24-50000-C,27136.95,sell,,,0.1,,,
665,266483319,2023-10-11 12:34:48,3,0.044,0.04414999,60.88,BTC-28JUN24-50000-C,27139.07,sell,,,0.1,,,
666,266483331,2023-10-11 12:34:52,3,0.044,0.04415787,60.87,BTC-28JUN24-50000-C,27140.19,sell,,,0.1,,,
667,266483443,2023-10-11 12:35:19,3,0.044,0.04413151,60.89,BTC-28JUN24-50000-C,27133.54,sell,,,0.1,,,
668,266483621,2023-10-11 12:36:11,3,0.044,0.04404092,60.93,BTC-28JUN24-50000-C,27118.01,sell,,,0.1,,,
669,266484332,2023-10-11 12:38:27,2,0.0435,0.04381639,60.82,BTC-28JUN24-50000-C,27071.45,sell,,,0.5,,,
670,266484751,2023-10-11 12:41:45,0,0.0445,0.04418467,61.18,BTC-28JUN24-50000-C,27105.83,sell,,,0.5,,,
671,266524617,2023-10-11 17:50:15,2,0.0435,0.04344359,62.17,BTC-28JUN24-50000-C,26552.29,sell,,,1.3,,,
672,266524654,2023-10-11 17:50:18,3,0.0435,0.04345948,62.16,BTC-28JUN24-50000-C,26555.81,buy,,,0.1,,,
673,266524665,2023-10-11 17:50:18,3,0.0435,0.0434709,62.16,BTC-28JUN24-50000-C,26555.81,buy,,,1.1,,,
674,266524709,2023-10-11 17:50:23,3,0.0435,0.04348088,62.15,BTC-28JUN24-50000-C,26558.32,buy,,,0.1,,,
675,266532172,2023-10-11 19:41:01,2,0.043,0.04338802,61.52,BTC-28JUN24-50000-C,26731.12,sell,,,19.9,,,
676,266534689,2023-10-11 20:16:45,3,0.043,0.04261611,61.54,BTC-28JUN24-50000-C,26720.64,buy,,,0.7,,,
677,266535258,2023-10-11 20:26:34,3,0.043,0.04273477,61.58,BTC-28JUN24-50000-C,26710.11,buy,,,1.0,,,
678,266535418,2023-10-11 20:29:52,3,0.043,0.0427386,61.6,BTC-28JUN24-50000-C,26701.26,buy,,,0.8,,,
679,266535439,2023-10-11 20:31:04,3,0.043,0.04277256,61.59,BTC-28JUN24-50000-C,26706.7,buy,,,0.2,,,
680,266535608,2023-10-11 20:36:27,3,0.043,0.04292449,61.58,BTC-28JUN24-50000-C,26707.95,buy,,,0.5,,,
681,266535609,2023-10-11 20:36:30,3,0.043,0.04292668,61.58,BTC-28JUN24-50000-C,26708.5,buy,,,0.5,,,
682,266535610,2023-10-11 20:36:32,3,0.043,0.04292752,61.58,BTC-28JUN24-50000-C,26708.65,buy,,,0.5,,,
683,266535611,2023-10-11 20:36:35,3,0.043,0.04292809,61.58,BTC-28JUN24-50000-C,26708.5,buy,,,0.5,,,
684,266535649,2023-10-11 20:38:26,3,0.043,0.04289344,61.6,BTC-28JUN24-50000-C,26704.58,buy,,,0.5,,,
685,266535651,2023-10-11 20:38:43,3,0.043,0.04289789,61.6,BTC-28JUN24-50000-C,26704.16,buy,,,0.4,,,
686,266535653,2023-10-11 20:38:50,3,0.043,0.04290288,61.6,BTC-28JUN24-50000-C,26703.72,buy,,,0.5,,,
687,266535654,2023-10-11 20:38:54,3,0.043,0.04290324,61.6,BTC-28JUN24-50000-C,26703.26,buy,,,0.5,,,
688,266535655,2023-10-11 20:38:56,3,0.043,0.04290313,61.6,BTC-28JUN24-50000-C,26703.31,buy,,,0.5,,,
689,266535656,2023-10-11 20:38:58,3,0.043,0.04290336,61.6,BTC-28JUN24-50000-C,26703.55,buy,,,0.5,,,
690,266535658,2023-10-11 20:39:00,3,0.043,0.04290469,61.6,BTC-28JUN24-50000-C,26703.52,buy,,,1.6,,,
691,266535661,2023-10-11 20:39:10,3,0.043,0.04290241,61.6,BTC-28JUN24-50000-C,26703.37,buy,,,0.5,,,
692,266535662,2023-10-11 20:39:10,3,0.043,0.04290241,61.6,BTC-28JUN24-50000-C,26703.37,buy,,,1.3,,,
693,266535853,2023-10-11 20:46:36,3,0.043,0.04295329,61.62,BTC-28JUN24-50000-C,26696.53,buy,,,0.5,,,
694,266535859,2023-10-11 20:47:12,3,0.043,0.04295577,61.63,BTC-28JUN24-50000-C,26694.98,buy,,,0.5,,,
695,266535860,2023-10-11 20:47:14,3,0.043,0.0429599,61.62,BTC-28JUN24-50000-C,26695.62,buy,,,0.5,,,
696,266535861,2023-10-11 20:47:16,3,0.043,0.0429606,61.62,BTC-28JUN24-50000-C,26695.62,buy,,,0.5,,,
697,266535862,2023-10-11 20:47:18,3,0.043,0.04296114,61.63,BTC-28JUN24-50000-C,26695.62,buy,,,0.5,,,
698,266535863,2023-10-11 20:47:20,3,0.043,0.04296205,61.63,BTC-28JUN24-50000-C,26695.57,buy,,,0.5,,,
699,266535866,2023-10-11 20:47:22,3,0.043,0.04296132,61.62,BTC-28JUN24-50000-C,26695.67,buy,,,0.5,,,
700,266535867,2023-10-11 20:47:24,3,0.043,0.04296202,61.62,BTC-28JUN24-50000-C,26695.92,buy,,,0.5,,,
701,266535868,2023-10-11 20:47:27,3,0.043,0.04296565,61.62,BTC-28JUN24-50000-C,26696.05,buy,,,0.5,,,
702,266535869,2023-10-11 20:47:29,3,0.043,0.04296687,61.62,BTC-28JUN24-50000-C,26696.1,buy,,,0.5,,,
703,266535870,2023-10-11 20:47:31,3,0.043,0.04296802,61.62,BTC-28JUN24-50000-C,26696.01,buy,,,0.5,,,
704,266535871,2023-10-11 20:47:33,3,0.043,0.0429673,61.62,BTC-28JUN24-50000-C,26695.99,buy,,,0.5,,,
705,266535872,2023-10-11 20:47:35,3,0.043,0.0429677,61.62,BTC-28JUN24-50000-C,26697.29,buy,,,0.5,,,
706,266535873,2023-10-11 20:47:37,3,0.043,0.04297477,61.62,BTC-28JUN24-50000-C,26696.9,buy,,,0.5,,,
707,266535874,2023-10-11 20:47:39,3,0.043,0.04297363,61.62,BTC-28JUN24-50000-C,26697.0,buy,,,0.5,,,
708,266535875,2023-10-11 20:47:41,3,0.043,0.04297407,61.62,BTC-28JUN24-50000-C,26697.0,buy,,,0.5,,,
709,266535876,2023-10-11 20:47:43,3,0.043,0.04297429,61.62,BTC-28JUN24-50000-C,26697.11,buy,,,0.5,,,
710,266535877,2023-10-11 20:47:44,3,0.043,0.04297462,61.62,BTC-28JUN24-50000-C,26697.13,buy,,,0.5,,,
711,266536541,2023-10-11 21:18:31,3,0.043,0.04272442,61.57,BTC-28JUN24-50000-C,26724.21,buy,,,0.5,,,
712,266536542,2023-10-11 21:18:31,3,0.043,0.04272442,61.57,BTC-28JUN24-50000-C,26724.21,buy,,,0.2,,,
713,266543201,2023-10-12 00:43:59,3,0.043,0.0427533,61.39,BTC-28JUN24-50000-C,26797.96,buy,,,1.3,,,
714,266543622,2023-10-12 01:06:27,0,0.0435,0.04320382,61.66,BTC-28JUN24-50000-C,26786.91,buy,,,0.9,,,
715,266551955,2023-10-12 06:19:04,0,0.044,0.0438737,61.73,BTC-28JUN24-50000-C,26855.46,buy,,,0.1,,,
716,266554563,2023-10-12 07:39:08,2,0.043,0.04304269,61.37,BTC-28JUN24-50000-C,26822.23,buy,,,1.6,,,
717,266557194,2023-10-12 08:39:33,2,0.0425,0.04260199,61.22,BTC-28JUN24-50000-C,26802.16,sell,,,0.1,,,
718,266567623,2023-10-12 12:37:44,3,0.0425,0.04244452,61.24,BTC-28JUN24-50000-C,26789.84,sell,,,1.3,,,
719,266567639,2023-10-12 12:38:09,3,0.0425,0.0424661,61.24,BTC-28JUN24-50000-C,26795.23,sell,,,1.1,,,
720,266570231,2023-10-12 13:31:21,3,0.0425,0.04220724,61.36,BTC-28JUN24-50000-C,26744.95,sell,,,2.5,,,
721,266570232,2023-10-12 13:31:24,3,0.0425,0.0422242,61.36,BTC-28JUN24-50000-C,26749.44,buy,,,0.8,,,
722,266570233,2023-10-12 13:31:24,3,0.0425,0.0422242,61.36,BTC-28JUN24-50000-C,26749.44,buy,,,1.7,,,
723,266576810,2023-10-12 15:31:09,2,0.0415,0.04179174,61.16,BTC-28JUN24-50000-C,26651.71,buy,,,0.6,,,
724,266576811,2023-10-12 15:31:09,3,0.0415,0.04179174,61.16,BTC-28JUN24-50000-C,26651.71,buy,,,0.1,,,
725,266576817,2023-10-12 15:31:13,3,0.0415,0.04178638,61.16,BTC-28JUN24-50000-C,26652.62,buy,,,0.6,,,
726,266576818,2023-10-12 15:31:13,3,0.0415,0.04178638,61.16,BTC-28JUN24-50000-C,26652.62,buy,,,0.1,,,
727,266576828,2023-10-12 15:31:23,3,0.0415,0.04181956,61.15,BTC-28JUN24-50000-C,26657.62,buy,,,0.6,,,
728,266576829,2023-10-12 15:31:23,3,0.0415,0.04181956,61.15,BTC-28JUN24-50000-C,26657.62,buy,,,0.1,,,
729,266576884,2023-10-12 15:32:53,2,0.041,0.04176333,60.95,BTC-28JUN24-50000-C,26651.01,sell,,,0.1,,,
730,266576885,2023-10-12 15:32:53,3,0.041,0.04176333,60.95,BTC-28JUN24-50000-C,26651.01,sell,,,20.0,,,
731,266576886,2023-10-12 15:32:53,3,0.041,0.04176333,60.95,BTC-28JUN24-50000-C,26651.01,sell,,,13.0,,,
732,266576887,2023-10-12 15:32:53,3,0.041,0.04176333,60.95,BTC-28JUN24-50000-C,26651.01,sell,,,0.2,,,
733,266576888,2023-10-12 15:32:53,3,0.041,0.04176333,60.95,BTC-28JUN24-50000-C,26651.01,sell,,,1.3,,,
734,266576889,2023-10-12 15:32:53,3,0.041,0.04176333,60.95,BTC-28JUN24-50000-C,26651.01,buy,,,1.0,,,
735,266576890,2023-10-12 15:32:53,3,0.041,0.04176333,60.95,BTC-28JUN24-50000-C,26651.01,buy,,,9.0,,,
736,266579017,2023-10-12 16:18:07,3,0.041,0.04172531,60.82,BTC-28JUN24-50000-C,26705.91,sell,,,0.7,,,
737,266579018,2023-10-12 16:18:07,3,0.041,0.04172531,60.82,BTC-28JUN24-50000-C,26705.91,sell,,,0.3,,,
738,266582522,2023-10-12 16:40:09,0,0.0415,0.04170219,60.91,BTC-28JUN24-50000-C,26757.13,buy,,,0.1,,,
739,266582523,2023-10-12 16:40:10,1,0.0415,0.04170219,60.91,BTC-28JUN24-50000-C,26757.75,buy,,,0.1,,,
740,266582525,2023-10-12 16:40:11,1,0.0415,0.04170213,60.91,BTC-28JUN24-50000-C,26757.85,buy,,,0.1,,,
741,266582528,2023-10-12 16:40:14,1,0.0415,0.04171729,60.9,BTC-28JUN24-50000-C,26758.43,buy,,,0.1,,,
742,266582536,2023-10-12 16:40:15,1,0.0415,0.04171377,60.9,BTC-28JUN24-50000-C,26757.09,buy,,,0.1,,,
743,266582545,2023-10-12 16:40:18,1,0.0415,0.04166479,60.92,BTC-28JUN24-50000-C,26750.11,buy,,,0.1,,,
744,266582546,2023-10-12 16:40:20,1,0.0415,0.04166387,60.93,BTC-28JUN24-50000-C,26748.36,buy,,,0.1,,,
745,266582611,2023-10-12 16:41:52,1,0.0415,0.04159825,60.93,BTC-28JUN24-50000-C,26740.41,buy,,,0.2,,,
746,266587111,2023-10-12 17:38:35,2,0.041,0.04141575,61.07,BTC-28JUN24-50000-C,26605.13,sell,,,0.8,,,
747,266587112,2023-10-12 17:38:38,3,0.041,0.04142318,61.06,BTC-28JUN24-50000-C,26606.78,buy,,,0.1,,,
748,266588257,2023-10-12 17:59:38,3,0.041,0.04114847,60.99,BTC-28JUN24-50000-C,26623.44,buy,,,0.9,,,
749,266588272,2023-10-12 18:00:00,3,0.041,0.04118959,60.97,BTC-28JUN24-50000-C,26630.87,buy,,,0.9,,,
750,266588302,2023-10-12 18:00:25,3,0.041,0.04114582,60.99,BTC-28JUN24-50000-C,26623.12,buy,,,0.1,,,
751,266588303,2023-10-12 18:00:29,3,0.041,0.04114781,60.99,BTC-28JUN24-50000-C,26624.46,buy,,,0.1,,,
752,266588595,2023-10-12 18:05:30,3,0.041,0.0407516,61.03,BTC-28JUN24-50000-C,26609.65,buy,,,1.0,,,
753,266590338,2023-10-12 18:41:31,0,0.042,0.04097696,61.25,BTC-28JUN24-50000-C,26701.76,buy,,,0.6,,,
754,266591941,2023-10-12 19:41:40,2,0.0415,0.04149416,61.06,BTC-28JUN24-50000-C,26704.14,buy,,,0.4,,,
755,266595051,2023-10-12 21:33:28,0,0.0425,0.04283918,61.37,BTC-28JUN24-50000-C,26752.23,buy,,,0.1,,,
756,266595052,2023-10-12 21:33:29,1,0.0425,0.042834,61.37,BTC-28JUN24-50000-C,26750.98,buy,,,0.1,,,
757,266595053,2023-10-12 21:33:30,1,0.0425,0.04283255,61.37,BTC-28JUN24-50000-C,26750.98,buy,,,0.1,,,
758,266606680,2023-10-13 03:26:03,2,0.042,0.04237187,61.06,BTC-28JUN24-50000-C,26799.01,sell,,,1.4,,,
759,266606681,2023-10-13 03:26:09,3,0.042,0.04237064,61.06,BTC-28JUN24-50000-C,26799.01,buy,,,1.4,,,
760,266612023,2023-10-13 07:05:27,3,0.042,0.04214129,61.01,BTC-28JUN24-50000-C,26825.17,buy,,,1.3,,,
761,266623086,2023-10-13 09:02:28,3,0.042,0.04183449,61.1,BTC-28JUN24-50000-C,26802.98,sell,,,0.1,,,
762,266623087,2023-10-13 09:02:37,3,0.042,0.04183556,61.1,BTC-28JUN24-50000-C,26803.34,buy,,,0.1,,,
763,266623336,2023-10-13 09:09:31,3,0.042,0.04166998,61.14,BTC-28JUN24-50000-C,26782.2,buy,,,0.1,,,
764,266623338,2023-10-13 09:09:57,3,0.042,0.04167811,61.14,BTC-28JUN24-50000-C,26783.6,buy,,,0.1,,,
765,266623339,2023-10-13 09:09:58,3,0.042,0.04167862,61.14,BTC-28JUN24-50000-C,26783.65,buy,,,0.1,,,
766,266623341,2023-10-13 09:09:59,3,0.042,0.04167823,61.14,BTC-28JUN24-50000-C,26783.55,buy,,,0.1,,,
767,266623518,2023-10-13 09:19:02,3,0.042,0.04175211,61.07,BTC-28JUN24-50000-C,26805.34,buy,,,0.1,,,
768,266630125,2023-10-13 12:32:15,3,0.042,0.04188754,60.94,BTC-28JUN24-50000-C,26870.83,buy,,,0.3,,,
769,266636081,2023-10-13 14:01:04,2,0.0415,0.04112964,60.85,BTC-28JUN24-50000-C,26830.33,buy,,,6.0,,,
770,266636621,2023-10-13 14:05:28,3,0.0415,0.04130106,60.83,BTC-28JUN24-50000-C,26839.06,buy,,,0.2,,,
771,266636622,2023-10-13 14:05:28,3,0.0415,0.04130106,60.83,BTC-28JUN24-50000-C,26839.06,buy,,,0.1,,,
772,266639663,2023-10-13 14:58:09,2,0.041,0.04112385,60.85,BTC-28JUN24-50000-C,26735.24,sell,,,20.0,,,
773,266649534,2023-10-13 17:24:03,2,0.0405,0.04061785,60.58,BTC-28JUN24-50000-C,26755.56,sell,,,1.3,,,
774,266653896,2023-10-13 19:22:06,0,0.041,0.0404296,60.78,BTC-28JUN24-50000-C,26770.89,buy,,,7.4,,,
775,266653897,2023-10-13 19:22:06,1,0.041,0.0404296,60.78,BTC-28JUN24-50000-C,26770.89,buy,,,0.1,,,
776,266653950,2023-10-13 19:23:43,0,0.0415,0.0404275,61.02,BTC-28JUN24-50000-C,26761.28,buy,,,0.8,,,
777,266653951,2023-10-13 19:23:43,1,0.0415,0.0404275,61.02,BTC-28JUN24-50000-C,26761.28,buy,,,0.1,,,
778,266654010,2023-10-13 19:27:21,0,0.042,0.0408641,61.22,BTC-28JUN24-50000-C,26766.86,buy,,,0.1,,,
779,266659408,2023-10-13 20:54:04,1,0.042,0.04224342,60.79,BTC-28JUN24-50000-C,26971.29,buy,,,0.6,,,
780,266659414,2023-10-13 20:54:04,1,0.042,0.04224342,60.79,BTC-28JUN24-50000-C,26971.29,buy,,,0.1,,,
781,266659802,2023-10-13 20:54:07,1,0.042,0.0424008,60.72,BTC-28JUN24-50000-C,27007.05,buy,,,0.4,,,
782,266672850,2023-10-13 21:59:22,1,0.042,0.04173262,60.62,BTC-28JUN24-50000-C,27027.77,sell,,,0.9,,,
783,266691906,2023-10-14 12:32:33,2,0.0415,0.04201697,60.86,BTC-28JUN24-50000-C,26857.74,sell,,,0.1,,,
784,266735579,2023-10-16 02:45:12,0,0.042,0.04152994,60.48,BTC-28JUN24-50000-C,27205.66,buy,,,5.0,,,
785,266736192,2023-10-16 03:19:37,1,0.042,0.04220152,60.57,BTC-28JUN24-50000-C,27174.9,buy,,,4.3,,,
786,266736263,2023-10-16 03:23:26,1,0.042,0.04230948,60.51,BTC-28JUN24-50000-C,27198.25,sell,,,1.9,,,
787,266740416,2023-10-16 05:16:45,0,0.043,0.04304058,60.21,BTC-28JUN24-50000-C,27488.13,buy,,,3.0,,,
788,266744315,2023-10-16 05:17:02,0,0.044,0.04420481,60.14,BTC-28JUN24-50000-C,27688.61,buy,,,2.1,,,
789,266744329,2023-10-16 05:17:02,1,0.044,0.04420481,60.14,BTC-28JUN24-50000-C,27691.77,buy,,,0.2,,,
790,266751385,2023-10-16 05:27:05,1,0.044,0.04368313,60.03,BTC-28JUN24-50000-C,27730.64,buy,,,0.7,,,
791,266752293,2023-10-16 05:29:04,0,0.0445,0.04383638,60.2,BTC-28JUN24-50000-C,27749.24,buy,,,5.0,,,
792,266752907,2023-10-16 05:30:41,1,0.0445,0.04424001,60.01,BTC-28JUN24-50000-C,27814.78,buy,,,5.0,,,
793,266752948,2023-10-16 05:30:43,0,0.045,0.04413747,60.26,BTC-28JUN24-50000-C,27815.55,buy,,,1.1,,,
794,266757112,2023-10-16 05:39:35,0,0.0455,0.04490771,60.17,BTC-28JUN24-50000-C,27944.31,buy,,,4.0,,,
795,266757113,2023-10-16 05:39:35,0,0.046,0.04490771,60.39,BTC-28JUN24-50000-C,27944.31,buy,,,1.0,,,
796,266757258,2023-10-16 05:39:51,1,0.046,0.04491427,60.37,BTC-28JUN24-50000-C,27948.26,buy,,,4.0,,,
797,266762513,2023-10-16 06:02:47,0,0.047,0.04590681,60.79,BTC-28JUN24-50000-C,27943.92,buy,,,5.0,,,
798,266763003,2023-10-16 06:04:44,0,0.0475,0.04624739,60.95,BTC-28JUN24-50000-C,27956.66,sell,,,2.7,,,
799,266763231,2023-10-16 06:05:25,1,0.0475,0.04684232,60.94,BTC-28JUN24-50000-C,27961.43,buy,,,5.7,,,
800,266763553,2023-10-16 06:06:32,0,0.048,0.04683854,61.19,BTC-28JUN24-50000-C,27946.55,buy,,,5.0,,,
801,266776779,2023-10-16 08:12:05,2,0.047,0.04753643,60.95,BTC-28JUN24-50000-C,27896.86,sell,,,1.3,,,
802,266777514,2023-10-16 08:23:03,2,0.0467,0.04691722,60.96,BTC-28JUN24-50000-C,27839.58,sell,,100994,25.0,,,BTC-CS-28JUN24-36000_50000
803,266779327,2023-10-16 09:02:55,2,0.0465,0.04614568,60.93,BTC-28JUN24-50000-C,27810.22,buy,,,1.2,,,
804,266805344,2023-10-16 13:26:33,0,0.047,0.04806966,59.8,BTC-28JUN24-50000-C,28373.41,buy,,,5.0,,,
805,266805345,2023-10-16 13:26:33,1,0.047,0.04806966,59.8,BTC-28JUN24-50000-C,28373.41,buy,,,0.1,,,
806,266810253,2023-10-16 13:27:28,0,0.048,0.04863075,59.78,BTC-28JUN24-50000-C,28550.07,buy,,,5.0,,,
807,266810254,2023-10-16 13:27:28,1,0.048,0.04863075,59.78,BTC-28JUN24-50000-C,28550.07,buy,,,0.1,,,
808,266815220,2023-10-16 13:28:27,0,0.049,0.05040879,59.2,BTC-28JUN24-50000-C,28964.5,buy,,,5.0,,,
809,266815221,2023-10-16 13:28:27,1,0.049,0.05040879,59.2,BTC-28JUN24-50000-C,28964.5,buy,,,0.1,,,
810,266820430,2023-10-16 13:29:35,0,0.05,0.05048225,59.12,BTC-28JUN24-50000-C,29155.34,buy,,,5.0,,,
811,266820431,2023-10-16 13:29:35,1,0.05,0.05048225,59.12,BTC-28JUN24-50000-C,29155.34,buy,,,0.1,,,
812,266891139,2023-10-16 13:55:49,2,0.0475,0.04956011,60.66,BTC-28JUN24-50000-C,28061.99,sell,,,2.0,,,
813,266904440,2023-10-16 14:23:14,2,0.047,0.04649509,60.35,BTC-28JUN24-50000-C,28106.19,buy,,,6.0,,,
814,266906828,2023-10-16 14:29:39,2,0.0465,0.04697236,59.89,BTC-28JUN24-50000-C,28209.14,buy,,,1.2,,,
815,266906866,2023-10-16 14:29:54,0,0.047,0.04691919,60.08,BTC-28JUN24-50000-C,28214.49,buy,,,10.0,,,
816,266906867,2023-10-16 14:29:54,1,0.047,0.04691919,60.08,BTC-28JUN24-50000-C,28214.49,buy,,,1.5,,,
817,266906868,2023-10-16 14:29:54,1,0.047,0.04691919,60.08,BTC-28JUN24-50000-C,28214.49,sell,,,0.5,,,
818,266906979,2023-10-16 14:30:17,2,0.0465,0.04696562,59.85,BTC-28JUN24-50000-C,28223.14,sell,,,1.3,,,
819,266909565,2023-10-16 14:33:41,0,0.0475,0.04764296,60.01,BTC-28JUN24-50000-C,28321.85,sell,,,1.1,,,
820,266909566,2023-10-16 14:33:41,1,0.0475,0.04764296,60.01,BTC-28JUN24-50000-C,28321.85,sell,,,0.1,,,
821,266910039,2023-10-16 14:34:50,1,0.0475,0.04737163,60.17,BTC-28JUN24-50000-C,28261.83,sell,,,0.6,,,
822,266932389,2023-10-16 16:40:31,2,0.0455,0.04565133,59.65,BTC-28JUN24-50000-C,28131.9,sell,,,0.5,,,
823,266932840,2023-10-16 16:45:59,3,0.0455,0.04568766,59.68,BTC-28JUN24-50000-C,28126.0,sell,,,1.2,,,
824,266933393,2023-10-16 16:56:08,2,0.045,0.04545571,59.51,BTC-28JUN24-50000-C,28100.6,sell,,,0.1,,,
825,266933402,2023-10-16 16:56:16,3,0.045,0.04542618,59.52,BTC-28JUN24-50000-C,28096.59,sell,,,0.1,,,
826,266933404,2023-10-16 16:56:19,3,0.045,0.04543415,59.52,BTC-28JUN24-50000-C,28097.32,sell,,,0.1,,,
827,266933405,2023-10-16 16:56:24,3,0.045,0.04543205,59.52,BTC-28JUN24-50000-C,28096.29,sell,,,0.1,,,
828,266933407,2023-10-16 16:56:24,3,0.045,0.04543195,59.52,BTC-28JUN24-50000-C,28096.29,sell,,,0.1,,,
829,266934448,2023-10-16 17:06:54,3,0.045,0.04566076,59.35,BTC-28JUN24-50000-C,28165.03,sell,,,0.1,,,
830,267012977,2023-10-17 08:05:06,0,0.0485,0.0488725,60.17,BTC-28JUN24-50000-C,28487.96,sell,,,1.1,,,
831,267015464,2023-10-17 08:30:28,2,0.0475,0.04794618,59.94,BTC-28JUN24-50000-C,28400.94,sell,,,0.1,,,
832,267015467,2023-10-17 08:30:32,3,0.0475,0.04794508,59.94,BTC-28JUN24-50000-C,28401.66,sell,,,0.1,,,
833,267015915,2023-10-17 08:35:08,3,0.0475,0.04776903,59.99,BTC-28JUN24-50000-C,28381.55,sell,,,0.1,,,
834,267015960,2023-10-17 08:36:06,3,0.0475,0.04776421,60.0,BTC-28JUN24-50000-C,28377.42,sell,,,0.1,,,
835,267015980,2023-10-17 08:36:08,3,0.0475,0.04779831,59.99,BTC-28JUN24-50000-C,28383.05,sell,,,0.1,,,
836,267015982,2023-10-17 08:36:10,3,0.0475,0.04779757,59.99,BTC-28JUN24-50000-C,28383.55,sell,,,0.1,,,
837,267015985,2023-10-17 08:36:12,3,0.0475,0.04778253,59.99,BTC-28JUN24-50000-C,28380.67,sell,,,0.1,,,
838,267015987,2023-10-17 08:36:14,3,0.0475,0.04778444,59.99,BTC-28JUN24-50000-C,28382.63,sell,,,0.1,,,
839,267018790,2023-10-17 08:53:50,0,0.0483,0.04810444,60.1,BTC-28JUN24-50000-C,28481.56,buy,,101345,12.5,,,
840,267019823,2023-10-17 09:20:31,2,0.0475,0.04756454,59.96,BTC-28JUN24-50000-C,28399.78,buy,,,1.6,,,
841,267019824,2023-10-17 09:20:31,3,0.0475,0.04756454,59.96,BTC-28JUN24-50000-C,28399.78,buy,,,0.2,,,
842,267020394,2023-10-17 09:41:07,0,0.048,0.04790603,60.17,BTC-28JUN24-50000-C,28402.4,sell,,,1.2,,,
843,267020698,2023-10-17 09:51:33,0,0.0485,0.04811281,60.29,BTC-28JUN24-50000-C,28442.47,buy,,,1.0,,,
844,267020699,2023-10-17 09:51:33,1,0.0485,0.04811281,60.29,BTC-28JUN24-50000-C,28442.47,buy,,,0.2,,,
845,267020700,2023-10-17 09:51:33,1,0.0485,0.04811281,60.29,BTC-28JUN24-50000-C,28442.47,buy,,,1.5,,,
846,267020710,2023-10-17 09:51:40,2,0.048,0.04814017,60.08,BTC-28JUN24-50000-C,28444.73,sell,,,0.1,,,
847,267020744,2023-10-17 09:51:57,3,0.048,0.04819124,60.06,BTC-28JUN24-50000-C,28449.61,sell,,,0.1,,,
848,267020749,2023-10-17 09:51:59,3,0.048,0.04819715,60.06,BTC-28JUN24-50000-C,28449.91,sell,,,0.1,,,
849,267020750,2023-10-17 09:52:00,3,0.048,0.04819805,60.06,BTC-28JUN24-50000-C,28449.66,sell,,,0.1,,,
850,267021413,2023-10-17 10:07:52,0,0.0485,0.04850839,60.16,BTC-28JUN24-50000-C,28486.23,buy,,,1.1,,,
851,267023205,2023-10-17 10:22:20,0,0.049,0.0493443,60.09,BTC-28JUN24-50000-C,28599.0,sell,,,0.6,,,
852,267035483,2023-10-17 13:00:28,1,0.049,0.04847807,60.93,BTC-28JUN24-50000-C,28237.97,sell,,,0.6,,,
853,267035484,2023-10-17 13:00:28,1,0.049,0.04847807,60.93,BTC-28JUN24-50000-C,28237.97,sell,,,0.5,,,
854,267047107,2023-10-17 13:48:26,2,0.0475,0.0475527,60.43,BTC-28JUN24-50000-C,28188.9,sell,,,0.1,,,
855,267097887,2023-10-18 01:31:50,0,0.05,0.04858354,61.2,BTC-28JUN24-50000-C,28356.66,buy,,,5.0,,,
856,267104133,2023-10-18 03:06:58,2,0.049,0.04963958,60.43,BTC-28JUN24-50000-C,28506.11,buy,,,0.1,,,
857,267104134,2023-10-18 03:06:59,3,0.049,0.04963601,60.43,BTC-28JUN24-50000-C,28506.63,buy,,,0.1,,,
858,267109891,2023-10-18 04:53:30,2,0.0475,0.04842491,59.67,BTC-28JUN24-50000-C,28597.46,sell,,,0.1,,,
859,267109894,2023-10-18 04:53:31,3,0.0475,0.04841442,59.67,BTC-28JUN24-50000-C,28598.64,sell,,,0.1,,,
860,267109916,2023-10-18 04:53:32,3,0.0475,0.04840321,59.67,BTC-28JUN24-50000-C,28598.21,sell,,,0.1,,,
861,267109921,2023-10-18 04:53:34,3,0.0475,0.04837867,59.67,BTC-28JUN24-50000-C,28599.29,sell,,,0.1,,,
862,267109931,2023-10-18 04:53:36,3,0.0475,0.04836388,59.67,BTC-28JUN24-50000-C,28596.97,sell,,,0.1,,,
863,267109976,2023-10-18 04:53:39,3,0.0475,0.04833761,59.68,BTC-28JUN24-50000-C,28593.91,sell,,,0.1,,,
864,267109979,2023-10-18 04:53:40,3,0.0475,0.04832171,59.68,BTC-28JUN24-50000-C,28593.49,sell,,,0.1,,,
865,267110102,2023-10-18 04:53:56,3,0.0475,0.04823328,59.71,BTC-28JUN24-50000-C,28585.8,sell,,,0.2,,,
866,267110103,2023-10-18 04:53:56,3,0.0475,0.04823328,59.71,BTC-28JUN24-50000-C,28585.8,sell,,,0.4,,,
867,267110203,2023-10-18 04:54:01,3,0.0475,0.04818312,59.72,BTC-28JUN24-50000-C,28581.63,sell,,,0.1,,,
868,267110205,2023-10-18 04:54:02,3,0.0475,0.04817509,59.72,BTC-28JUN24-50000-C,28581.67,sell,,,0.1,,,
869,267110216,2023-10-18 04:54:04,3,0.0475,0.04815741,59.72,BTC-28JUN24-50000-C,28581.14,sell,,,0.1,,,
870,267110220,2023-10-18 04:54:05,3,0.0475,0.04814767,59.72,BTC-28JUN24-50000-C,28581.13,sell,,,0.1,,,
871,267110310,2023-10-18 04:54:19,3,0.0475,0.04802748,59.75,BTC-28JUN24-50000-C,28571.64,sell,,,0.6,,,
872,267110323,2023-10-18 04:54:24,3,0.0475,0.04800495,59.75,BTC-28JUN24-50000-C,28570.68,sell,,,0.5,,,
873,267123765,2023-10-18 05:09:36,0,0.048,0.04859603,59.53,BTC-28JUN24-50000-C,28744.64,sell,,,1.6,,,
874,267135126,2023-10-18 06:09:46,2,0.0475,0.0480994,59.43,BTC-28JUN24-50000-C,28691.66,sell,,,8.0,,,
875,267135135,2023-10-18 06:09:51,3,0.0475,0.04809663,59.43,BTC-28JUN24-50000-C,28691.26,sell,,,5.0,,,
876,267142005,2023-10-18 07:47:53,3,0.0475,0.04742035,59.82,BTC-28JUN24-50000-C,28533.14,sell,,,0.1,,,
877,267144979,2023-10-18 08:11:05,2,0.047,0.04748812,59.59,BTC-28JUN24-50000-C,28539.95,sell,,,15.0,,,
878,267145012,2023-10-18 08:11:18,3,0.047,0.04743346,59.59,BTC-28JUN24-50000-C,28538.82,buy,,,0.5,,,
879,267148265,2023-10-18 09:37:31,0,0.0475,0.04728973,59.64,BTC-28JUN24-50000-C,28601.29,sell,,,0.5,,,
880,267157796,2023-10-18 11:41:01,1,0.0475,0.04708256,60.16,BTC-28JUN24-50000-C,28394.97,sell,,,1.2,,,
881,267163562,2023-10-18 13:40:11,2,0.0465,0.04646582,59.91,BTC-28JUN24-50000-C,28330.6,buy,,,5.0,,,
882,267170500,2023-10-18 14:50:03,2,0.0455,0.04579371,59.81,BTC-28JUN24-50000-C,28201.45,buy,,,2.5,,,
883,267179990,2023-10-18 17:19:33,0,0.0485,0.04806636,60.58,BTC-28JUN24-50000-C,28412.83,buy,,,0.1,,,
884,267189721,2023-10-18 21:58:34,2,0.047,0.04757269,60.32,BTC-28JUN24-50000-C,28280.64,sell,,,1.8,,,
885,267208761,2023-10-19 06:27:51,0,0.0475,0.04705138,60.52,BTC-28JUN24-50000-C,28315.13,buy,,,1.3,,,
886,267211994,2023-10-19 07:47:16,2,0.047,0.0469461,60.27,BTC-28JUN24-50000-C,28326.43,buy,,,2.5,,,
887,267211995,2023-10-19 07:47:16,0,0.0475,0.0469461,60.48,BTC-28JUN24-50000-C,28326.43,buy,,,8.0,,,
888,267212353,2023-10-19 07:53:31,2,0.047,0.04735115,60.24,BTC-28JUN24-50000-C,28339.86,sell,,,8.0,,,
889,267212729,2023-10-19 08:00:22,2,0.0465,0.0472959,60.03,BTC-28JUN24-50000-C,28337.13,buy,,,0.1,,,
890,267212735,2023-10-19 08:00:24,3,0.0465,0.04729116,60.03,BTC-28JUN24-50000-C,28336.84,buy,,,0.1,,,
891,267212738,2023-10-19 08:00:32,3,0.0465,0.04727626,60.03,BTC-28JUN24-50000-C,28337.07,buy,,,0.9,,,
892,267212739,2023-10-19 08:00:32,3,0.0465,0.04727626,60.03,BTC-28JUN24-50000-C,28337.07,buy,,,0.1,,,
893,267222264,2023-10-19 10:52:53,0,0.047,0.04735766,59.9,BTC-28JUN24-50000-C,28493.88,sell,,,1.7,,,
894,267249513,2023-10-19 15:23:50,0,0.048,0.0479397,59.92,BTC-28JUN24-50000-C,28637.56,sell,,,7.8,,,
895,267331937,2023-10-20 06:22:56,0,0.0525,0.05343105,60.34,BTC-28JUN24-50000-C,29215.55,buy,,,0.1,,,
896,267336443,2023-10-20 07:18:51,0,0.056,0.05547297,61.53,BTC-28JUN24-50000-C,29291.42,sell,,,0.1,,,
897,267337195,2023-10-20 07:28:54,2,0.0555,0.05575673,61.38,BTC-28JUN24-50000-C,29278.6,buy,,,1.5,,,
898,267360175,2023-10-20 08:30:06,0,0.0575,0.05825674,61.34,BTC-28JUN24-50000-C,29638.7,buy,,,0.8,,,
899,267363634,2023-10-20 08:37:57,0,0.06,0.05981398,62.17,BTC-28JUN24-50000-C,29695.3,sell,,,0.1,,,
900,267365225,2023-10-20 08:43:31,1,0.06,0.06018666,61.99,BTC-28JUN24-50000-C,29771.86,buy,,,0.4,,,
901,267382651,2023-10-20 10:22:23,0,0.0625,0.06204206,62.33,BTC-28JUN24-50000-C,29979.94,sell,,,0.1,,,
902,267422194,2023-10-20 13:48:39,2,0.059,0.05876136,61.9,BTC-28JUN24-50000-C,29625.7,sell,,,5.0,,,
903,267439151,2023-10-20 16:23:28,0,0.0593,0.0577275,62.17,BTC-28JUN24-50000-C,29557.22,buy,,102345,215.0,,,
904,267521388,2023-10-21 20:23:09,0,0.0615,0.06166089,62.02,BTC-28JUN24-50000-C,30043.89,sell,,,0.1,,,
905,267557749,2023-10-22 10:22:30,0,0.0625,0.06252983,62.75,BTC-28JUN24-50000-C,29927.61,sell,,,7.8,,,
906,267562899,2023-10-22 13:52:52,1,0.0625,0.06120253,62.74,BTC-28JUN24-50000-C,29948.46,buy,,,12.2,,,
907,267562900,2023-10-22 13:52:52,1,0.0625,0.06120253,62.74,BTC-28JUN24-50000-C,29948.46,buy,,,0.1,,,
908,267562919,2023-10-22 13:54:24,0,0.063,0.06125786,62.93,BTC-28JUN24-50000-C,29954.43,buy,,,0.2,,,
909,267562920,2023-10-22 13:54:24,1,0.063,0.06125786,62.93,BTC-28JUN24-50000-C,29954.43,buy,,,15.0,,,
910,267601043,2023-10-23 01:32:15,0,0.066,0.06638714,62.42,BTC-28JUN24-50000-C,30599.39,buy,,,0.1,,,
911,267707813,2023-10-23 11:08:56,2,0.065,0.06612187,62.23,BTC-28JUN24-50000-C,30588.71,sell,,,0.1,,,
912,267711546,2023-10-23 11:47:38,0,0.0655,0.06548238,62.18,BTC-28JUN24-50000-C,30689.11,buy,,,0.9,,,
913,267711717,2023-10-23 11:48:47,0,0.066,0.06563949,62.31,BTC-28JUN24-50000-C,30711.31,buy,,,1.0,,,
914,267719574,2023-10-23 13:06:53,2,0.065,0.06570987,62.08,BTC-28JUN24-50000-C,30655.75,buy,,,0.1,,,
915,267720000,2023-10-23 13:10:20,3,0.065,0.06584018,61.99,BTC-28JUN24-50000-C,30694.97,sell,,,12.0,,,
916,267720001,2023-10-23 13:10:20,3,0.065,0.06584018,61.99,BTC-28JUN24-50000-C,30694.97,buy,,,2.9,,,
917,267767211,2023-10-23 16:57:41,0,0.069,0.06884642,62.09,BTC-28JUN24-50000-C,31281.18,buy,,,0.1,,,
918,267788981,2023-10-23 18:44:41,0,0.07,0.07046968,63.55,BTC-28JUN24-50000-C,30824.94,sell,,,1.0,,,
919,267788982,2023-10-23 18:44:41,1,0.07,0.07046968,63.55,BTC-28JUN24-50000-C,30824.94,sell,,,0.1,,,
920,267788983,2023-10-23 18:44:41,1,0.07,0.07046968,63.55,BTC-28JUN24-50000-C,30824.94,sell,,,0.2,,,
921,267788984,2023-10-23 18:44:41,1,0.07,0.07046968,63.55,BTC-28JUN24-50000-C,30824.94,sell,,,0.1,,,
922,267788994,2023-10-23 18:44:41,1,0.07,0.07046968,63.55,BTC-28JUN24-50000-C,30824.94,sell,,,0.7,,,
923,267789013,2023-10-23 18:44:41,1,0.07,0.07046968,63.55,BTC-28JUN24-50000-C,30824.94,sell,,,0.4,,,
924,267800489,2023-10-23 18:57:51,0,0.073,0.07237206,63.82,BTC-28JUN24-50000-C,31137.06,sell,,,0.1,,,
925,267800676,2023-10-23 18:59:08,0,0.0735,0.07252718,63.98,BTC-28JUN24-50000-C,31143.75,sell,,,0.1,,,
926,267856340,2023-10-23 22:30:06,0,0.08,0.08038089,63.62,BTC-28JUN24-50000-C,32208.72,buy,,,0.1,,,
927,267970260,2023-10-23 23:55:10,0,0.0815,0.08373632,62.1,BTC-28JUN24-50000-C,32957.1,sell,,,0.1,,,
928,268125721,2023-10-24 07:07:15,0,0.094,0.09348961,63.68,BTC-28JUN24-50000-C,33929.02,sell,,,0.1,,,
929,268125855,2023-10-24 07:08:11,1,0.094,0.09329441,63.74,BTC-28JUN24-50000-C,33906.1,sell,,,0.4,,,
930,268150163,2023-10-24 08:42:02,0,0.0947,0.09465826,63.31,BTC-28JUN24-50000-C,34187.66,sell,,103840,10.0,,,
931,268150959,2023-10-24 08:45:44,0,0.095,0.09448102,63.48,BTC-28JUN24-50000-C,34152.22,sell,,,1.0,,,
932,268182175,2023-10-24 11:02:35,0,0.096,0.0969177,63.05,BTC-28JUN24-50000-C,34484.16,sell,,,0.1,,,
933,268182406,2023-10-24 11:03:21,1,0.096,0.09709953,62.99,BTC-28JUN24-50000-C,34515.86,sell,,,0.1,,,
934,268185306,2023-10-24 11:13:42,0,0.0975,0.09738925,63.3,BTC-28JUN24-50000-C,34611.5,buy,,,1.0,,,
935,268302735,2023-10-24 15:51:20,2,0.082,0.08187487,60.35,BTC-28JUN24-50000-C,33754.62,sell,,,1.7,,,
936,268303959,2023-10-24 15:53:34,2,0.081,0.080785,60.24,BTC-28JUN24-50000-C,33673.04,sell,,,0.1,,,
937,268345059,2023-10-24 16:59:01,2,0.0748,0.07506217,57.68,BTC-28JUN24-50000-C,33947.72,sell,,104191,7.0,,,
938,268346814,2023-10-24 17:05:40,0,0.0762,0.07637693,57.91,BTC-28JUN24-50000-C,34034.2,buy,,104196,6.5,,,
939,268348708,2023-10-24 17:15:50,2,0.0759,0.0762282,58.12,BTC-28JUN24-50000-C,33906.72,sell,,104198,12.5,,,
940,268354228,2023-10-24 17:44:15,0,0.0766,0.07701812,58.45,BTC-28JUN24-50000-C,33864.77,sell,,104217,12.5,,,
941,268454565,2023-10-25 02:43:07,0,0.081,0.08169643,59.68,BTC-28JUN24-50000-C,34005.61,buy,,,2.0,,,
942,268454639,2023-10-25 02:43:42,2,0.0805,0.08155325,59.55,BTC-28JUN24-50000-C,33989.08,buy,,,1.0,,,
943,268543518,2023-10-25 12:45:50,0,0.0835,0.08442589,59.67,BTC-28JUN24-50000-C,34329.03,sell,,,11.0,,,
944,268814476,2023-10-26 18:41:19,0,0.088,0.08757542,61.83,BTC-28JUN24-50000-C,34037.0,buy,,,0.7,,,
945,268815440,2023-10-26 18:49:26,1,0.088,0.08768782,61.95,BTC-28JUN24-50000-C,33993.54,sell,,,0.3,,,
946,268833454,2023-10-26 21:45:29,2,0.0865,0.08847301,61.13,BTC-28JUN24-50000-C,34113.4,sell,,,0.1,,,
947,268834273,2023-10-26 21:54:53,0,0.0875,0.08797765,61.47,BTC-28JUN24-50000-C,34118.33,buy,,,0.1,,,
948,268834274,2023-10-26 21:55:02,1,0.0875,0.08797481,61.47,BTC-28JUN24-50000-C,34118.16,buy,,,0.1,,,
949,268834278,2023-10-26 21:55:17,1,0.0875,0.08796569,61.47,BTC-28JUN24-50000-C,34117.82,buy,,,0.1,,,
950,268834285,2023-10-26 21:55:59,1,0.0875,0.08794019,61.47,BTC-28JUN24-50000-C,34118.07,buy,,,0.1,,,
951,268834324,2023-10-26 21:56:14,1,0.0875,0.08795585,61.46,BTC-28JUN24-50000-C,34121.85,buy,,,0.1,,,
952,269096208,2023-10-29 12:48:00,0,0.0895,0.08939328,61.43,BTC-28JUN24-50000-C,34382.77,buy,,,0.1,,,
953,269100608,2023-10-29 13:19:32,2,0.0875,0.09068727,60.76,BTC-28JUN24-50000-C,34371.2,sell,,,0.2,,,
954,269127875,2023-10-29 19:05:42,0,0.0955,0.09424206,62.69,BTC-28JUN24-50000-C,34626.4,sell,,,0.1,,,
955,269127925,2023-10-29 19:06:06,1,0.0955,0.09427131,62.69,BTC-28JUN24-50000-C,34626.33,sell,,,0.1,,,
956,269127927,2023-10-29 19:06:08,1,0.0955,0.09425665,62.7,BTC-28JUN24-50000-C,34624.65,sell,,,0.1,,,
957,269127932,2023-10-29 19:06:12,1,0.0955,0.09423874,62.7,BTC-28JUN24-50000-C,34622.15,sell,,,0.1,,,
958,269127933,2023-10-29 19:06:14,1,0.0955,0.09423617,62.7,BTC-28JUN24-50000-C,34621.75,sell,,,0.1,,,
959,269127934,2023-10-29 19:06:16,1,0.0955,0.09423618,62.71,BTC-28JUN24-50000-C,34621.25,sell,,,0.1,,,
960,269128174,2023-10-29 19:09:32,2,0.094,0.09406271,62.19,BTC-28JUN24-50000-C,34626.01,buy,,,0.1,,,
961,269129801,2023-10-29 19:36:45,2,0.093,0.09315829,61.96,BTC-28JUN24-50000-C,34591.5,buy,,,0.1,,,
