trade_seq,trade_id,timestamp,tick_direction,price,mark_price,iv,instrument_name,index_price,direction,combo_id,block_trade_id,amount,combo_trade_id,liquidation
1,197180222,2021-12-30 19:47:16,1,0.5,0.50025474,77.33,BTC-30DEC22-30000-C,47822.91,buy,,,2.0,,
2,197180907,2021-12-30 19:53:48,1,0.5,0.49911288,77.72,BTC-30DEC22-30000-C,47715.98,buy,,,1.0,,
3,198054146,2022-01-06 15:06:43,2,0.453,0.45684495,75.51,BTC-30DEC22-30000-C,42714.21,buy,,,0.4,,
4,198824053,2022-01-12 10:35:34,2,0.447,0.44851278,74.78,BTC-30DEC22-30000-C,42844.62,buy,,,10.0,,
5,198824085,2022-01-12 10:36:41,2,0.446,0.44765386,74.41,BTC-30DEC22-30000-C,42839.5,buy,,,9.3,,
6,198824086,2022-01-12 10:36:52,3,0.446,0.44754264,74.4,BTC-30DEC22-30000-C,42843.09,buy,,,3.0,,
7,199909516,2022-01-21 23:21:33,2,0.374,0.37412222,73.34,BTC-30DEC22-30000-C,36645.33,buy,,,0.1,,
8,201054140,2022-01-26 17:53:35,0,0.38,0.39090194,70.35,BTC-30DEC22-30000-C,38112.4,buy,,,0.2,,
9,201258971,2022-01-27 14:11:43,2,0.377,0.37719685,74.16,BTC-30DEC22-30000-C,36812.38,sell,,,0.2,,
10,202003658,2022-02-03 21:02:09,2,0.3715,0.37273477,73.28,BTC-30DEC22-30000-C,36796.2,sell,,,1.6,,
11,202599353,2022-02-08 14:25:53,0,0.4375,0.43537739,73.96,BTC-30DEC22-30000-C,43721.35,sell,,,0.4,,
12,203709584,2022-02-17 13:21:06,2,0.416,0.41638512,69.22,BTC-30DEC22-30000-C,43028.2,sell,,,0.1,,
13,203993530,2022-02-20 10:26:53,2,0.374,0.36553055,71.95,BTC-30DEC22-30000-C,38359.93,sell,,,0.1,,
14,204451578,2022-02-23 20:08:14,2,0.36,0.36148026,70.46,BTC-30DEC22-30000-C,37436.75,sell,,,0.7,,
15,205238800,2022-02-28 16:03:19,0,0.395,0.39513074,71.06,BTC-30DEC22-30000-C,41145.63,buy,,,0.1,,
16,207808883,2022-03-22 02:02:40,2,0.394,0.39181136,72.93,BTC-30DEC22-30000-C,41338.76,buy,,,1.4,,
17,207808885,2022-03-22 02:02:40,3,0.394,0.39181136,72.93,BTC-30DEC22-30000-C,41338.76,buy,,,1.4,,
18,208636961,2022-03-29 06:11:15,0,0.448,0.44937022,68.9,BTC-30DEC22-30000-C,47660.12,buy,,,0.5,,
19,208814121,2022-03-31 14:00:54,2,0.44,0.43982022,69.73,BTC-30DEC22-30000-C,46717.97,sell,,,0.5,,
20,208837204,2022-03-31 16:33:04,2,0.43,0.43048926,68.63,BTC-30DEC22-30000-C,45797.82,sell,,,0.5,,
21,208882792,2022-04-01 02:25:45,2,0.42,0.4197015,69.6,BTC-30DEC22-30000-C,44641.73,sell,,,0.5,,
22,209418122,2022-04-06 17:04:26,2,0.41,0.41055357,70.75,BTC-30DEC22-30000-C,43517.27,sell,,,0.5,,
23,211878803,2022-05-04 09:16:26,2,0.332,0.33312545,65.11,BTC-30DEC22-30000-C,38920.39,buy,,,0.1,,
24,212395911,2022-05-07 06:35:51,2,0.29,0.28927196,64.22,BTC-30DEC22-30000-C,35832.47,sell,,,0.5,,
25,212770663,2022-05-09 11:54:04,2,0.2495,0.25169027,63.19,BTC-30DEC22-30000-C,33031.75,buy,,,1.0,,
26,212775619,2022-05-09 12:15:34,0,0.25,0.24999815,63.86,BTC-30DEC22-30000-C,32906.27,buy,,,0.1,,
27,212845211,2022-05-09 16:25:47,2,0.249,0.24715873,65.83,BTC-30DEC22-30000-C,32372.42,sell,,,1.0,,
28,212919637,2022-05-09 18:33:32,2,0.23,0.22902353,66.76,BTC-30DEC22-30000-C,30722.58,sell,,,2.0,,
29,212928739,2022-05-09 18:43:22,0,0.2305,0.22653487,68.54,BTC-30DEC22-30000-C,30393.47,buy,,,1.0,,
30,213023880,2022-05-09 23:10:16,2,0.238,0.23694151,67.72,BTC-30DEC22-30000-C,31102.49,sell,,,0.1,,
31,213024210,2022-05-09 23:11:31,2,0.237,0.23545831,67.9,BTC-30DEC22-30000-C,31012.46,sell,,,0.1,,
32,213070750,2022-05-10 00:47:45,0,0.238,0.23486063,69.58,BTC-30DEC22-30000-C,30745.7,buy,,,0.1,,
33,213140567,2022-05-10 06:20:54,0,0.255,0.24981235,68.9,BTC-30DEC22-30000-C,32247.38,sell,,,1.0,,
34,213251489,2022-05-10 16:28:16,2,0.231,0.23053639,65.73,BTC-30DEC22-30000-C,31171.35,buy,,,1.0,,
35,213251493,2022-05-10 16:28:16,3,0.231,0.23053639,65.73,BTC-30DEC22-30000-C,31171.35,buy,,,0.7,,
36,213251494,2022-05-10 16:28:16,3,0.231,0.23053639,65.73,BTC-30DEC22-30000-C,31171.35,buy,,,0.3,,
37,213373762,2022-05-11 07:36:00,2,0.226,0.22493558,67.37,BTC-30DEC22-30000-C,30388.67,sell,,,0.1,,
38,213373771,2022-05-11 07:36:00,3,0.226,0.22493558,67.37,BTC-30DEC22-30000-C,30388.67,sell,,,0.1,,
39,213373773,2022-05-11 07:36:00,3,0.226,0.22493558,67.37,BTC-30DEC22-30000-C,30388.67,sell,,,0.1,,
40,213373776,2022-05-11 07:36:00,3,0.226,0.22493558,67.37,BTC-30DEC22-30000-C,30388.67,sell,,,0.1,,
41,213373777,2022-05-11 07:36:00,3,0.226,0.22493558,67.37,BTC-30DEC22-30000-C,30388.67,sell,,,0.1,,
42,213373778,2022-05-11 07:36:00,3,0.226,0.22493558,67.37,BTC-30DEC22-30000-C,30388.67,sell,,,0.1,,
43,213373788,2022-05-11 07:36:00,3,0.226,0.22493558,67.37,BTC-30DEC22-30000-C,30388.67,sell,,,0.1,,
44,213373789,2022-05-11 07:36:01,3,0.226,0.22493558,67.37,BTC-30DEC22-30000-C,30388.67,sell,,,0.1,,
45,213373790,2022-05-11 07:36:01,3,0.226,0.224787,67.42,BTC-30DEC22-30000-C,30377.41,sell,,,0.1,,
46,213373791,2022-05-11 07:36:01,3,0.226,0.224787,67.41,BTC-30DEC22-30000-C,30377.41,sell,,,0.1,,
47,213496807,2022-05-11 13:13:38,2,0.223,0.2214391,71.48,BTC-30DEC22-30000-C,29255.04,sell,,,1.0,,
48,213498911,2022-05-11 13:17:16,2,0.2221,0.22094706,71.29,BTC-30DEC22-30000-C,29305.89,sell,,38858,50.0,,
49,213499398,2022-05-11 13:18:21,0,0.2242,0.22359562,71.26,BTC-30DEC22-30000-C,29463.7,sell,,38859,100.0,,
50,213523685,2022-05-11 13:45:04,0,0.237,0.2389472,70.32,BTC-30DEC22-30000-C,30549.72,buy,,,5.5,,
51,213523695,2022-05-11 13:45:04,1,0.237,0.2389472,70.32,BTC-30DEC22-30000-C,30549.72,buy,,,0.2,,
52,213818966,2022-05-12 04:06:48,2,0.218,0.2180684,74.58,BTC-30DEC22-30000-C,28145.93,buy,,,0.1,,
53,213824327,2022-05-12 04:19:41,0,0.2215,0.2173056,76.91,BTC-30DEC22-30000-C,27862.22,buy,,,1.2,,
54,213824332,2022-05-12 04:19:41,1,0.2215,0.2173056,76.91,BTC-30DEC22-30000-C,27862.22,buy,,,1.4,,
55,213846441,2022-05-12 04:39:46,0,0.229,0.22028288,80.26,BTC-30DEC22-30000-C,27683.34,buy,,,2.0,,
56,213858646,2022-05-12 05:10:07,2,0.217,0.21658829,79.14,BTC-30DEC22-30000-C,27042.68,sell,,,1.0,,
57,214071386,2022-05-12 11:12:50,0,0.2355,0.23638087,79.95,BTC-30DEC22-30000-C,28341.11,buy,,,10.0,,
58,214072116,2022-05-12 11:16:55,2,0.235,0.23723827,79.45,BTC-30DEC22-30000-C,28392.08,buy,,,10.0,,
59,214072198,2022-05-12 11:17:16,3,0.235,0.23764457,79.27,BTC-30DEC22-30000-C,28453.06,buy,,,10.0,,
60,214072224,2022-05-12 11:17:28,3,0.235,0.23711137,79.4,BTC-30DEC22-30000-C,28452.94,buy,,,10.0,,
61,214072243,2022-05-12 11:17:37,3,0.235,0.23707215,79.42,BTC-30DEC22-30000-C,28459.68,buy,,,10.0,,
62,214072288,2022-05-12 11:17:57,3,0.235,0.23697241,79.46,BTC-30DEC22-30000-C,28467.14,buy,,,0.3,,
63,214072289,2022-05-12 11:17:57,3,0.235,0.23697241,79.46,BTC-30DEC22-30000-C,28467.14,buy,,,0.4,,
64,214072290,2022-05-12 11:17:57,3,0.235,0.23697241,79.46,BTC-30DEC22-30000-C,28467.14,buy,,,0.2,,
65,214072291,2022-05-12 11:17:57,3,0.235,0.23697241,79.46,BTC-30DEC22-30000-C,28467.14,buy,,,0.2,,
66,214072292,2022-05-12 11:17:57,3,0.235,0.23697241,79.46,BTC-30DEC22-30000-C,28467.14,buy,,,0.5,,
67,214072293,2022-05-12 11:17:57,3,0.235,0.23697241,79.46,BTC-30DEC22-30000-C,28467.81,buy,,,0.1,,
68,214072294,2022-05-12 11:17:58,3,0.235,0.2369883,79.45,BTC-30DEC22-30000-C,28470.23,buy,,,0.2,,
69,214072295,2022-05-12 11:17:58,3,0.235,0.2369883,79.45,BTC-30DEC22-30000-C,28470.23,buy,,,0.1,,
70,214072297,2022-05-12 11:17:58,3,0.235,0.2369883,79.45,BTC-30DEC22-30000-C,28470.23,buy,,,0.2,,
71,214072298,2022-05-12 11:17:58,3,0.235,0.2369883,79.45,BTC-30DEC22-30000-C,28470.23,buy,,,0.2,,
72,214072299,2022-05-12 11:17:58,3,0.235,0.2369883,79.45,BTC-30DEC22-30000-C,28470.23,buy,,,7.6,,
73,214072506,2022-05-12 11:19:02,0,0.2355,0.2373233,79.46,BTC-30DEC22-30000-C,28500.42,buy,,,10.0,,
74,214072851,2022-05-12 11:19:29,1,0.2355,0.23848262,79.02,BTC-30DEC22-30000-C,28576.18,buy,,,0.4,,
75,214072852,2022-05-12 11:19:29,1,0.2355,0.23848262,79.02,BTC-30DEC22-30000-C,28576.18,buy,,,9.6,,
76,214073012,2022-05-12 11:19:42,1,0.2355,0.23829534,79.06,BTC-30DEC22-30000-C,28564.2,buy,,,10.0,,
77,214074954,2022-05-12 11:24:01,0,0.239,0.24153905,78.98,BTC-30DEC22-30000-C,28862.1,buy,,,0.3,,
78,214074955,2022-05-12 11:24:01,1,0.239,0.24153905,78.98,BTC-30DEC22-30000-C,28862.1,buy,,,0.2,,
79,214074959,2022-05-12 11:24:01,1,0.239,0.24153905,78.98,BTC-30DEC22-30000-C,28862.1,buy,,,0.4,,
80,214074960,2022-05-12 11:24:01,1,0.239,0.24153905,78.98,BTC-30DEC22-30000-C,28862.1,buy,,,0.1,,
81,214083148,2022-05-12 11:54:03,2,0.2325,0.23064742,79.02,BTC-30DEC22-30000-C,28338.2,buy,,,9.0,,
82,214089675,2022-05-12 12:17:00,2,0.227,0.22945922,78.51,BTC-30DEC22-30000-C,27998.48,buy,,,3.0,,
83,214089676,2022-05-12 12:17:00,3,0.227,0.22944553,78.53,BTC-30DEC22-30000-C,27995.77,buy,,,1.2,,
84,214089677,2022-05-12 12:17:00,3,0.227,0.22944553,78.53,BTC-30DEC22-30000-C,27995.77,buy,,,0.1,,
85,214089678,2022-05-12 12:17:00,3,0.227,0.22944553,78.53,BTC-30DEC22-30000-C,27995.77,buy,,,0.3,,
86,214089679,2022-05-12 12:17:00,3,0.227,0.22944553,78.53,BTC-30DEC22-30000-C,27995.77,buy,,,0.2,,
87,214089680,2022-05-12 12:17:00,3,0.227,0.22944553,78.53,BTC-30DEC22-30000-C,27995.77,buy,,,0.4,,
88,214089686,2022-05-12 12:17:00,3,0.227,0.22944553,78.53,BTC-30DEC22-30000-C,27995.77,buy,,,0.3,,
89,214089687,2022-05-12 12:17:00,3,0.227,0.22944553,78.53,BTC-30DEC22-30000-C,27995.77,buy,,,0.1,,
90,214089688,2022-05-12 12:17:00,3,0.227,0.22944553,78.53,BTC-30DEC22-30000-C,27995.77,buy,,,0.2,,
91,214089689,2022-05-12 12:17:00,3,0.227,0.22944553,78.53,BTC-30DEC22-30000-C,27995.77,buy,,,0.2,,
92,214089690,2022-05-12 12:17:01,3,0.227,0.22944553,78.53,BTC-30DEC22-30000-C,27995.77,buy,,,0.3,,
93,214089691,2022-05-12 12:17:01,3,0.227,0.22944553,78.53,BTC-30DEC22-30000-C,27995.77,buy,,,0.5,,
94,214089692,2022-05-12 12:17:01,3,0.227,0.22944553,78.53,BTC-30DEC22-30000-C,27995.77,buy,,,0.4,,
95,214089694,2022-05-12 12:17:01,3,0.227,0.22944553,78.53,BTC-30DEC22-30000-C,27995.77,buy,,,0.3,,
96,214089695,2022-05-12 12:17:01,3,0.227,0.22944553,78.53,BTC-30DEC22-30000-C,27995.77,buy,,,0.5,,
97,214089696,2022-05-12 12:17:01,3,0.227,0.22944553,78.53,BTC-30DEC22-30000-C,27995.77,buy,,,0.4,,
98,214089916,2022-05-12 12:17:35,3,0.227,0.22924245,78.52,BTC-30DEC22-30000-C,27991.2,buy,,,0.5,,
99,214089917,2022-05-12 12:17:35,3,0.227,0.22924245,78.52,BTC-30DEC22-30000-C,27991.2,buy,,,0.1,,
100,214089918,2022-05-12 12:17:35,3,0.227,0.22924245,78.52,BTC-30DEC22-30000-C,27991.2,buy,,,0.4,,
101,214089919,2022-05-12 12:17:35,3,0.227,0.22924245,78.52,BTC-30DEC22-30000-C,27991.2,buy,,,0.4,,
102,214089920,2022-05-12 12:17:35,3,0.227,0.2293051,78.52,BTC-30DEC22-30000-C,27991.2,buy,,,0.1,,
103,214089922,2022-05-12 12:17:35,3,0.227,0.2293051,78.52,BTC-30DEC22-30000-C,27991.2,buy,,,0.1,,
104,214090048,2022-05-12 12:17:52,0,0.228,0.22996851,78.64,BTC-30DEC22-30000-C,28059.27,buy,,,2.0,,
105,214090051,2022-05-12 12:17:52,1,0.228,0.22996851,78.64,BTC-30DEC22-30000-C,28059.27,buy,,,1.9,,
106,214090056,2022-05-12 12:17:52,1,0.228,0.22996851,78.64,BTC-30DEC22-30000-C,28059.27,buy,,,1.5,,
107,214090057,2022-05-12 12:17:52,1,0.228,0.22996851,78.64,BTC-30DEC22-30000-C,28059.27,buy,,,1.1,,
108,214090058,2022-05-12 12:17:52,1,0.228,0.22995823,78.64,BTC-30DEC22-30000-C,28059.27,buy,,,0.9,,
109,214090059,2022-05-12 12:17:52,1,0.228,0.22995823,78.64,BTC-30DEC22-30000-C,28059.27,buy,,,0.7,,
110,214090060,2022-05-12 12:17:52,1,0.228,0.22995823,78.64,BTC-30DEC22-30000-C,28059.27,buy,,,0.4,,
111,214090088,2022-05-12 12:17:56,1,0.228,0.22988915,78.66,BTC-30DEC22-30000-C,28058.52,buy,,,1.0,,
112,214090093,2022-05-12 12:17:59,1,0.228,0.22987617,78.66,BTC-30DEC22-30000-C,28061.31,buy,,,0.5,,
113,214090151,2022-05-12 12:18:22,1,0.228,0.22970264,78.71,BTC-30DEC22-30000-C,28055.26,buy,,,0.1,,
114,214090152,2022-05-12 12:18:23,1,0.228,0.2297351,78.7,BTC-30DEC22-30000-C,28058.29,buy,,,0.2,,
115,214090153,2022-05-12 12:18:23,1,0.228,0.2297351,78.7,BTC-30DEC22-30000-C,28058.29,buy,,,0.1,,
116,214090154,2022-05-12 12:18:23,1,0.228,0.2297351,78.7,BTC-30DEC22-30000-C,28058.29,buy,,,0.2,,
117,214090155,2022-05-12 12:18:23,1,0.228,0.2297351,78.7,BTC-30DEC22-30000-C,28058.29,buy,,,0.1,,
118,214090156,2022-05-12 12:18:23,1,0.228,0.2297351,78.7,BTC-30DEC22-30000-C,28058.29,buy,,,0.1,,
119,214090157,2022-05-12 12:18:23,1,0.228,0.2297351,78.7,BTC-30DEC22-30000-C,28058.29,buy,,,0.2,,
120,214090282,2022-05-12 12:19:02,0,0.2285,0.22985606,78.77,BTC-30DEC22-30000-C,28094.69,buy,,,1.0,,
121,214090299,2022-05-12 12:19:10,2,0.228,0.22942287,78.74,BTC-30DEC22-30000-C,28059.05,sell,,,5.0,,
122,214090360,2022-05-12 12:19:25,3,0.228,0.22919102,78.81,BTC-30DEC22-30000-C,28029.4,buy,,,3.0,,
123,214090656,2022-05-12 12:21:23,3,0.228,0.22906309,78.71,BTC-30DEC22-30000-C,28032.03,buy,,,10.0,,
124,214091346,2022-05-12 12:26:09,2,0.2265,0.22623036,78.91,BTC-30DEC22-30000-C,27883.9,buy,,,10.0,,
125,214093699,2022-05-12 12:35:01,0,0.228,0.22877757,78.84,BTC-30DEC22-30000-C,28024.78,buy,,,1.0,,
126,214093807,2022-05-12 12:35:30,0,0.2285,0.22932753,78.79,BTC-30DEC22-30000-C,28090.6,buy,,,1.0,,
127,214093861,2022-05-12 12:36:13,2,0.228,0.22900415,78.71,BTC-30DEC22-30000-C,28084.12,sell,,,1.0,,
128,214093900,2022-05-12 12:36:30,2,0.2275,0.22839122,78.72,BTC-30DEC22-30000-C,28038.85,sell,,,1.0,,
129,214094414,2022-05-12 12:37:58,0,0.229,0.22968248,78.62,BTC-30DEC22-30000-C,28147.67,buy,,,6.0,,
130,214097153,2022-05-12 12:47:26,0,0.231,0.23045334,78.8,BTC-30DEC22-30000-C,28293.53,buy,,,1.6,,
131,214097158,2022-05-12 12:47:26,1,0.231,0.23045334,78.79,BTC-30DEC22-30000-C,28295.67,buy,,,1.6,,
132,214099755,2022-05-12 12:58:15,2,0.23,0.23081168,78.13,BTC-30DEC22-30000-C,28328.42,buy,,,2.0,,
133,214101161,2022-05-12 13:06:07,3,0.23,0.22855821,78.89,BTC-30DEC22-30000-C,28159.2,buy,,,6.8,,
134,214105466,2022-05-12 13:28:21,0,0.2315,0.23190553,78.16,BTC-30DEC22-30000-C,28456.25,buy,,,1.0,,
135,214105471,2022-05-12 13:28:21,1,0.2315,0.23190553,78.16,BTC-30DEC22-30000-C,28456.25,sell,,,10.0,,
136,214105473,2022-05-12 13:28:21,2,0.231,0.23190553,78.0,BTC-30DEC22-30000-C,28456.25,sell,,,6.1,,
137,214134248,2022-05-12 14:43:28,2,0.23,0.2322911,76.52,BTC-30DEC22-30000-C,28709.0,buy,,,10.0,,
138,214164960,2022-05-12 16:31:35,0,0.242,0.24161581,76.66,BTC-30DEC22-30000-C,29674.55,buy,,,0.6,,
139,214247168,2022-05-13 02:31:28,2,0.2395,0.23852532,74.03,BTC-30DEC22-30000-C,30021.99,buy,,,0.1,,
140,214286154,2022-05-13 06:28:52,2,0.238,0.23803829,72.09,BTC-30DEC22-30000-C,30327.43,buy,,,5.2,,
141,214286167,2022-05-13 06:29:21,2,0.237,0.23825357,71.7,BTC-30DEC22-30000-C,30346.36,buy,,,4.8,,
142,214301124,2022-05-13 08:16:25,2,0.234,0.23568371,71.35,BTC-30DEC22-30000-C,30210.4,buy,,,1.0,,
143,214301378,2022-05-13 08:18:32,0,0.235,0.23535528,71.71,BTC-30DEC22-30000-C,30188.78,buy,,,1.0,,
144,214313168,2022-05-13 10:21:39,0,0.2385,0.23636608,72.77,BTC-30DEC22-30000-C,30240.16,buy,,,0.3,,
145,214313954,2022-05-13 10:31:40,2,0.2345,0.23727595,71.44,BTC-30DEC22-30000-C,30210.48,buy,,,0.1,,
146,214313955,2022-05-13 10:31:42,3,0.2345,0.23725547,71.44,BTC-30DEC22-30000-C,30210.92,buy,,,0.1,,
147,214313957,2022-05-13 10:31:44,3,0.2345,0.23725992,71.44,BTC-30DEC22-30000-C,30212.09,buy,,,0.1,,
148,214314133,2022-05-13 10:34:27,0,0.236,0.23725237,71.98,BTC-30DEC22-30000-C,30232.71,buy,,,0.1,,
149,214314134,2022-05-13 10:34:29,1,0.236,0.2372731,71.97,BTC-30DEC22-30000-C,30234.49,buy,,,0.1,,
150,214314401,2022-05-13 10:34:42,2,0.2355,0.23665344,72.01,BTC-30DEC22-30000-C,30169.61,buy,,,0.1,,
151,214314402,2022-05-13 10:34:42,3,0.2355,0.23670392,71.99,BTC-30DEC22-30000-C,30172.37,buy,,,0.1,,
152,214314423,2022-05-13 10:34:44,3,0.2355,0.2368112,71.95,BTC-30DEC22-30000-C,30179.81,buy,,,0.1,,
153,214314432,2022-05-13 10:34:46,3,0.2355,0.23681969,71.97,BTC-30DEC22-30000-C,30173.42,buy,,,0.1,,
154,214314433,2022-05-13 10:34:46,3,0.2355,0.23681969,71.97,BTC-30DEC22-30000-C,30173.42,buy,,,0.1,,
155,214314435,2022-05-13 10:34:47,3,0.2355,0.23674335,71.96,BTC-30DEC22-30000-C,30175.85,buy,,,0.1,,
156,214314447,2022-05-13 10:34:58,2,0.2345,0.23665978,71.67,BTC-30DEC22-30000-C,30158.01,buy,,,0.1,,
157,214314448,2022-05-13 10:34:59,3,0.2345,0.23665926,71.67,BTC-30DEC22-30000-C,30154.9,buy,,,0.1,,
158,214314449,2022-05-13 10:35:00,0,0.2355,0.23664457,72.0,BTC-30DEC22-30000-C,30154.9,buy,,,0.1,,
159,214314450,2022-05-13 10:35:00,1,0.2355,0.23664457,72.0,BTC-30DEC22-30000-C,30154.9,buy,,,0.1,,
160,214314451,2022-05-13 10:35:00,1,0.2355,0.23664457,72.0,BTC-30DEC22-30000-C,30154.9,buy,,,0.1,,
161,214314453,2022-05-13 10:35:01,2,0.2345,0.23666159,71.67,BTC-30DEC22-30000-C,30155.32,buy,,,0.1,,
162,214314456,2022-05-13 10:35:03,3,0.2345,0.23676995,71.63,BTC-30DEC22-30000-C,30160.42,buy,,,0.1,,
163,214314457,2022-05-13 10:35:04,3,0.2345,0.23676004,71.63,BTC-30DEC22-30000-C,30159.97,buy,,,0.1,,
164,214314458,2022-05-13 10:35:06,3,0.2345,0.23676821,71.63,BTC-30DEC22-30000-C,30159.88,buy,,,0.1,,
165,214314474,2022-05-13 10:35:07,3,0.2345,0.23677273,71.63,BTC-30DEC22-30000-C,30159.69,buy,,,0.1,,
166,214314557,2022-05-13 10:35:27,3,0.2345,0.23715487,71.51,BTC-30DEC22-30000-C,30199.42,buy,,,0.3,,
167,214383155,2022-05-13 19:04:14,2,0.2325,0.23078452,71.85,BTC-30DEC22-30000-C,29965.8,buy,,,0.1,,
168,214388109,2022-05-13 19:56:09,0,0.2345,0.23221334,72.5,BTC-30DEC22-30000-C,29973.25,buy,,,0.2,,
169,214388110,2022-05-13 19:56:09,1,0.2345,0.23224494,72.5,BTC-30DEC22-30000-C,29973.25,buy,,,0.1,,
170,214388145,2022-05-13 19:56:18,0,0.235,0.2323533,72.64,BTC-30DEC22-30000-C,29982.86,buy,,,0.1,,
171,214388146,2022-05-13 19:56:18,1,0.235,0.2323533,72.64,BTC-30DEC22-30000-C,29982.86,buy,,,0.1,,
172,214388273,2022-05-13 19:56:52,0,0.2355,0.23283871,72.77,BTC-30DEC22-30000-C,30007.69,buy,,,0.1,,
173,214388274,2022-05-13 19:56:52,1,0.2355,0.23283871,72.77,BTC-30DEC22-30000-C,30007.69,buy,,,0.2,,
174,214388340,2022-05-13 19:57:02,0,0.236,0.23317722,72.86,BTC-30DEC22-30000-C,30028.88,buy,,,0.2,,
175,214388341,2022-05-13 19:57:02,1,0.236,0.23317722,72.86,BTC-30DEC22-30000-C,30028.88,buy,,,0.1,,
176,214388358,2022-05-13 19:57:12,1,0.236,0.23310491,72.9,BTC-30DEC22-30000-C,30019.23,buy,,,0.2,,
177,214388389,2022-05-13 19:57:21,0,0.2365,0.23338923,73.02,BTC-30DEC22-30000-C,30027.85,buy,,,0.2,,
178,214388417,2022-05-13 19:57:30,1,0.2365,0.23370857,73.06,BTC-30DEC22-30000-C,30018.8,buy,,,0.2,,
179,214388448,2022-05-13 19:57:40,1,0.2365,0.23402543,73.04,BTC-30DEC22-30000-C,30020.89,buy,,,0.2,,
180,214388481,2022-05-13 19:57:54,0,0.237,0.23426246,73.2,BTC-30DEC22-30000-C,30022.61,buy,,,0.2,,
181,214388504,2022-05-13 19:58:04,1,0.237,0.2341229,73.26,BTC-30DEC22-30000-C,30006.13,buy,,,0.2,,
182,214388526,2022-05-13 19:58:14,1,0.237,0.23433665,73.21,BTC-30DEC22-30000-C,30014.62,buy,,,0.2,,
183,214388589,2022-05-13 19:58:26,0,0.2375,0.23451464,73.35,BTC-30DEC22-30000-C,30025.01,buy,,,0.1,,
184,214388590,2022-05-13 19:58:28,1,0.2375,0.23450939,73.35,BTC-30DEC22-30000-C,30026.16,buy,,,0.1,,
185,214388648,2022-05-13 19:59:09,0,0.238,0.23508306,73.52,BTC-30DEC22-30000-C,30033.5,buy,,,0.1,,
186,214412502,2022-05-14 01:21:34,2,0.228,0.23035516,72.29,BTC-30DEC22-30000-C,29541.43,buy,,,0.1,,
187,214418577,2022-05-14 03:26:34,2,0.2245,0.22518295,71.39,BTC-30DEC22-30000-C,29524.8,buy,,,0.2,,
188,214482220,2022-05-14 19:51:14,2,0.222,0.22083574,71.45,BTC-30DEC22-30000-C,29302.57,buy,,,2.7,,
189,214493475,2022-05-14 22:56:20,0,0.228,0.22853203,69.96,BTC-30DEC22-30000-C,30117.74,buy,,,0.3,,
190,214526321,2022-05-15 11:54:33,0,0.231,0.2323533,70.66,BTC-30DEC22-30000-C,30202.69,sell,,,0.1,,
191,214526322,2022-05-15 11:54:33,1,0.231,0.2323533,70.66,BTC-30DEC22-30000-C,30202.69,sell,,,0.1,,
192,214526330,2022-05-15 11:54:35,1,0.231,0.23235962,70.66,BTC-30DEC22-30000-C,30201.75,sell,,,0.1,,
193,214526331,2022-05-15 11:54:35,1,0.231,0.23235962,70.66,BTC-30DEC22-30000-C,30201.75,sell,,,0.2,,
194,214526332,2022-05-15 11:54:35,1,0.231,0.23235962,70.66,BTC-30DEC22-30000-C,30201.75,sell,,,0.1,,
195,214526336,2022-05-15 11:54:35,1,0.231,0.23235962,70.65,BTC-30DEC22-30000-C,30201.81,sell,,,0.2,,
196,214526337,2022-05-15 11:54:35,1,0.231,0.23235962,70.65,BTC-30DEC22-30000-C,30201.81,sell,,,0.1,,
197,214526338,2022-05-15 11:54:35,1,0.231,0.23235962,70.65,BTC-30DEC22-30000-C,30201.81,sell,,,0.1,,
198,214526351,2022-05-15 11:54:44,1,0.231,0.23208816,70.74,BTC-30DEC22-30000-C,30188.3,sell,,,0.1,,
199,214526352,2022-05-15 11:54:44,1,0.231,0.23208816,70.75,BTC-30DEC22-30000-C,30185.81,sell,,,0.1,,
200,214526353,2022-05-15 11:54:44,1,0.231,0.23208816,70.75,BTC-30DEC22-30000-C,30185.81,sell,,,0.1,,
201,214526354,2022-05-15 11:54:44,1,0.231,0.23208816,70.75,BTC-30DEC22-30000-C,30185.81,sell,,,0.1,,
202,214526355,2022-05-15 11:54:44,1,0.231,0.23208816,70.75,BTC-30DEC22-30000-C,30185.81,sell,,,0.1,,
203,214526356,2022-05-15 11:54:44,1,0.231,0.23208816,70.75,BTC-30DEC22-30000-C,30185.81,sell,,,0.1,,
204,214526357,2022-05-15 11:54:44,1,0.231,0.23208816,70.75,BTC-30DEC22-30000-C,30185.81,sell,,,0.1,,
205,214526358,2022-05-15 11:54:44,1,0.231,0.23208816,70.75,BTC-30DEC22-30000-C,30185.81,sell,,,0.1,,
206,214526359,2022-05-15 11:54:45,1,0.231,0.23205362,70.77,BTC-30DEC22-30000-C,30180.58,sell,,,0.2,,
207,214526360,2022-05-15 11:54:45,1,0.231,0.23205362,70.77,BTC-30DEC22-30000-C,30180.58,sell,,,0.1,,
208,214526362,2022-05-15 11:54:45,1,0.231,0.23205362,70.77,BTC-30DEC22-30000-C,30180.58,sell,,,0.1,,
209,214526363,2022-05-15 11:54:45,1,0.231,0.23205362,70.77,BTC-30DEC22-30000-C,30180.58,sell,,,0.1,,
210,214526364,2022-05-15 11:54:45,1,0.231,0.23205362,70.77,BTC-30DEC22-30000-C,30180.58,sell,,,0.1,,
211,214526365,2022-05-15 11:54:45,1,0.231,0.23205362,70.77,BTC-30DEC22-30000-C,30180.58,sell,,,0.1,,
212,214856142,2022-05-18 15:48:55,2,0.216,0.21453571,71.55,BTC-30DEC22-30000-C,28996.23,buy,,,1.6,,
213,214856143,2022-05-18 15:48:55,3,0.216,0.21453571,71.55,BTC-30DEC22-30000-C,28996.23,buy,,,2.0,,
214,214872469,2022-05-18 17:24:57,0,0.2225,0.22048272,73.54,BTC-30DEC22-30000-C,29039.08,buy,,,1.0,,
215,214962916,2022-05-19 07:06:36,0,0.2245,0.2252756,73.22,BTC-30DEC22-30000-C,29293.81,buy,,,1.0,,
216,215032484,2022-05-19 16:06:13,0,0.241,0.24156098,73.8,BTC-30DEC22-30000-C,30382.94,sell,,,0.1,,
217,215221453,2022-05-21 02:26:04,2,0.22,0.22137675,72.56,BTC-30DEC22-30000-C,29165.57,sell,,,0.1,,
218,215221454,2022-05-21 02:26:04,3,0.22,0.22137675,72.56,BTC-30DEC22-30000-C,29165.57,sell,,,0.1,,
219,215231305,2022-05-21 08:14:23,0,0.224,0.22483782,72.63,BTC-30DEC22-30000-C,29423.23,sell,,,0.1,,
220,215231306,2022-05-21 08:14:23,1,0.224,0.22483782,72.63,BTC-30DEC22-30000-C,29423.23,sell,,,0.1,,
221,215231307,2022-05-21 08:14:23,1,0.224,0.22483782,72.63,BTC-30DEC22-30000-C,29423.23,sell,,,0.1,,
222,215231308,2022-05-21 08:14:24,1,0.224,0.22483782,72.63,BTC-30DEC22-30000-C,29423.23,sell,,,0.1,,
223,215231313,2022-05-21 08:14:27,1,0.224,0.22484991,72.62,BTC-30DEC22-30000-C,29423.1,sell,,,0.1,,
224,215231347,2022-05-21 08:15:06,1,0.224,0.22481272,72.64,BTC-30DEC22-30000-C,29418.11,sell,,,0.1,,
225,215237651,2022-05-21 10:17:55,2,0.223,0.22306347,72.73,BTC-30DEC22-30000-C,29317.97,sell,,,0.1,,
226,215238264,2022-05-21 10:27:00,0,0.224,0.22230554,73.42,BTC-30DEC22-30000-C,29272.4,buy,,,2.3,,
227,215244217,2022-05-21 11:30:42,2,0.2205,0.2214757,72.7,BTC-30DEC22-30000-C,29205.76,sell,,,0.4,,
228,215250774,2022-05-21 13:53:29,0,0.222,0.22236502,72.8,BTC-30DEC22-30000-C,29303.85,sell,,,0.4,,
229,215250779,2022-05-21 13:53:29,1,0.222,0.22236502,72.8,BTC-30DEC22-30000-C,29303.85,sell,,,0.3,,
230,215250785,2022-05-21 13:53:29,1,0.222,0.22236502,72.8,BTC-30DEC22-30000-C,29303.85,sell,,,0.1,,
231,215276747,2022-05-22 04:23:44,0,0.2235,0.2227324,73.38,BTC-30DEC22-30000-C,29288.14,sell,,,0.1,,
232,215305267,2022-05-22 12:21:07,0,0.23,0.23135876,72.05,BTC-30DEC22-30000-C,30109.11,sell,,,0.1,,
233,215305268,2022-05-22 12:21:07,1,0.23,0.23135876,72.05,BTC-30DEC22-30000-C,30109.11,sell,,,0.1,,
234,215305269,2022-05-22 12:21:08,1,0.23,0.23132066,72.06,BTC-30DEC22-30000-C,30107.26,sell,,,0.2,,
235,215305270,2022-05-22 12:21:08,1,0.23,0.23132066,72.06,BTC-30DEC22-30000-C,30107.26,sell,,,0.2,,
236,215305271,2022-05-22 12:21:08,1,0.23,0.23132066,72.06,BTC-30DEC22-30000-C,30107.26,sell,,,0.1,,
237,215305272,2022-05-22 12:21:08,1,0.23,0.23132066,72.06,BTC-30DEC22-30000-C,30107.26,sell,,,0.1,,
238,215305273,2022-05-22 12:21:08,1,0.23,0.23132066,72.06,BTC-30DEC22-30000-C,30107.26,sell,,,0.1,,
239,215393348,2022-05-23 14:00:52,2,0.229,0.23021258,71.29,BTC-30DEC22-30000-C,30208.16,sell,,,1.6,,
240,215408918,2022-05-23 15:48:24,0,0.2305,0.2313711,71.31,BTC-30DEC22-30000-C,30334.91,sell,,,0.1,,
241,215415043,2022-05-23 17:02:06,2,0.2275,0.22846688,71.49,BTC-30DEC22-30000-C,30085.03,sell,,,1.6,,
242,215598416,2022-05-25 11:30:53,2,0.218,0.21846834,71.57,BTC-30DEC22-30000-C,29424.11,sell,,,0.1,,
243,215603541,2022-05-25 12:03:12,2,0.2165,0.21761315,71.32,BTC-30DEC22-30000-C,29411.17,buy,,,1.0,,
244,215605269,2022-05-25 12:34:19,0,0.2186,0.21775235,71.78,BTC-30DEC22-30000-C,29462.77,buy,,39918,25.0,,
245,215665970,2022-05-26 05:01:13,2,0.218,0.21906202,70.39,BTC-30DEC22-30000-C,29746.08,sell,,,0.1,,
246,215665971,2022-05-26 05:01:13,3,0.218,0.21906202,70.4,BTC-30DEC22-30000-C,29743.55,sell,,,0.2,,
247,215665972,2022-05-26 05:01:13,3,0.218,0.21906202,70.4,BTC-30DEC22-30000-C,29743.55,sell,,,0.2,,
248,215665973,2022-05-26 05:01:13,3,0.218,0.21906202,70.4,BTC-30DEC22-30000-C,29743.55,sell,,,0.1,,
249,215665974,2022-05-26 05:01:14,3,0.218,0.21906202,70.4,BTC-30DEC22-30000-C,29743.55,sell,,,0.1,,
250,215668667,2022-05-26 06:07:00,2,0.2165,0.21742163,70.51,BTC-30DEC22-30000-C,29635.71,sell,,,0.1,,
251,215674470,2022-05-26 07:40:21,0,0.2175,0.21817364,70.65,BTC-30DEC22-30000-C,29694.24,sell,,,0.1,,
252,215674471,2022-05-26 07:40:21,1,0.2175,0.21817364,70.65,BTC-30DEC22-30000-C,29694.24,sell,,,0.1,,
253,215674472,2022-05-26 07:40:21,1,0.2175,0.21817364,70.65,BTC-30DEC22-30000-C,29694.24,sell,,,0.1,,
254,215674473,2022-05-26 07:40:21,1,0.2175,0.21817364,70.65,BTC-30DEC22-30000-C,29694.24,sell,,,0.2,,
255,215674474,2022-05-26 07:40:21,1,0.2175,0.21817364,70.65,BTC-30DEC22-30000-C,29694.24,sell,,,0.1,,
256,215674475,2022-05-26 07:40:21,1,0.2175,0.21817364,70.65,BTC-30DEC22-30000-C,29694.24,sell,,,0.2,,
257,215676033,2022-05-26 08:13:49,2,0.2155,0.21629751,70.16,BTC-30DEC22-30000-C,29602.53,sell,,,0.3,,
258,215676034,2022-05-26 08:13:49,3,0.2155,0.21629751,70.16,BTC-30DEC22-30000-C,29602.53,sell,,,0.3,,
259,215676035,2022-05-26 08:13:49,3,0.2155,0.21629751,70.16,BTC-30DEC22-30000-C,29602.53,sell,,,0.2,,
260,215676036,2022-05-26 08:13:49,3,0.2155,0.21629751,70.16,BTC-30DEC22-30000-C,29602.53,sell,,,0.1,,
261,215676037,2022-05-26 08:13:49,3,0.2155,0.21629751,70.16,BTC-30DEC22-30000-C,29602.53,sell,,,0.1,,
262,215676038,2022-05-26 08:13:49,3,0.2155,0.21629751,70.16,BTC-30DEC22-30000-C,29602.53,sell,,,0.1,,
263,215676039,2022-05-26 08:13:49,3,0.2155,0.21629751,70.16,BTC-30DEC22-30000-C,29602.53,sell,,,0.1,,
264,215676040,2022-05-26 08:13:49,3,0.2155,0.21629751,70.16,BTC-30DEC22-30000-C,29602.53,sell,,,0.1,,
265,215676041,2022-05-26 08:13:49,3,0.2155,0.21629751,70.16,BTC-30DEC22-30000-C,29602.53,sell,,,2.1,,
266,215757162,2022-05-26 14:17:48,2,0.212,0.21403451,71.34,BTC-30DEC22-30000-C,29088.41,sell,,,0.1,,
267,215760025,2022-05-26 14:25:45,0,0.2145,0.21568919,71.35,BTC-30DEC22-30000-C,29245.82,sell,,,0.2,,
268,215760026,2022-05-26 14:25:45,1,0.2145,0.21568919,71.35,BTC-30DEC22-30000-C,29245.82,sell,,,0.1,,
269,215760027,2022-05-26 14:25:45,1,0.2145,0.21568919,71.35,BTC-30DEC22-30000-C,29245.82,sell,,,0.1,,
270,215760028,2022-05-26 14:25:45,0,0.215,0.21568919,71.52,BTC-30DEC22-30000-C,29245.82,sell,,,1.0,,
271,215760305,2022-05-26 14:26:25,1,0.215,0.21502866,71.73,BTC-30DEC22-30000-C,29193.38,sell,,,0.1,,
272,215764854,2022-05-26 14:51:12,0,0.2165,0.2154793,71.85,BTC-30DEC22-30000-C,29287.09,buy,,,0.7,,
273,215764855,2022-05-26 14:51:12,1,0.2165,0.2154793,71.85,BTC-30DEC22-30000-C,29287.09,sell,,,0.3,,
274,215797567,2022-05-26 19:24:13,2,0.2125,0.21462106,69.84,BTC-30DEC22-30000-C,29424.1,sell,,40105,150.0,,
275,215797805,2022-05-26 19:27:48,0,0.2126,0.2145406,69.95,BTC-30DEC22-30000-C,29408.54,sell,,40106,100.0,,
276,215881429,2022-05-27 11:07:42,2,0.2055,0.20518411,70.12,BTC-30DEC22-30000-C,28891.85,buy,,,0.1,,
277,215891604,2022-05-27 12:53:41,0,0.209,0.21017762,69.65,BTC-30DEC22-30000-C,29204.17,buy,,,2.0,,
278,215908963,2022-05-27 15:16:37,2,0.2035,0.20368762,69.87,BTC-30DEC22-30000-C,28789.99,buy,,,3.0,,
279,215911752,2022-05-27 15:31:43,0,0.204,0.20376253,70.04,BTC-30DEC22-30000-C,28816.22,buy,,,0.1,,
280,215911753,2022-05-27 15:31:43,1,0.204,0.20376253,70.04,BTC-30DEC22-30000-C,28816.22,buy,,,0.2,,
281,215911756,2022-05-27 15:31:43,1,0.204,0.20376253,70.04,BTC-30DEC22-30000-C,28816.22,buy,,,0.2,,
282,215911771,2022-05-27 15:31:44,1,0.204,0.20377363,70.02,BTC-30DEC22-30000-C,28817.45,buy,,,0.3,,
283,215911779,2022-05-27 15:31:44,1,0.204,0.20377363,70.02,BTC-30DEC22-30000-C,28817.45,buy,,,0.2,,
284,215911785,2022-05-27 15:31:44,1,0.204,0.20377363,70.02,BTC-30DEC22-30000-C,28817.45,buy,,,0.1,,
285,215911787,2022-05-27 15:31:44,1,0.204,0.20377363,70.02,BTC-30DEC22-30000-C,28817.45,buy,,,0.1,,
286,215911800,2022-05-27 15:31:44,1,0.204,0.20377363,70.02,BTC-30DEC22-30000-C,28817.45,buy,,,0.8,,
287,215917997,2022-05-27 16:46:40,2,0.2035,0.20409077,69.91,BTC-30DEC22-30000-C,28798.91,buy,,,0.1,,
288,215917998,2022-05-27 16:46:41,3,0.2035,0.2040868,69.91,BTC-30DEC22-30000-C,28798.91,buy,,,0.1,,
289,215918003,2022-05-27 16:46:50,3,0.2035,0.20405153,69.92,BTC-30DEC22-30000-C,28794.87,buy,,,0.1,,
290,215918005,2022-05-27 16:46:54,3,0.2035,0.20411202,69.9,BTC-30DEC22-30000-C,28799.37,buy,,,0.2,,
291,215918006,2022-05-27 16:46:54,3,0.2035,0.20411202,69.9,BTC-30DEC22-30000-C,28799.26,buy,,,0.2,,
292,215918013,2022-05-27 16:46:55,3,0.2035,0.20411202,69.9,BTC-30DEC22-30000-C,28799.26,buy,,,0.1,,
293,215918035,2022-05-27 16:47:48,2,0.203,0.20402936,69.73,BTC-30DEC22-30000-C,28795.66,buy,,,0.2,,
294,215918069,2022-05-27 16:49:00,3,0.203,0.20403251,69.74,BTC-30DEC22-30000-C,28794.35,buy,,,0.3,,
295,215918079,2022-05-27 16:49:13,3,0.203,0.20394271,69.77,BTC-30DEC22-30000-C,28783.69,buy,,,0.2,,
296,215918121,2022-05-27 16:50:34,3,0.203,0.20397969,69.74,BTC-30DEC22-30000-C,28784.62,buy,,,0.3,,
297,215918126,2022-05-27 16:50:47,3,0.203,0.203958,69.74,BTC-30DEC22-30000-C,28783.41,buy,,,0.7,,
298,215918191,2022-05-27 16:51:46,2,0.2025,0.20374949,69.63,BTC-30DEC22-30000-C,28741.51,buy,,,0.3,,
299,215919074,2022-05-27 17:04:37,2,0.202,0.20252056,69.71,BTC-30DEC22-30000-C,28722.42,buy,,,0.1,,
300,215919079,2022-05-27 17:04:39,3,0.202,0.20258389,69.71,BTC-30DEC22-30000-C,28725.33,buy,,,0.1,,
301,215929651,2022-05-27 17:43:56,2,0.198,0.19756218,69.79,BTC-30DEC22-30000-C,28402.62,buy,,,0.5,,
302,215929915,2022-05-27 17:45:07,3,0.198,0.19769814,69.71,BTC-30DEC22-30000-C,28405.65,sell,,,0.5,,
303,215930742,2022-05-27 17:54:11,3,0.198,0.19789349,69.72,BTC-30DEC22-30000-C,28425.82,buy,,,2.0,,
304,215938629,2022-05-27 19:06:07,0,0.1985,0.19881953,69.82,BTC-30DEC22-30000-C,28466.78,buy,,,0.1,,
305,215938630,2022-05-27 19:06:10,1,0.1985,0.19884277,69.82,BTC-30DEC22-30000-C,28465.5,buy,,,0.1,,
306,215943332,2022-05-27 19:51:25,0,0.2035,0.20362216,69.82,BTC-30DEC22-30000-C,28825.98,buy,,,0.3,,
307,215943402,2022-05-27 19:51:26,0,0.204,0.20377737,69.9,BTC-30DEC22-30000-C,28846.07,buy,,,0.5,,
308,215968012,2022-05-28 02:30:09,2,0.1985,0.19791074,68.78,BTC-30DEC22-30000-C,28677.69,sell,,,0.4,,
309,215971483,2022-05-28 04:30:13,0,0.2035,0.20296482,69.81,BTC-30DEC22-30000-C,28834.84,buy,,,0.1,,
310,215988161,2022-05-28 12:54:19,0,0.204,0.20436483,69.38,BTC-30DEC22-30000-C,28981.65,buy,,,0.1,,
311,216010134,2022-05-29 00:50:27,0,0.2045,0.20386557,69.53,BTC-30DEC22-30000-C,28978.54,buy,,,0.4,,
312,216010135,2022-05-29 00:50:27,1,0.2045,0.20386557,69.53,BTC-30DEC22-30000-C,28978.54,buy,,,0.3,,
313,216010136,2022-05-29 00:50:27,1,0.2045,0.20386557,69.53,BTC-30DEC22-30000-C,28978.54,buy,,,0.2,,
314,216010137,2022-05-29 00:50:28,1,0.2045,0.20401896,69.47,BTC-30DEC22-30000-C,28993.38,buy,,,0.3,,
315,216010138,2022-05-29 00:50:33,1,0.2045,0.20402081,69.47,BTC-30DEC22-30000-C,28994.75,buy,,,0.2,,
316,216010139,2022-05-29 00:50:35,1,0.2045,0.20400186,69.48,BTC-30DEC22-30000-C,28994.88,buy,,,0.2,,
317,216010141,2022-05-29 00:50:35,1,0.2045,0.20400186,69.48,BTC-30DEC22-30000-C,28994.85,buy,,,0.1,,
318,216010142,2022-05-29 00:50:35,1,0.2045,0.20400186,69.48,BTC-30DEC22-30000-C,28994.85,buy,,,0.1,,
319,216010143,2022-05-29 00:50:35,1,0.2045,0.20400186,69.48,BTC-30DEC22-30000-C,28994.85,buy,,,0.1,,
320,216010144,2022-05-29 00:50:35,1,0.2045,0.20400186,69.48,BTC-30DEC22-30000-C,28994.85,buy,,,0.1,,
321,216010149,2022-05-29 00:50:38,1,0.2045,0.20399389,69.49,BTC-30DEC22-30000-C,28996.27,buy,,,0.1,,
322,216010150,2022-05-29 00:50:38,1,0.2045,0.20399389,69.49,BTC-30DEC22-30000-C,28996.27,buy,,,0.2,,
323,216010151,2022-05-29 00:50:38,1,0.2045,0.20399389,69.48,BTC-30DEC22-30000-C,28997.18,buy,,,0.2,,
324,216010152,2022-05-29 00:50:39,1,0.2045,0.20399737,69.48,BTC-30DEC22-30000-C,28997.18,buy,,,0.1,,
325,216010153,2022-05-29 00:50:39,1,0.2045,0.20399737,69.48,BTC-30DEC22-30000-C,28997.18,buy,,,0.1,,
326,216010157,2022-05-29 00:50:41,1,0.2045,0.20399775,69.48,BTC-30DEC22-30000-C,29000.02,buy,,,0.3,,
327,216010565,2022-05-29 01:03:11,2,0.2035,0.20328678,69.41,BTC-30DEC22-30000-C,28952.93,buy,,,2.0,,
328,216014669,2022-05-29 03:40:44,2,0.203,0.20396588,69.47,BTC-30DEC22-30000-C,28912.49,buy,,,3.0,,
329,216018410,2022-05-29 06:01:39,0,0.2045,0.20458414,69.76,BTC-30DEC22-30000-C,29021.91,sell,,,0.1,,
330,216033171,2022-05-29 11:54:30,1,0.2045,0.20438776,68.86,BTC-30DEC22-30000-C,29168.4,buy,,,0.1,,
331,216033174,2022-05-29 11:54:30,1,0.2045,0.20438776,68.86,BTC-30DEC22-30000-C,29168.4,buy,,,0.1,,
332,216033176,2022-05-29 11:54:31,1,0.2045,0.20439214,68.84,BTC-30DEC22-30000-C,29172.25,buy,,,0.2,,
333,216033177,2022-05-29 11:54:31,1,0.2045,0.20439214,68.84,BTC-30DEC22-30000-C,29172.25,buy,,,0.2,,
334,216033178,2022-05-29 11:54:31,1,0.2045,0.20439214,68.84,BTC-30DEC22-30000-C,29172.25,buy,,,0.2,,
335,216033179,2022-05-29 11:54:32,1,0.2045,0.20444189,68.83,BTC-30DEC22-30000-C,29174.58,buy,,,0.2,,
336,216033180,2022-05-29 11:54:32,1,0.2045,0.20444189,68.83,BTC-30DEC22-30000-C,29174.58,buy,,,0.1,,
337,216033181,2022-05-29 11:54:32,1,0.2045,0.20444189,68.83,BTC-30DEC22-30000-C,29174.58,buy,,,0.1,,
338,216033185,2022-05-29 11:54:43,1,0.2045,0.20443704,68.84,BTC-30DEC22-30000-C,29176.5,buy,,,0.2,,
339,216033186,2022-05-29 11:54:45,1,0.2045,0.20443288,68.84,BTC-30DEC22-30000-C,29176.8,buy,,,0.1,,
340,216033187,2022-05-29 11:54:52,1,0.2045,0.20440835,68.85,BTC-30DEC22-30000-C,29175.94,buy,,,0.1,,
341,216033195,2022-05-29 11:55:17,1,0.2045,0.2044381,68.85,BTC-30DEC22-30000-C,29179.71,buy,,,0.2,,
342,216033196,2022-05-29 11:55:17,1,0.2045,0.2044381,68.85,BTC-30DEC22-30000-C,29179.71,buy,,,0.1,,
343,216033197,2022-05-29 11:55:17,1,0.2045,0.2044381,68.85,BTC-30DEC22-30000-C,29179.71,buy,,,0.1,,
344,216053140,2022-05-29 18:13:38,0,0.209,0.20681519,70.33,BTC-30DEC22-30000-C,29189.32,buy,,,0.1,,
345,216088623,2022-05-30 02:07:33,0,0.2175,0.2175898,69.15,BTC-30DEC22-30000-C,30115.87,buy,,,1.0,,
346,216088739,2022-05-30 02:07:39,0,0.218,0.21749355,69.34,BTC-30DEC22-30000-C,30107.24,buy,,,1.0,,
347,216089108,2022-05-30 02:09:22,1,0.218,0.21783018,69.29,BTC-30DEC22-30000-C,30085.68,buy,,,1.0,,
348,216131039,2022-05-30 09:00:01,0,0.222,0.222815,67.97,BTC-30DEC22-30000-C,30714.53,buy,,,0.1,,
349,216182180,2022-05-30 19:41:01,2,0.2185,0.21870689,66.76,BTC-30DEC22-30000-C,30733.86,buy,,,1.0,,
350,216182437,2022-05-30 19:41:51,0,0.219,0.21918981,66.73,BTC-30DEC22-30000-C,30778.91,buy,,,1.0,,
351,216216272,2022-05-30 21:20:02,0,0.2325,0.232791,67.01,BTC-30DEC22-30000-C,31712.9,buy,,,0.9,,
352,216216804,2022-05-30 21:20:33,1,0.2325,0.23381571,66.62,BTC-30DEC22-30000-C,31820.46,buy,,,2.1,,
353,216560009,2022-06-02 07:19:14,2,0.205,0.2049387,66.14,BTC-30DEC22-30000-C,29906.39,buy,,,2.0,,
354,216560149,2022-06-02 07:22:45,3,0.205,0.20484901,66.16,BTC-30DEC22-30000-C,29913.49,buy,,,2.3,,
355,216560185,2022-06-02 07:23:57,3,0.205,0.20492286,66.1,BTC-30DEC22-30000-C,29927.79,buy,,,0.1,,
356,216560186,2022-06-02 07:23:57,3,0.205,0.20492286,66.1,BTC-30DEC22-30000-C,29927.79,buy,,,0.1,,
357,216560187,2022-06-02 07:23:57,3,0.205,0.20492286,66.1,BTC-30DEC22-30000-C,29927.79,buy,,,0.1,,
358,216560189,2022-06-02 07:23:57,3,0.205,0.20492381,66.1,BTC-30DEC22-30000-C,29927.79,buy,,,0.2,,
359,216560190,2022-06-02 07:23:57,3,0.205,0.20492381,66.1,BTC-30DEC22-30000-C,29927.79,buy,,,0.1,,
360,216560191,2022-06-02 07:23:58,3,0.205,0.20492381,66.1,BTC-30DEC22-30000-C,29927.79,buy,,,0.1,,
361,216560447,2022-06-02 07:26:37,2,0.2045,0.20571461,65.59,BTC-30DEC22-30000-C,29999.41,sell,,,18.0,,
362,216569343,2022-06-02 10:36:32,2,0.203,0.20285812,65.59,BTC-30DEC22-30000-C,29922.77,buy,,,0.2,,
363,216569344,2022-06-02 10:36:33,3,0.203,0.20285812,65.59,BTC-30DEC22-30000-C,29922.77,buy,,,0.2,,
364,216569345,2022-06-02 10:36:33,3,0.203,0.20285812,65.59,BTC-30DEC22-30000-C,29922.77,buy,,,0.2,,
365,216569346,2022-06-02 10:36:33,3,0.203,0.20288547,65.58,BTC-30DEC22-30000-C,29925.17,buy,,,0.1,,
366,216569347,2022-06-02 10:36:33,3,0.203,0.20288547,65.58,BTC-30DEC22-30000-C,29925.17,buy,,,0.1,,
367,216569348,2022-06-02 10:36:33,3,0.203,0.20288547,65.58,BTC-30DEC22-30000-C,29925.17,buy,,,0.1,,
368,216569349,2022-06-02 10:36:33,3,0.203,0.20288547,65.58,BTC-30DEC22-30000-C,29925.17,buy,,,0.1,,
369,216569350,2022-06-02 10:36:33,3,0.203,0.20288547,65.58,BTC-30DEC22-30000-C,29925.17,buy,,,0.1,,
370,216569351,2022-06-02 10:36:33,3,0.203,0.20288547,65.58,BTC-30DEC22-30000-C,29925.17,buy,,,0.1,,
371,216569352,2022-06-02 10:36:34,3,0.203,0.20291684,65.57,BTC-30DEC22-30000-C,29926.05,buy,,,0.1,,
372,216569353,2022-06-02 10:36:34,3,0.203,0.20291684,65.57,BTC-30DEC22-30000-C,29926.05,buy,,,0.1,,
373,216569356,2022-06-02 10:36:34,3,0.203,0.20291684,65.57,BTC-30DEC22-30000-C,29926.05,buy,,,0.1,,
374,216569357,2022-06-02 10:36:34,3,0.203,0.20291684,65.57,BTC-30DEC22-30000-C,29926.05,buy,,,0.2,,
375,216569358,2022-06-02 10:36:34,3,0.203,0.20291684,65.57,BTC-30DEC22-30000-C,29926.05,buy,,,0.1,,
376,216569359,2022-06-02 10:36:34,3,0.203,0.20291684,65.57,BTC-30DEC22-30000-C,29926.05,buy,,,0.1,,
377,216569360,2022-06-02 10:36:35,3,0.203,0.20291684,65.57,BTC-30DEC22-30000-C,29926.05,buy,,,0.1,,
378,216573953,2022-06-02 11:29:05,0,0.204,0.20492691,65.2,BTC-30DEC22-30000-C,30067.83,buy,,,1.0,,
379,216573977,2022-06-02 11:29:45,0,0.205,0.20505083,65.5,BTC-30DEC22-30000-C,30088.3,buy,,,1.0,,
380,216591136,2022-06-02 13:54:48,2,0.204,0.20356892,65.78,BTC-30DEC22-30000-C,29969.4,sell,,,0.2,,
381,216591137,2022-06-02 13:54:48,3,0.204,0.20342736,65.78,BTC-30DEC22-30000-C,29969.4,sell,,,0.1,,
382,216591138,2022-06-02 13:54:48,3,0.204,0.20342736,65.78,BTC-30DEC22-30000-C,29969.4,sell,,,0.2,,
383,216591139,2022-06-02 13:54:48,3,0.204,0.20342736,65.78,BTC-30DEC22-30000-C,29969.4,sell,,,0.2,,
384,216591140,2022-06-02 13:54:48,3,0.204,0.20342736,65.78,BTC-30DEC22-30000-C,29969.4,sell,,,0.1,,
385,216591141,2022-06-02 13:54:48,3,0.204,0.20342736,65.78,BTC-30DEC22-30000-C,29969.4,sell,,,0.1,,
386,216591145,2022-06-02 13:54:49,3,0.204,0.20342736,65.79,BTC-30DEC22-30000-C,29954.16,sell,,,0.1,,
387,216720241,2022-06-03 14:45:52,2,0.195,0.19428685,65.9,BTC-30DEC22-30000-C,29302.73,sell,,,1.0,,
388,216723740,2022-06-03 15:14:32,0,0.1955,0.19456031,66.0,BTC-30DEC22-30000-C,29326.79,sell,,,1.0,,
389,216751303,2022-06-04 05:57:18,0,0.1995,0.19828312,65.91,BTC-30DEC22-30000-C,29656.77,buy,,,0.1,,
390,216751304,2022-06-04 05:57:20,1,0.1995,0.19828641,65.91,BTC-30DEC22-30000-C,29656.78,buy,,,0.2,,
391,216751306,2022-06-04 05:57:21,1,0.1995,0.19828819,65.91,BTC-30DEC22-30000-C,29656.78,buy,,,0.1,,
392,216751309,2022-06-04 05:57:22,1,0.1995,0.19828997,65.91,BTC-30DEC22-30000-C,29656.78,buy,,,0.1,,
393,216751310,2022-06-04 05:57:22,1,0.1995,0.19828997,65.91,BTC-30DEC22-30000-C,29656.84,buy,,,0.1,,
394,216751311,2022-06-04 05:57:22,1,0.1995,0.19828997,65.91,BTC-30DEC22-30000-C,29656.84,buy,,,0.1,,
395,216751312,2022-06-04 05:57:32,1,0.1995,0.19830447,65.91,BTC-30DEC22-30000-C,29656.75,buy,,,0.2,,
396,216751313,2022-06-04 05:57:38,1,0.1995,0.1983074,65.91,BTC-30DEC22-30000-C,29656.72,buy,,,0.2,,
397,216751315,2022-06-04 05:57:40,1,0.1995,0.19831754,65.91,BTC-30DEC22-30000-C,29656.58,buy,,,0.2,,
398,216751319,2022-06-04 05:58:19,1,0.1995,0.19837056,65.91,BTC-30DEC22-30000-C,29656.78,buy,,,0.1,,
399,216751320,2022-06-04 05:58:19,1,0.1995,0.19837056,65.91,BTC-30DEC22-30000-C,29656.78,buy,,,0.1,,
400,216751322,2022-06-04 05:58:35,1,0.1995,0.19839633,65.91,BTC-30DEC22-30000-C,29656.81,buy,,,0.1,,
401,216751323,2022-06-04 05:58:37,1,0.1995,0.1983964,65.91,BTC-30DEC22-30000-C,29656.61,buy,,,0.1,,
402,216751324,2022-06-04 05:58:48,1,0.1995,0.19840694,65.91,BTC-30DEC22-30000-C,29656.19,buy,,,0.1,,
403,216751325,2022-06-04 05:58:49,1,0.1995,0.19840821,65.91,BTC-30DEC22-30000-C,29656.51,buy,,,0.1,,
404,216751326,2022-06-04 05:58:50,1,0.1995,0.1984139,65.91,BTC-30DEC22-30000-C,29656.51,buy,,,0.1,,
405,216753097,2022-06-04 07:46:40,2,0.198,0.19821364,65.31,BTC-30DEC22-30000-C,29666.56,buy,,,2.0,,
406,216764356,2022-06-04 14:21:20,2,0.1955,0.19533971,65.29,BTC-30DEC22-30000-C,29539.76,buy,,,0.1,,
407,216764357,2022-06-04 14:21:20,3,0.1955,0.19537598,65.19,BTC-30DEC22-30000-C,29559.84,buy,,,0.1,,
408,216764363,2022-06-04 14:21:20,3,0.1955,0.19537598,65.19,BTC-30DEC22-30000-C,29559.84,buy,,,0.2,,
409,216764364,2022-06-04 14:21:20,3,0.1955,0.19537598,65.19,BTC-30DEC22-30000-C,29559.84,buy,,,0.6,,
410,216765207,2022-06-04 14:27:18,0,0.198,0.19780869,65.31,BTC-30DEC22-30000-C,29710.73,buy,,,0.1,,
411,216765208,2022-06-04 14:27:18,1,0.198,0.19780869,65.31,BTC-30DEC22-30000-C,29710.73,buy,,,0.2,,
412,216765209,2022-06-04 14:27:18,1,0.198,0.19780869,65.31,BTC-30DEC22-30000-C,29710.73,buy,,,0.1,,
413,216765210,2022-06-04 14:27:18,1,0.198,0.19780869,65.31,BTC-30DEC22-30000-C,29710.73,buy,,,0.1,,
414,216765211,2022-06-04 14:27:18,1,0.198,0.19780869,65.31,BTC-30DEC22-30000-C,29710.73,buy,,,0.2,,
415,216765228,2022-06-04 14:27:20,1,0.198,0.19803766,65.22,BTC-30DEC22-30000-C,29727.74,buy,,,0.1,,
416,216765229,2022-06-04 14:27:20,1,0.198,0.19803766,65.22,BTC-30DEC22-30000-C,29727.74,buy,,,0.1,,
417,216765233,2022-06-04 14:27:20,1,0.198,0.19803766,65.22,BTC-30DEC22-30000-C,29727.74,buy,,,0.1,,
418,216781589,2022-06-05 01:27:21,0,0.199,0.20014223,65.63,BTC-30DEC22-30000-C,29693.86,buy,,,1.0,,
419,216793655,2022-06-05 09:43:50,2,0.1965,0.19664023,65.45,BTC-30DEC22-30000-C,29633.72,buy,,,3.0,,
420,216795947,2022-06-05 11:16:10,0,0.199,0.19632006,66.47,BTC-30DEC22-30000-C,29575.85,buy,,,3.1,,
421,216795948,2022-06-05 11:16:10,1,0.199,0.19632006,66.47,BTC-30DEC22-30000-C,29575.85,sell,,,6.9,,
422,216799582,2022-06-05 13:51:44,0,0.203,0.20055878,67.38,BTC-30DEC22-30000-C,29707.77,buy,,,0.5,,
423,216803399,2022-06-05 15:34:42,0,0.2035,0.20185958,67.02,BTC-30DEC22-30000-C,29820.05,sell,,,0.2,,
424,216856868,2022-06-06 04:46:01,0,0.2185,0.22220476,65.58,BTC-30DEC22-30000-C,31190.41,sell,,,0.5,,
425,216856892,2022-06-06 04:46:26,0,0.22,0.2223378,66.07,BTC-30DEC22-30000-C,31200.61,sell,,,0.5,,
426,216856908,2022-06-06 04:46:55,1,0.22,0.22243617,66.03,BTC-30DEC22-30000-C,31205.95,sell,,,0.5,,
427,216856919,2022-06-06 04:47:14,1,0.22,0.22239747,66.05,BTC-30DEC22-30000-C,31205.15,sell,,,0.5,,
428,216920903,2022-06-06 15:36:13,2,0.2195,0.21757359,65.73,BTC-30DEC22-30000-C,31317.61,buy,,,0.1,,
429,217174646,2022-06-08 05:55:48,2,0.209,0.20649978,66.27,BTC-30DEC22-30000-C,30490.1,buy,,,0.1,,
430,217240354,2022-06-08 21:58:53,2,0.2065,0.20504029,65.79,BTC-30DEC22-30000-C,30411.55,buy,,,0.8,,
431,217254431,2022-06-09 07:08:13,2,0.2035,0.20332002,65.36,BTC-30DEC22-30000-C,30320.09,buy,,,1.0,,
432,217434925,2022-06-10 13:26:17,2,0.1955,0.19554116,66.46,BTC-30DEC22-30000-C,29494.33,sell,,,1.0,,
433,217435862,2022-06-10 13:26:41,2,0.1945,0.1942288,66.59,BTC-30DEC22-30000-C,29386.97,sell,,,0.7,,
434,217435910,2022-06-10 13:26:41,3,0.1945,0.1942288,66.59,BTC-30DEC22-30000-C,29386.97,sell,,,0.3,,
435,217464315,2022-06-10 14:57:17,0,0.1975,0.19595741,66.93,BTC-30DEC22-30000-C,29516.45,buy,,41291,3.3,,
436,217579433,2022-06-11 10:46:13,2,0.185,0.18543608,65.81,BTC-30DEC22-30000-C,28858.67,sell,,,1.0,,
437,217659650,2022-06-11 20:12:43,2,0.182,0.18204788,66.31,BTC-30DEC22-30000-C,28538.73,buy,,,0.3,,
438,217659651,2022-06-11 20:12:44,3,0.182,0.18204788,66.31,BTC-30DEC22-30000-C,28538.73,buy,,,0.2,,
439,217659652,2022-06-11 20:12:44,3,0.182,0.1820479,66.31,BTC-30DEC22-30000-C,28538.73,buy,,,0.2,,
440,217659655,2022-06-11 20:12:45,3,0.182,0.18204845,66.31,BTC-30DEC22-30000-C,28538.9,buy,,,0.2,,
441,217659656,2022-06-11 20:12:45,3,0.182,0.18204845,66.31,BTC-30DEC22-30000-C,28538.9,buy,,,0.1,,
442,217659683,2022-06-11 20:14:13,3,0.182,0.18191801,66.35,BTC-30DEC22-30000-C,28533.15,buy,,,1.0,,
443,217722050,2022-06-12 07:15:07,2,0.166,0.16543608,66.36,BTC-30DEC22-30000-C,27434.69,sell,,,3.0,,
444,217735829,2022-06-12 10:06:19,2,0.165,0.1649099,66.13,BTC-30DEC22-30000-C,27402.81,sell,,,1.0,,
445,217799858,2022-06-12 16:56:46,0,0.168,0.16872679,65.38,BTC-30DEC22-30000-C,27791.92,sell,,,3.8,,
446,217799859,2022-06-12 16:56:46,1,0.168,0.16872679,65.38,BTC-30DEC22-30000-C,27791.92,sell,,,0.1,,
447,217812006,2022-06-12 19:15:17,1,0.168,0.16819247,65.5,BTC-30DEC22-30000-C,27785.33,sell,,,1.1,,
448,217826847,2022-06-12 21:34:37,2,0.165,0.16422546,66.25,BTC-30DEC22-30000-C,27386.22,sell,,,1.0,,
449,217835620,2022-06-12 22:36:26,2,0.16,0.16033986,65.84,BTC-30DEC22-30000-C,27130.8,sell,,,1.0,,
450,217873860,2022-06-13 00:52:05,2,0.155,0.15563586,68.1,BTC-30DEC22-30000-C,26284.98,sell,,,2.0,,
451,217907489,2022-06-13 02:32:47,0,0.1555,0.15304596,70.84,BTC-30DEC22-30000-C,25711.19,buy,,,0.1,,
452,217919755,2022-06-13 03:02:21,2,0.15,0.14958216,71.26,BTC-30DEC22-30000-C,25217.61,sell,,,1.0,,
453,217993880,2022-06-13 07:39:26,2,0.1445,0.14320872,70.44,BTC-30DEC22-30000-C,24987.61,sell,,,1.0,,
454,218009278,2022-06-13 07:55:37,2,0.143,0.14004908,71.78,BTC-30DEC22-30000-C,24599.18,sell,,,1.0,,
455,218012453,2022-06-13 07:59:49,2,0.1415,0.14179764,70.59,BTC-30DEC22-30000-C,24744.0,buy,,,1.0,,
456,218061707,2022-06-13 09:30:50,0,0.143,0.13918398,73.54,BTC-30DEC22-30000-C,24171.68,buy,,,2.6,,T
457,218093668,2022-06-13 11:09:28,2,0.135,0.13512222,72.48,BTC-30DEC22-30000-C,23820.15,sell,,,0.8,,
458,218099373,2022-06-13 11:22:34,2,0.1345,0.13451967,73.36,BTC-30DEC22-30000-C,23591.73,sell,,,0.1,,
459,218102168,2022-06-13 11:30:34,2,0.133,0.13350347,73.27,BTC-30DEC22-30000-C,23494.93,sell,,,0.1,,
460,218115890,2022-06-13 12:20:27,0,0.139,0.14015388,73.23,BTC-30DEC22-30000-C,23967.51,sell,,,4.2,,
461,218120589,2022-06-13 12:49:01,1,0.139,0.13883501,73.48,BTC-30DEC22-30000-C,23903.62,sell,,,4.6,,
462,218121573,2022-06-13 12:53:20,1,0.139,0.13822761,73.76,BTC-30DEC22-30000-C,23848.8,sell,,,1.2,,
463,218168165,2022-06-13 14:27:15,2,0.1305,0.12787937,73.86,BTC-30DEC22-30000-C,23231.96,buy,,,0.1,,
464,218192152,2022-06-13 15:06:58,2,0.124,0.12337645,74.39,BTC-30DEC22-30000-C,22626.71,sell,,,1.1,,
465,218294984,2022-06-13 21:41:27,3,0.124,0.12401769,72.3,BTC-30DEC22-30000-C,23077.05,sell,,,2.0,,
466,218304940,2022-06-13 22:43:19,2,0.12,0.12064721,72.37,BTC-30DEC22-30000-C,22751.16,sell,,,1.0,,
467,218381909,2022-06-14 01:26:38,2,0.11,0.11048497,75.36,BTC-30DEC22-30000-C,21306.16,sell,,,1.0,,
468,218468978,2022-06-14 04:50:21,0,0.1155,0.11416075,74.74,BTC-30DEC22-30000-C,21880.66,buy,,,0.8,,
469,218544749,2022-06-14 07:53:30,0,0.1245,0.12407726,73.23,BTC-30DEC22-30000-C,22895.27,sell,,,0.1,,
470,218546244,2022-06-14 08:00:59,2,0.124,0.12504108,73.36,BTC-30DEC22-30000-C,22829.89,sell,,,1.3,,
471,218571034,2022-06-14 10:43:40,2,0.114,0.11372655,71.84,BTC-30DEC22-30000-C,22406.4,sell,,,3.0,,
472,218571159,2022-06-14 10:44:31,0,0.115,0.11399007,72.17,BTC-30DEC22-30000-C,22416.62,sell,,,0.1,,
473,218591278,2022-06-14 11:40:59,2,0.108,0.108412,72.17,BTC-30DEC22-30000-C,21858.6,sell,,,0.1,,
474,218597732,2022-06-14 11:57:53,2,0.107,0.10860147,71.68,BTC-30DEC22-30000-C,21917.59,sell,,,0.1,,
475,218700922,2022-06-14 15:57:03,0,0.1185,0.11793059,72.56,BTC-30DEC22-30000-C,22686.73,buy,,,0.8,,
476,218813595,2022-06-15 03:12:47,2,0.116,0.11488551,75.71,BTC-30DEC22-30000-C,21819.93,sell,,,0.3,,
477,218854638,2022-06-15 06:05:28,2,0.105,0.10664778,74.45,BTC-30DEC22-30000-C,21283.39,sell,,,0.2,,
478,218855917,2022-06-15 06:09:41,0,0.1075,0.10603199,75.39,BTC-30DEC22-30000-C,21257.38,buy,,,0.9,,
479,218855918,2022-06-15 06:09:41,1,0.1075,0.10603199,75.39,BTC-30DEC22-30000-C,21257.38,buy,,,8.0,,
480,218874544,2022-06-15 07:49:57,2,0.1,0.10085476,74.87,BTC-30DEC22-30000-C,20750.84,sell,,,1.0,,
481,218874545,2022-06-15 07:49:57,3,0.1,0.10085476,74.87,BTC-30DEC22-30000-C,20750.84,sell,,,0.1,,
482,218874546,2022-06-15 07:49:57,3,0.1,0.10085476,74.87,BTC-30DEC22-30000-C,20750.84,sell,,,0.2,,
483,218874547,2022-06-15 07:49:57,3,0.1,0.10085476,74.87,BTC-30DEC22-30000-C,20750.84,sell,,,0.2,,
484,218890652,2022-06-15 08:20:20,0,0.103,0.10373032,77.6,BTC-30DEC22-30000-C,20412.15,sell,,,3.0,,
485,218890875,2022-06-15 08:21:17,1,0.103,0.10420032,77.48,BTC-30DEC22-30000-C,20430.31,sell,,,0.1,,
486,218945043,2022-06-15 10:30:05,0,0.1305,0.12251158,87.09,BTC-30DEC22-30000-C,20471.29,buy,,,0.1,,
487,218964682,2022-06-15 11:29:01,0,0.1175,0.11391814,80.66,BTC-30DEC22-30000-C,20864.22,sell,,,0.2,,
488,219006702,2022-06-15 14:30:00,2,0.103,0.09881557,73.38,BTC-30DEC22-30000-C,21346.37,sell,,,3.0,,
489,219006812,2022-06-15 14:30:20,3,0.103,0.09872908,73.46,BTC-30DEC22-30000-C,21317.42,sell,,,0.5,,
490,219039957,2022-06-15 17:25:19,2,0.0985,0.09669056,74.22,BTC-30DEC22-30000-C,20799.77,sell,,,0.1,,
491,219045067,2022-06-15 17:43:37,2,0.097,0.09668716,74.21,BTC-30DEC22-30000-C,20719.97,sell,,,0.1,,
492,219143689,2022-06-15 20:52:51,0,0.101,0.10446517,70.7,BTC-30DEC22-30000-C,21787.82,sell,,,15.0,,
493,219143690,2022-06-15 20:52:51,2,0.1,0.10446517,70.34,BTC-30DEC22-30000-C,21787.82,buy,,,39.0,,
494,219143691,2022-06-15 20:52:51,3,0.1,0.10446517,70.34,BTC-30DEC22-30000-C,21787.82,buy,,,9.0,,
495,219143692,2022-06-15 20:52:51,3,0.1,0.10446517,70.34,BTC-30DEC22-30000-C,21787.82,buy,,,15.0,,
496,219143693,2022-06-15 20:52:51,3,0.1,0.10446517,70.34,BTC-30DEC22-30000-C,21787.82,buy,,,15.0,,
497,219143694,2022-06-15 20:52:51,3,0.1,0.10446517,70.34,BTC-30DEC22-30000-C,21787.82,buy,,,15.0,,
498,219143695,2022-06-15 20:52:51,3,0.1,0.10446517,70.34,BTC-30DEC22-30000-C,21787.82,buy,,,15.0,,
499,219143696,2022-06-15 20:52:51,3,0.1,0.10446517,70.34,BTC-30DEC22-30000-C,21787.82,buy,,,15.0,,
500,219143697,2022-06-15 20:52:51,3,0.1,0.10446517,70.34,BTC-30DEC22-30000-C,21787.82,buy,,,15.0,,
501,219143698,2022-06-15 20:52:51,3,0.1,0.10428061,70.34,BTC-30DEC22-30000-C,21787.82,buy,,,15.0,,
502,219143699,2022-06-15 20:52:51,3,0.1,0.10428061,70.34,BTC-30DEC22-30000-C,21787.95,buy,,,15.0,,
503,219143700,2022-06-15 20:52:51,3,0.1,0.10428061,70.34,BTC-30DEC22-30000-C,21787.95,buy,,,15.0,,
504,219143702,2022-06-15 20:52:52,3,0.1,0.10428061,70.34,BTC-30DEC22-30000-C,21787.95,buy,,,15.0,,
505,219143789,2022-06-15 20:53:12,2,0.0995,0.10255227,70.24,BTC-30DEC22-30000-C,21772.57,sell,,,15.0,,
506,219150311,2022-06-15 21:40:55,0,0.1025,0.09903191,69.92,BTC-30DEC22-30000-C,22118.22,buy,,,10.4,,
507,219152456,2022-06-15 21:50:14,1,0.1025,0.10113489,69.25,BTC-30DEC22-30000-C,22273.49,buy,,,15.3,,
508,219152635,2022-06-15 21:50:16,1,0.1025,0.10150206,69.22,BTC-30DEC22-30000-C,22280.16,buy,,,19.4,,
509,219152671,2022-06-15 21:50:16,1,0.1025,0.10150206,69.22,BTC-30DEC22-30000-C,22280.16,buy,,,0.2,,
510,219152719,2022-06-15 21:50:17,1,0.1025,0.10209642,69.2,BTC-30DEC22-30000-C,22325.12,buy,,,0.2,,
511,219152775,2022-06-15 21:50:18,1,0.1025,0.10273669,68.76,BTC-30DEC22-30000-C,22376.38,buy,,,0.2,,
512,219152779,2022-06-15 21:50:18,1,0.1025,0.10273669,68.76,BTC-30DEC22-30000-C,22376.38,buy,,,0.2,,
513,219152783,2022-06-15 21:50:18,1,0.1025,0.10273669,68.76,BTC-30DEC22-30000-C,22376.38,buy,,,4.1,,
514,219202660,2022-06-16 05:12:43,2,0.095,0.09634799,67.68,BTC-30DEC22-30000-C,22021.33,sell,,,0.1,,
515,219205230,2022-06-16 05:49:01,0,0.096,0.09624771,68.27,BTC-30DEC22-30000-C,21969.83,sell,,42068,12.5,,
516,219205452,2022-06-16 05:51:16,2,0.0957,0.09528062,68.34,BTC-30DEC22-30000-C,21931.01,sell,,42069,12.5,,
517,219224503,2022-06-16 08:34:24,2,0.095,0.09474858,68.71,BTC-30DEC22-30000-C,21789.48,sell,,,4.0,,
518,219251812,2022-06-16 11:38:28,2,0.0915,0.09256714,70.06,BTC-30DEC22-30000-C,21198.08,buy,,,0.1,,
519,219253462,2022-06-16 11:54:36,2,0.09,0.09052423,70.46,BTC-30DEC22-30000-C,20979.97,sell,,,0.2,,
520,219253463,2022-06-16 11:54:36,3,0.09,0.09052423,70.46,BTC-30DEC22-30000-C,20979.97,sell,,,0.2,,
521,219253464,2022-06-16 11:54:36,3,0.09,0.09052423,70.46,BTC-30DEC22-30000-C,20979.97,sell,,,0.8,,
522,219256985,2022-06-16 12:13:22,0,0.092,0.09176049,70.73,BTC-30DEC22-30000-C,21087.44,sell,,,2.0,,
523,219276025,2022-06-16 14:03:08,0,0.094,0.09069334,72.17,BTC-30DEC22-30000-C,20918.26,buy,,,0.1,,
524,219308656,2022-06-16 15:41:36,2,0.0935,0.09236178,70.88,BTC-30DEC22-30000-C,21154.3,buy,,42111,100.0,,
525,219318705,2022-06-16 16:39:41,2,0.0925,0.09215639,70.82,BTC-30DEC22-30000-C,21090.03,buy,,,0.5,,
526,219373837,2022-06-16 22:28:15,0,0.093,0.09168618,73.34,BTC-30DEC22-30000-C,20583.49,sell,,,0.1,,
527,219514455,2022-06-17 12:44:13,2,0.088,0.08897826,70.81,BTC-30DEC22-30000-C,20766.32,sell,,,0.2,,
528,219560948,2022-06-17 17:26:02,2,0.085,0.0861155,70.75,BTC-30DEC22-30000-C,20577.0,sell,,,0.1,,
529,219560949,2022-06-17 17:26:02,3,0.085,0.0861155,70.75,BTC-30DEC22-30000-C,20577.0,sell,,,0.1,,
530,219581807,2022-06-17 21:10:23,0,0.087,0.08783127,71.15,BTC-30DEC22-30000-C,20638.04,sell,,,0.5,,
531,219671118,2022-06-18 08:06:39,2,0.0705,0.08059866,71.41,BTC-30DEC22-30000-C,19190.17,sell,,,0.1,,
532,219671921,2022-06-18 08:10:15,0,0.0795,0.07990694,75.32,BTC-30DEC22-30000-C,19134.66,buy,,,0.1,,
533,219705559,2022-06-18 09:43:43,2,0.078,0.07792723,75.23,BTC-30DEC22-30000-C,19032.8,sell,,,2.0,,
534,219720217,2022-06-18 10:42:37,2,0.0705,0.07889958,70.62,BTC-30DEC22-30000-C,19356.02,sell,,,0.1,,
535,219720218,2022-06-18 10:42:37,3,0.0705,0.07889958,70.62,BTC-30DEC22-30000-C,19356.02,buy,,,8.0,,
536,219720219,2022-06-18 10:42:37,3,0.0705,0.07889958,70.62,BTC-30DEC22-30000-C,19356.02,buy,,,1.9,,
537,219738326,2022-06-18 13:30:26,0,0.079,0.07774614,74.98,BTC-30DEC22-30000-C,19147.06,sell,,,0.1,,
538,219787966,2022-06-18 18:45:49,2,0.075,0.07184725,77.0,BTC-30DEC22-30000-C,18380.09,sell,,,1.0,,
539,219788282,2022-06-18 18:48:18,2,0.0725,0.07131473,76.15,BTC-30DEC22-30000-C,18337.88,sell,,,0.5,,
540,219834281,2022-06-18 21:12:06,2,0.067,0.06961614,75.75,BTC-30DEC22-30000-C,17896.57,sell,,,20.0,,
541,219834282,2022-06-18 21:12:06,3,0.067,0.06961614,75.75,BTC-30DEC22-30000-C,17896.57,sell,,,0.1,,
542,219837422,2022-06-18 21:21:02,3,0.067,0.06884656,75.54,BTC-30DEC22-30000-C,18008.13,sell,,,0.5,,
543,219887227,2022-06-18 23:21:32,2,0.073,0.07132854,73.22,BTC-30DEC22-30000-C,19014.64,sell,,,1.0,,
544,219887230,2022-06-18 23:21:35,2,0.072,0.07135041,72.82,BTC-30DEC22-30000-C,19020.33,sell,,,1.0,,
545,219914806,2022-06-19 02:18:47,2,0.0665,0.06786159,73.64,BTC-30DEC22-30000-C,18336.37,sell,,,0.1,,
546,219917123,2022-06-19 02:33:17,3,0.0665,0.06806698,74.1,BTC-30DEC22-30000-C,18232.46,sell,,,17.0,,
547,219919591,2022-06-19 02:44:09,3,0.0665,0.06918875,73.38,BTC-30DEC22-30000-C,18392.97,sell,,,0.1,,
548,219929318,2022-06-19 03:55:07,3,0.0665,0.06812565,73.64,BTC-30DEC22-30000-C,18339.39,sell,,,2.8,,
549,219940886,2022-06-19 05:19:16,2,0.066,0.06713506,74.1,BTC-30DEC22-30000-C,18182.81,sell,,,6.6,,
550,219941527,2022-06-19 05:20:36,3,0.066,0.06787917,74.46,BTC-30DEC22-30000-C,18124.47,sell,,,7.0,,
551,219957965,2022-06-19 06:26:33,0,0.067,0.06819302,73.77,BTC-30DEC22-30000-C,18360.51,buy,,,2.0,,
552,219968217,2022-06-19 08:12:25,2,0.066,0.06747507,73.96,BTC-30DEC22-30000-C,18276.61,sell,,,5.0,,
553,219968218,2022-06-19 08:12:25,3,0.066,0.06747507,73.96,BTC-30DEC22-30000-C,18276.61,sell,,,0.2,,
554,219972804,2022-06-19 08:43:52,0,0.068,0.06844595,73.43,BTC-30DEC22-30000-C,18569.12,sell,,,4.0,,
555,219972911,2022-06-19 08:44:19,1,0.068,0.06790423,73.51,BTC-30DEC22-30000-C,18552.02,sell,,,0.1,,
556,220073360,2022-06-19 15:51:35,0,0.08,0.07696705,72.64,BTC-30DEC22-30000-C,19830.41,buy,,,11.0,,
557,220208399,2022-06-20 05:12:21,2,0.0825,0.08276361,73.34,BTC-30DEC22-30000-C,19899.45,sell,,,3.0,,
558,220283925,2022-06-20 15:46:03,0,0.0915,0.08812138,73.07,BTC-30DEC22-30000-C,20704.47,buy,,,0.2,,
559,220342405,2022-06-21 01:01:21,2,0.0865,0.08576237,71.36,BTC-30DEC22-30000-C,20708.8,buy,,,0.1,,
560,220342408,2022-06-21 01:01:22,3,0.0865,0.08576826,71.36,BTC-30DEC22-30000-C,20712.63,buy,,,0.1,,
561,220342410,2022-06-21 01:01:22,3,0.0865,0.08576826,71.36,BTC-30DEC22-30000-C,20712.63,buy,,,0.1,,
562,220342412,2022-06-21 01:01:23,3,0.0865,0.08576826,71.31,BTC-30DEC22-30000-C,20718.69,buy,,,0.1,,
563,220342421,2022-06-21 01:01:26,3,0.0865,0.08584592,71.31,BTC-30DEC22-30000-C,20720.09,buy,,,0.1,,
564,220342422,2022-06-21 01:01:26,3,0.0865,0.08584592,71.31,BTC-30DEC22-30000-C,20720.09,buy,,,0.1,,
565,220342426,2022-06-21 01:01:27,3,0.0865,0.08587839,71.28,BTC-30DEC22-30000-C,20726.09,buy,,,0.1,,
566,220342428,2022-06-21 01:01:28,3,0.0865,0.08587839,71.26,BTC-30DEC22-30000-C,20729.47,buy,,,0.1,,
567,220342430,2022-06-21 01:01:28,3,0.0865,0.08587839,71.26,BTC-30DEC22-30000-C,20729.47,buy,,,0.1,,
568,220342440,2022-06-21 01:01:28,3,0.0865,0.0859413,71.26,BTC-30DEC22-30000-C,20729.47,buy,,,0.1,,
569,220343610,2022-06-21 01:13:46,3,0.0865,0.08582127,71.32,BTC-30DEC22-30000-C,20731.54,buy,,,0.1,,
570,220343611,2022-06-21 01:13:46,3,0.0865,0.08582127,71.32,BTC-30DEC22-30000-C,20731.54,buy,,,0.1,,
571,220343614,2022-06-21 01:13:46,3,0.0865,0.08582127,71.32,BTC-30DEC22-30000-C,20731.54,buy,,,0.1,,
572,220343615,2022-06-21 01:13:46,3,0.0865,0.08586466,71.3,BTC-30DEC22-30000-C,20738.51,buy,,,0.1,,
573,220343622,2022-06-21 01:13:46,3,0.0865,0.08586466,71.3,BTC-30DEC22-30000-C,20738.51,buy,,,15.5,,
574,220343623,2022-06-21 01:13:46,3,0.0865,0.08586466,71.3,BTC-30DEC22-30000-C,20738.51,buy,,,0.1,,
575,220343624,2022-06-21 01:13:46,3,0.0865,0.08586466,71.3,BTC-30DEC22-30000-C,20738.51,buy,,,0.1,,
576,220343625,2022-06-21 01:13:46,3,0.0865,0.08586466,71.3,BTC-30DEC22-30000-C,20738.51,buy,,,0.1,,
577,220344071,2022-06-21 01:17:44,3,0.0865,0.08519555,71.6,BTC-30DEC22-30000-C,20656.28,buy,,,32.8,,
578,220456429,2022-06-21 18:10:32,0,0.0895,0.09072066,70.81,BTC-30DEC22-30000-C,21170.4,buy,,,1.0,,
579,220515292,2022-06-22 04:28:54,2,0.085,0.0854386,72.92,BTC-30DEC22-30000-C,20330.66,sell,,,3.0,,
580,220515714,2022-06-22 04:35:06,0,0.087,0.08512668,73.79,BTC-30DEC22-30000-C,20325.53,buy,,,4.0,,
581,220568338,2022-06-22 12:49:32,2,0.0835,0.08265633,73.46,BTC-30DEC22-30000-C,20122.15,sell,,,0.2,,
582,220591326,2022-06-22 15:40:03,0,0.0845,0.08578992,72.24,BTC-30DEC22-30000-C,20476.93,buy,,,0.1,,
583,220643894,2022-06-22 23:22:14,2,0.0815,0.08106503,72.9,BTC-30DEC22-30000-C,20075.01,sell,,,0.1,,
584,220706426,2022-06-23 10:27:50,0,0.086,0.08605626,71.88,BTC-30DEC22-30000-C,20723.26,sell,,,2.0,,
585,220706428,2022-06-23 10:27:52,1,0.086,0.08603686,71.91,BTC-30DEC22-30000-C,20718.0,sell,,,2.1,,
586,220706429,2022-06-23 10:27:52,1,0.086,0.08603686,71.91,BTC-30DEC22-30000-C,20718.0,sell,,,0.1,,
587,220706431,2022-06-23 10:27:52,1,0.086,0.08601728,71.91,BTC-30DEC22-30000-C,20716.95,sell,,,0.1,,
588,220706432,2022-06-23 10:27:53,1,0.086,0.08596501,71.91,BTC-30DEC22-30000-C,20716.95,sell,,,0.1,,
589,220706433,2022-06-23 10:27:56,1,0.086,0.08591049,71.93,BTC-30DEC22-30000-C,20714.37,sell,,,0.1,,
590,220706648,2022-06-23 10:31:12,1,0.086,0.08594487,71.92,BTC-30DEC22-30000-C,20707.72,sell,,,0.1,,
591,220706649,2022-06-23 10:31:12,1,0.086,0.08594487,71.92,BTC-30DEC22-30000-C,20707.72,sell,,,0.1,,
592,220706650,2022-06-23 10:31:12,1,0.086,0.08594487,71.92,BTC-30DEC22-30000-C,20707.72,sell,,,0.1,,
593,220706651,2022-06-23 10:31:12,1,0.086,0.08594487,71.92,BTC-30DEC22-30000-C,20707.72,sell,,,0.1,,
594,220706712,2022-06-23 10:31:20,1,0.086,0.08590724,71.92,BTC-30DEC22-30000-C,20702.48,sell,,,0.1,,
595,220708021,2022-06-23 10:48:32,2,0.0855,0.08563252,71.66,BTC-30DEC22-30000-C,20716.41,sell,,,0.1,,
596,220708024,2022-06-23 10:48:36,3,0.0855,0.0855735,71.69,BTC-30DEC22-30000-C,20710.51,sell,,,0.1,,
597,220708038,2022-06-23 10:48:40,3,0.0855,0.08557476,71.69,BTC-30DEC22-30000-C,20708.05,sell,,,0.2,,
598,220708039,2022-06-23 10:48:40,3,0.0855,0.08558214,71.69,BTC-30DEC22-30000-C,20708.05,sell,,,0.1,,
599,220708040,2022-06-23 10:48:41,3,0.0855,0.08558214,71.69,BTC-30DEC22-30000-C,20701.88,sell,,,0.1,,
600,220708041,2022-06-23 10:48:41,3,0.0855,0.08558214,71.69,BTC-30DEC22-30000-C,20701.88,sell,,,0.1,,
601,220708117,2022-06-23 10:49:11,3,0.0855,0.08563879,71.69,BTC-30DEC22-30000-C,20701.77,sell,,,0.1,,
602,220708122,2022-06-23 10:49:17,3,0.0855,0.08553743,71.75,BTC-30DEC22-30000-C,20689.49,sell,,,0.1,,
603,220708124,2022-06-23 10:49:17,3,0.0855,0.08553743,71.75,BTC-30DEC22-30000-C,20689.49,sell,,,0.1,,
604,220708126,2022-06-23 10:49:17,3,0.0855,0.08553743,71.75,BTC-30DEC22-30000-C,20689.49,sell,,,0.1,,
605,220708127,2022-06-23 10:49:17,3,0.0855,0.08553743,71.75,BTC-30DEC22-30000-C,20689.49,sell,,,0.1,,
606,220708128,2022-06-23 10:49:17,3,0.0855,0.08553743,71.75,BTC-30DEC22-30000-C,20689.49,sell,,,0.1,,
607,220708230,2022-06-23 10:50:16,3,0.0855,0.08557904,71.79,BTC-30DEC22-30000-C,20684.18,sell,,,0.1,,
608,220708231,2022-06-23 10:50:16,3,0.0855,0.08557904,71.79,BTC-30DEC22-30000-C,20684.18,sell,,,0.1,,
609,220708282,2022-06-23 10:51:52,3,0.0855,0.08565199,71.8,BTC-30DEC22-30000-C,20681.83,sell,,,0.1,,
610,220708283,2022-06-23 10:51:52,3,0.0855,0.08565199,71.8,BTC-30DEC22-30000-C,20681.83,sell,,,0.1,,
611,220708284,2022-06-23 10:51:52,3,0.0855,0.08565199,71.8,BTC-30DEC22-30000-C,20681.83,sell,,,0.1,,
612,220708305,2022-06-23 10:52:09,3,0.0855,0.08561404,71.8,BTC-30DEC22-30000-C,20680.37,sell,,,0.1,,
613,220708375,2022-06-23 10:54:12,3,0.0855,0.08554358,71.83,BTC-30DEC22-30000-C,20673.48,sell,,,0.1,,
614,220841698,2022-06-24 07:42:18,2,0.0845,0.08553947,70.3,BTC-30DEC22-30000-C,20950.24,buy,,,1.0,,
615,220846566,2022-06-24 07:54:59,2,0.083,0.08424886,70.18,BTC-30DEC22-30000-C,20856.38,buy,,,1.0,,
616,220857378,2022-06-24 08:36:47,0,0.0845,0.09529901,70.03,BTC-30DEC22-30000-C,21003.72,sell,,,3.0,,
617,220870136,2022-06-24 10:47:09,2,0.0825,0.08391109,69.65,BTC-30DEC22-30000-C,20883.72,sell,,,10.0,,
618,220897230,2022-06-24 14:51:01,0,0.087,0.08693268,70.43,BTC-30DEC22-30000-C,21095.07,sell,,,0.4,,
619,220897949,2022-06-24 15:01:24,2,0.085,0.08651535,69.71,BTC-30DEC22-30000-C,21101.36,sell,,,3.0,,
620,220897950,2022-06-24 15:01:24,3,0.085,0.08651363,69.71,BTC-30DEC22-30000-C,21101.65,sell,,,1.0,,
621,220900873,2022-06-24 15:25:40,2,0.084,0.08447589,70.11,BTC-30DEC22-30000-C,20926.96,buy,,,0.5,,
622,220981202,2022-06-25 18:05:28,0,0.0895,0.09017761,71.7,BTC-30DEC22-30000-C,21085.07,sell,,,1.0,,
623,220992129,2022-06-25 22:59:16,0,0.0905,0.09018889,70.57,BTC-30DEC22-30000-C,21419.31,buy,,,0.2,,
624,220992711,2022-06-25 23:16:32,1,0.0905,0.09047261,70.42,BTC-30DEC22-30000-C,21458.19,sell,,,0.2,,
625,220993612,2022-06-25 23:49:20,1,0.0905,0.0903071,70.36,BTC-30DEC22-30000-C,21466.7,sell,,,0.2,,
626,221101768,2022-06-27 14:36:09,2,0.082,0.08203353,70.97,BTC-30DEC22-30000-C,20682.64,sell,,,1.3,,
627,221114555,2022-06-27 17:12:37,2,0.0811,0.08224366,70.32,BTC-30DEC22-30000-C,20739.0,sell,,43431,100.0,,
628,221157412,2022-06-28 08:10:38,0,0.0865,0.08681401,72.03,BTC-30DEC22-30000-C,20871.77,sell,,,1.0,,
629,221175717,2022-06-28 13:52:30,2,0.0859,0.0866781,70.82,BTC-30DEC22-30000-C,21078.12,sell,,43466,50.0,,
630,221181236,2022-06-28 14:35:51,2,0.083,0.08293995,71.25,BTC-30DEC22-30000-C,20738.49,buy,,,0.1,,
631,221181285,2022-06-28 14:36:12,3,0.083,0.08287474,71.26,BTC-30DEC22-30000-C,20732.96,buy,,,0.1,,
632,221181288,2022-06-28 14:36:12,3,0.083,0.08287474,71.26,BTC-30DEC22-30000-C,20732.96,buy,,,0.1,,
633,221181289,2022-06-28 14:36:12,3,0.083,0.08287474,71.26,BTC-30DEC22-30000-C,20732.96,buy,,,0.1,,
634,221181290,2022-06-28 14:36:12,3,0.083,0.08287474,71.26,BTC-30DEC22-30000-C,20732.96,buy,,,0.1,,
635,221181292,2022-06-28 14:36:12,3,0.083,0.08287474,71.26,BTC-30DEC22-30000-C,20732.96,buy,,,0.1,,
636,221181491,2022-06-28 14:37:55,3,0.083,0.08299674,71.23,BTC-30DEC22-30000-C,20741.99,buy,,,0.1,,
637,221181563,2022-06-28 14:38:15,3,0.083,0.08290361,71.24,BTC-30DEC22-30000-C,20738.79,buy,,,0.1,,
638,221181566,2022-06-28 14:38:15,3,0.083,0.08290361,71.24,BTC-30DEC22-30000-C,20738.79,buy,,,0.1,,
639,221181568,2022-06-28 14:38:15,3,0.083,0.08290361,71.24,BTC-30DEC22-30000-C,20738.79,buy,,,0.1,,
640,221181569,2022-06-28 14:38:15,3,0.083,0.08290361,71.24,BTC-30DEC22-30000-C,20738.79,buy,,,0.1,,
641,221181575,2022-06-28 14:38:15,3,0.083,0.08290361,71.24,BTC-30DEC22-30000-C,20738.79,buy,,,0.1,,
642,221181576,2022-06-28 14:38:15,3,0.083,0.08290361,71.24,BTC-30DEC22-30000-C,20738.79,buy,,,0.1,,
643,221181582,2022-06-28 14:38:16,3,0.083,0.08290361,71.24,BTC-30DEC22-30000-C,20740.47,buy,,,0.1,,
644,221181584,2022-06-28 14:38:16,3,0.083,0.08290361,71.24,BTC-30DEC22-30000-C,20740.47,buy,,,0.2,,
645,221181585,2022-06-28 14:38:16,3,0.083,0.08290361,71.24,BTC-30DEC22-30000-C,20740.47,buy,,,0.1,,
646,221181586,2022-06-28 14:38:16,3,0.083,0.08290361,71.24,BTC-30DEC22-30000-C,20740.47,buy,,,0.1,,
647,221183985,2022-06-28 15:03:43,3,0.083,0.08327497,71.02,BTC-30DEC22-30000-C,20788.56,sell,,,2.5,,
648,221184967,2022-06-28 15:20:36,2,0.082,0.08217575,71.01,BTC-30DEC22-30000-C,20711.53,sell,,,1.7,,
649,221190164,2022-06-28 16:09:05,2,0.081,0.08104009,71.16,BTC-30DEC22-30000-C,20594.77,buy,,,0.1,,
650,221190167,2022-06-28 16:09:05,3,0.081,0.08104009,71.16,BTC-30DEC22-30000-C,20594.77,buy,,,0.1,,
651,221190173,2022-06-28 16:09:05,3,0.081,0.08104162,71.14,BTC-30DEC22-30000-C,20598.7,buy,,,0.1,,
652,221190176,2022-06-28 16:09:05,3,0.081,0.08104162,71.14,BTC-30DEC22-30000-C,20598.7,buy,,,0.1,,
653,221190187,2022-06-28 16:09:19,3,0.081,0.08104256,71.13,BTC-30DEC22-30000-C,20600.2,buy,,,0.1,,
654,221190188,2022-06-28 16:09:19,3,0.081,0.08104256,71.13,BTC-30DEC22-30000-C,20600.2,buy,,,0.1,,
655,221190192,2022-06-28 16:09:19,3,0.081,0.08104256,71.13,BTC-30DEC22-30000-C,20600.2,buy,,,0.1,,
656,221190194,2022-06-28 16:09:19,3,0.081,0.08104256,71.13,BTC-30DEC22-30000-C,20600.2,buy,,,0.1,,
657,221190202,2022-06-28 16:09:22,3,0.081,0.08105749,71.13,BTC-30DEC22-30000-C,20602.53,buy,,,0.1,,
658,221190204,2022-06-28 16:09:22,3,0.081,0.08105749,71.13,BTC-30DEC22-30000-C,20602.53,buy,,,0.1,,
659,221190216,2022-06-28 16:09:22,3,0.081,0.08105749,71.13,BTC-30DEC22-30000-C,20602.53,buy,,,0.1,,
660,221190217,2022-06-28 16:09:22,3,0.081,0.08105749,71.13,BTC-30DEC22-30000-C,20602.53,buy,,,0.1,,
661,221190225,2022-06-28 16:09:23,3,0.081,0.0810708,71.11,BTC-30DEC22-30000-C,20604.31,buy,,,0.2,,
662,221190226,2022-06-28 16:09:23,3,0.081,0.0810708,71.11,BTC-30DEC22-30000-C,20604.31,buy,,,0.1,,
663,221190229,2022-06-28 16:09:24,3,0.081,0.08108537,71.11,BTC-30DEC22-30000-C,20604.31,buy,,,0.1,,
664,221190236,2022-06-28 16:09:28,3,0.081,0.08112178,71.1,BTC-30DEC22-30000-C,20609.93,buy,,,0.1,,
665,221190247,2022-06-28 16:09:30,3,0.081,0.08112988,71.09,BTC-30DEC22-30000-C,20609.31,buy,,,0.1,,
666,221190266,2022-06-28 16:09:31,3,0.081,0.08112743,71.09,BTC-30DEC22-30000-C,20609.43,buy,,,0.1,,
667,221190270,2022-06-28 16:09:31,3,0.081,0.08112743,71.08,BTC-30DEC22-30000-C,20611.02,buy,,,0.1,,
668,221190272,2022-06-28 16:09:31,3,0.081,0.08112743,71.08,BTC-30DEC22-30000-C,20611.02,buy,,,0.1,,
669,221190274,2022-06-28 16:09:31,3,0.081,0.08112743,71.08,BTC-30DEC22-30000-C,20611.02,buy,,,0.1,,
670,221190276,2022-06-28 16:09:31,3,0.081,0.08112777,71.08,BTC-30DEC22-30000-C,20611.02,buy,,,0.1,,
671,221190281,2022-06-28 16:09:31,3,0.081,0.08112777,71.08,BTC-30DEC22-30000-C,20611.02,buy,,,0.1,,
672,221190288,2022-06-28 16:09:32,3,0.081,0.08112777,71.08,BTC-30DEC22-30000-C,20611.02,buy,,,0.1,,
673,221190290,2022-06-28 16:09:32,3,0.081,0.08112777,71.08,BTC-30DEC22-30000-C,20611.02,buy,,,0.1,,
674,221190336,2022-06-28 16:09:43,3,0.081,0.08113096,71.09,BTC-30DEC22-30000-C,20608.75,buy,,,0.1,,
675,221191345,2022-06-28 16:15:35,3,0.081,0.08107084,71.01,BTC-30DEC22-30000-C,20610.65,buy,,,0.2,,
676,221191350,2022-06-28 16:15:36,3,0.081,0.08106573,71.01,BTC-30DEC22-30000-C,20609.26,buy,,,0.1,,
677,221194998,2022-06-28 17:17:33,0,0.082,0.08171524,71.44,BTC-30DEC22-30000-C,20619.57,buy,,,0.1,,
678,221198403,2022-06-28 18:09:24,2,0.08,0.08061203,71.17,BTC-30DEC22-30000-C,20501.45,sell,,,2.0,,
679,221199247,2022-06-28 18:09:39,2,0.079,0.07939196,71.17,BTC-30DEC22-30000-C,20423.92,sell,,,0.9,,
680,221339525,2022-06-29 18:02:53,2,0.0775,0.07783405,72.32,BTC-30DEC22-30000-C,20092.07,sell,,,1.9,,
681,221342570,2022-06-29 19:09:52,3,0.0775,0.07747448,72.42,BTC-30DEC22-30000-C,20064.86,sell,,,1.7,,
682,221342578,2022-06-29 19:09:52,3,0.0775,0.07747448,72.42,BTC-30DEC22-30000-C,20064.86,sell,,,0.4,,
683,221342616,2022-06-29 19:10:00,3,0.0775,0.07749992,72.4,BTC-30DEC22-30000-C,20067.35,sell,,,1.0,,
684,221344707,2022-06-29 19:51:30,0,0.078,0.07761251,72.33,BTC-30DEC22-30000-C,20130.56,sell,,,2.4,,
685,221346146,2022-06-29 20:00:54,0,0.079,0.07821356,72.3,BTC-30DEC22-30000-C,20228.21,sell,,,0.1,,
686,221408120,2022-06-30 07:27:11,2,0.0735,0.07487012,73.87,BTC-30DEC22-30000-C,19424.25,sell,,,0.8,,
687,221444524,2022-06-30 12:54:21,2,0.0705,0.07115116,73.66,BTC-30DEC22-30000-C,19198.25,sell,,,7.0,,
688,221459242,2022-06-30 14:17:44,2,0.0675,0.06872465,73.73,BTC-30DEC22-30000-C,18931.17,sell,,,5.0,,
689,221459315,2022-06-30 14:18:27,3,0.0675,0.0688512,73.66,BTC-30DEC22-30000-C,18945.9,sell,,,5.0,,
690,221466802,2022-06-30 15:27:13,0,0.071,0.0709442,73.87,BTC-30DEC22-30000-C,19222.08,sell,,,1.9,,
691,221466803,2022-06-30 15:27:13,1,0.071,0.0709442,73.87,BTC-30DEC22-30000-C,19222.08,sell,,,0.4,,
692,221466816,2022-06-30 15:27:21,0,0.0715,0.07094192,74.07,BTC-30DEC22-30000-C,19227.03,sell,,,0.7,,
693,221467186,2022-06-30 15:31:15,2,0.071,0.07092233,73.97,BTC-30DEC22-30000-C,19193.1,sell,,,0.1,,
694,221469812,2022-06-30 16:11:02,2,0.0705,0.0701559,74.33,BTC-30DEC22-30000-C,19054.16,sell,,,0.2,,
695,221469813,2022-06-30 16:11:02,3,0.0705,0.0701559,74.33,BTC-30DEC22-30000-C,19054.16,sell,,,5.8,,
696,221470753,2022-06-30 16:30:48,0,0.0715,0.071314,74.19,BTC-30DEC22-30000-C,19185.07,sell,,,0.9,,
697,221470946,2022-06-30 16:31:21,0,0.072,0.07141728,74.24,BTC-30DEC22-30000-C,19221.59,buy,,,2.1,,
698,221474288,2022-06-30 17:28:03,2,0.0705,0.07079438,74.27,BTC-30DEC22-30000-C,19075.9,sell,,,3.0,,
699,221477411,2022-06-30 18:24:43,2,0.07,0.07009721,74.17,BTC-30DEC22-30000-C,19054.32,sell,,,0.1,,
700,221477414,2022-06-30 18:24:43,3,0.07,0.07009721,74.17,BTC-30DEC22-30000-C,19054.32,sell,,,0.1,,
701,221477416,2022-06-30 18:24:44,3,0.07,0.07008215,74.16,BTC-30DEC22-30000-C,19054.16,sell,,,0.1,,
702,221477422,2022-06-30 18:24:44,3,0.07,0.07008215,74.17,BTC-30DEC22-30000-C,19053.24,sell,,,0.1,,
703,221477426,2022-06-30 18:24:44,3,0.07,0.07008215,74.17,BTC-30DEC22-30000-C,19053.24,sell,,,0.1,,
704,221477427,2022-06-30 18:24:45,3,0.07,0.07008417,74.17,BTC-30DEC22-30000-C,19053.24,sell,,,0.1,,
705,221477430,2022-06-30 18:24:45,3,0.07,0.07008417,74.17,BTC-30DEC22-30000-C,19053.24,sell,,,0.1,,
706,221477437,2022-06-30 18:24:45,3,0.07,0.07008417,74.17,BTC-30DEC22-30000-C,19053.24,sell,,,0.2,,
707,221477438,2022-06-30 18:24:45,3,0.07,0.07008417,74.17,BTC-30DEC22-30000-C,19053.24,sell,,,0.1,,
708,221477441,2022-06-30 18:24:45,3,0.07,0.07008417,74.17,BTC-30DEC22-30000-C,19053.24,sell,,,0.1,,
709,221477444,2022-06-30 18:24:45,3,0.07,0.07008417,74.17,BTC-30DEC22-30000-C,19053.24,sell,,,0.1,,
710,221477445,2022-06-30 18:24:45,3,0.07,0.07008417,74.17,BTC-30DEC22-30000-C,19053.24,sell,,,0.1,,
711,221477450,2022-06-30 18:24:45,3,0.07,0.07008417,74.17,BTC-30DEC22-30000-C,19053.24,sell,,,0.1,,
712,221477451,2022-06-30 18:24:45,3,0.07,0.07008417,74.17,BTC-30DEC22-30000-C,19053.24,sell,,,0.1,,
713,221477454,2022-06-30 18:24:45,3,0.07,0.07008417,74.17,BTC-30DEC22-30000-C,19053.24,sell,,,0.1,,
714,221477470,2022-06-30 18:24:50,3,0.07,0.07003779,74.18,BTC-30DEC22-30000-C,19049.22,sell,,,0.1,,
715,221477561,2022-06-30 18:25:07,3,0.07,0.06994163,74.23,BTC-30DEC22-30000-C,19036.27,sell,,,0.1,,
716,221477563,2022-06-30 18:25:07,3,0.07,0.06994163,74.23,BTC-30DEC22-30000-C,19036.27,sell,,,0.1,,
717,221477565,2022-06-30 18:25:07,3,0.07,0.06994163,74.23,BTC-30DEC22-30000-C,19036.27,sell,,,0.1,,
718,221477567,2022-06-30 18:25:07,3,0.07,0.06994163,74.23,BTC-30DEC22-30000-C,19036.27,sell,,,0.1,,
719,221477569,2022-06-30 18:25:07,3,0.07,0.06994163,74.23,BTC-30DEC22-30000-C,19036.27,sell,,,0.1,,
720,221477571,2022-06-30 18:25:07,3,0.07,0.06994163,74.23,BTC-30DEC22-30000-C,19036.27,sell,,,0.1,,
721,221477572,2022-06-30 18:25:07,3,0.07,0.06994163,74.23,BTC-30DEC22-30000-C,19036.27,sell,,,0.1,,
722,221477977,2022-06-30 18:32:24,3,0.07,0.07024066,74.27,BTC-30DEC22-30000-C,19035.8,sell,,,0.1,,
723,221477978,2022-06-30 18:32:24,3,0.07,0.07024066,74.27,BTC-30DEC22-30000-C,19035.8,sell,,,0.1,,
724,221477988,2022-06-30 18:32:33,3,0.07,0.07018919,74.29,BTC-30DEC22-30000-C,19026.17,sell,,,0.1,,
725,221477989,2022-06-30 18:32:33,3,0.07,0.07018919,74.29,BTC-30DEC22-30000-C,19026.17,sell,,,0.1,,
726,221477991,2022-06-30 18:32:33,3,0.07,0.07018919,74.29,BTC-30DEC22-30000-C,19026.17,sell,,,0.1,,
727,221477995,2022-06-30 18:32:33,3,0.07,0.07018919,74.29,BTC-30DEC22-30000-C,19026.17,sell,,,0.1,,
728,221477997,2022-06-30 18:32:34,3,0.07,0.07018919,74.29,BTC-30DEC22-30000-C,19026.17,sell,,,0.1,,
729,221477998,2022-06-30 18:32:34,3,0.07,0.07018919,74.29,BTC-30DEC22-30000-C,19026.17,sell,,,0.1,,
730,221477999,2022-06-30 18:32:34,3,0.07,0.07018919,74.29,BTC-30DEC22-30000-C,19026.17,sell,,,0.1,,
731,221478001,2022-06-30 18:32:34,3,0.07,0.07018919,74.29,BTC-30DEC22-30000-C,19026.17,sell,,,0.1,,
732,221478002,2022-06-30 18:32:34,3,0.07,0.07018919,74.29,BTC-30DEC22-30000-C,19026.17,sell,,,0.1,,
733,221478008,2022-06-30 18:32:34,3,0.07,0.07018919,74.3,BTC-30DEC22-30000-C,19024.02,sell,,,0.1,,
734,221478011,2022-06-30 18:32:35,3,0.07,0.07017148,74.31,BTC-30DEC22-30000-C,19021.87,sell,,,0.1,,
735,221478013,2022-06-30 18:32:35,3,0.07,0.07017148,74.31,BTC-30DEC22-30000-C,19021.87,sell,,,0.1,,
736,221478014,2022-06-30 18:32:35,3,0.07,0.07017148,74.31,BTC-30DEC22-30000-C,19021.87,sell,,,0.1,,
737,221478017,2022-06-30 18:32:35,3,0.07,0.07017148,74.31,BTC-30DEC22-30000-C,19021.87,sell,,,0.1,,
738,221478020,2022-06-30 18:32:35,3,0.07,0.07017148,74.31,BTC-30DEC22-30000-C,19021.87,sell,,,0.1,,
739,221478025,2022-06-30 18:32:36,3,0.07,0.07017148,74.31,BTC-30DEC22-30000-C,19021.87,sell,,,0.1,,
740,221478027,2022-06-30 18:32:36,3,0.07,0.07017148,74.31,BTC-30DEC22-30000-C,19021.87,sell,,,0.1,,
741,221478029,2022-06-30 18:32:36,3,0.07,0.07017148,74.31,BTC-30DEC22-30000-C,19021.87,sell,,,0.1,,
742,221478043,2022-06-30 18:32:49,3,0.07,0.07015253,74.32,BTC-30DEC22-30000-C,19019.38,sell,,,0.1,,
743,221478045,2022-06-30 18:32:49,3,0.07,0.07015253,74.32,BTC-30DEC22-30000-C,19019.38,sell,,,0.1,,
744,221478047,2022-06-30 18:32:49,3,0.07,0.07015253,74.32,BTC-30DEC22-30000-C,19019.38,sell,,,0.1,,
745,221478472,2022-06-30 18:38:32,3,0.07,0.0702094,74.27,BTC-30DEC22-30000-C,19028.58,sell,,,1.3,,
746,221478611,2022-06-30 18:40:35,0,0.0705,0.07006147,74.5,BTC-30DEC22-30000-C,19035.5,buy,,,2.5,,
747,221478614,2022-06-30 18:40:35,1,0.0705,0.07006147,74.5,BTC-30DEC22-30000-C,19035.5,sell,,,0.1,,
748,221478616,2022-06-30 18:40:35,1,0.0705,0.07006147,74.5,BTC-30DEC22-30000-C,19035.5,sell,,,0.1,,
749,221478617,2022-06-30 18:40:35,1,0.0705,0.07006147,74.5,BTC-30DEC22-30000-C,19035.5,sell,,,0.1,,
750,221478620,2022-06-30 18:40:35,1,0.0705,0.07006147,74.5,BTC-30DEC22-30000-C,19035.5,sell,,,0.1,,
751,221478622,2022-06-30 18:40:37,1,0.0705,0.07010823,74.48,BTC-30DEC22-30000-C,19038.34,sell,,,0.1,,
752,221478623,2022-06-30 18:40:37,1,0.0705,0.07010823,74.48,BTC-30DEC22-30000-C,19038.34,sell,,,0.1,,
753,221478625,2022-06-30 18:40:37,1,0.0705,0.07010823,74.48,BTC-30DEC22-30000-C,19038.34,sell,,,0.1,,
754,221478627,2022-06-30 18:40:37,1,0.0705,0.07010823,74.48,BTC-30DEC22-30000-C,19038.34,sell,,,0.1,,
755,221478632,2022-06-30 18:40:38,1,0.0705,0.07014299,74.48,BTC-30DEC22-30000-C,19038.67,sell,,,0.1,,
756,221478633,2022-06-30 18:40:38,1,0.0705,0.07014299,74.48,BTC-30DEC22-30000-C,19038.67,sell,,,0.1,,
757,221478636,2022-06-30 18:40:38,1,0.0705,0.07014299,74.48,BTC-30DEC22-30000-C,19038.67,sell,,,0.1,,
758,221482465,2022-06-30 19:22:22,1,0.0705,0.07044821,74.65,BTC-30DEC22-30000-C,18988.02,buy,,,3.4,,
759,221485854,2022-06-30 20:05:54,2,0.07,0.07074515,74.89,BTC-30DEC22-30000-C,18891.65,sell,,,1.5,,
760,221495819,2022-06-30 21:00:13,2,0.069,0.06878954,75.18,BTC-30DEC22-30000-C,18739.58,buy,,,0.8,,
761,221495820,2022-06-30 21:00:13,0,0.0695,0.06878954,75.4,BTC-30DEC22-30000-C,18739.58,buy,,,2.3,,
762,221510402,2022-06-30 22:50:45,0,0.0715,0.07037308,75.48,BTC-30DEC22-30000-C,18920.94,sell,,,0.9,,M
763,221510422,2022-06-30 22:51:02,0,0.072,0.07049256,75.68,BTC-30DEC22-30000-C,18924.66,buy,,,1.1,,T
764,221532825,2022-07-01 00:29:21,0,0.0845,0.08410559,74.06,BTC-30DEC22-30000-C,20387.72,buy,,,3.6,,
765,221532826,2022-07-01 00:29:21,1,0.0845,0.08426239,74.06,BTC-30DEC22-30000-C,20387.72,buy,,,0.1,,
766,221532827,2022-07-01 00:29:21,1,0.0845,0.08426239,74.06,BTC-30DEC22-30000-C,20387.72,buy,,,2.3,,
767,221568145,2022-07-01 03:03:57,2,0.0815,0.08182561,73.39,BTC-30DEC22-30000-C,20235.77,sell,,,1.0,,
768,221570653,2022-07-01 03:17:08,2,0.08,0.08072919,73.31,BTC-30DEC22-30000-C,20141.29,sell,,,1.0,,
769,221570654,2022-07-01 03:17:15,3,0.08,0.08074456,73.3,BTC-30DEC22-30000-C,20143.41,sell,,,1.0,,
770,221613171,2022-07-01 08:28:04,2,0.076,0.07532863,73.99,BTC-30DEC22-30000-C,19646.03,sell,,,2.0,,
771,221613172,2022-07-01 08:28:04,3,0.076,0.07532863,73.99,BTC-30DEC22-30000-C,19646.03,sell,,,1.4,,
772,221613176,2022-07-01 08:28:04,3,0.076,0.07532863,73.99,BTC-30DEC22-30000-C,19646.03,sell,,,2.2,,
773,221613194,2022-07-01 08:28:12,3,0.076,0.0754077,74.01,BTC-30DEC22-30000-C,19640.31,sell,,,2.0,,
774,221613195,2022-07-01 08:28:12,3,0.076,0.0754077,74.01,BTC-30DEC22-30000-C,19640.31,sell,,,0.1,,
775,221613221,2022-07-01 08:28:23,3,0.076,0.07521572,74.11,BTC-30DEC22-30000-C,19623.89,sell,,,2.1,,
776,221613419,2022-07-01 08:30:40,3,0.076,0.07527521,74.09,BTC-30DEC22-30000-C,19614.5,sell,,,0.2,,
777,221616618,2022-07-01 09:00:04,2,0.0735,0.07413755,73.6,BTC-30DEC22-30000-C,19493.93,buy,,,2.5,,
778,221640613,2022-07-01 13:45:48,0,0.0745,0.07414402,74.0,BTC-30DEC22-30000-C,19536.2,sell,,,0.3,,
779,221650139,2022-07-01 15:29:08,2,0.073,0.07322242,74.15,BTC-30DEC22-30000-C,19383.11,sell,,,2.1,,
780,221650140,2022-07-01 15:29:10,3,0.073,0.07321028,74.16,BTC-30DEC22-30000-C,19382.3,sell,,,0.9,,
781,221650218,2022-07-01 15:30:56,0,0.0735,0.07310953,74.3,BTC-30DEC22-30000-C,19399.51,sell,,,3.0,,
782,221653523,2022-07-01 15:56:27,2,0.0725,0.0722654,74.61,BTC-30DEC22-30000-C,19234.07,sell,,,6.0,,
783,221657096,2022-07-01 16:37:23,0,0.0735,0.07336077,74.4,BTC-30DEC22-30000-C,19359.33,sell,,,2.0,,
784,221657097,2022-07-01 16:37:23,1,0.0735,0.07336077,74.4,BTC-30DEC22-30000-C,19359.33,sell,,,0.2,,
785,221657098,2022-07-01 16:37:23,1,0.0735,0.07336077,74.4,BTC-30DEC22-30000-C,19359.33,sell,,,0.1,,
786,221659431,2022-07-01 17:28:05,0,0.0745,0.07406606,74.74,BTC-30DEC22-30000-C,19390.73,sell,,,5.3,,
787,221659432,2022-07-01 17:28:05,1,0.0745,0.07406606,74.74,BTC-30DEC22-30000-C,19390.73,sell,,,0.1,,
788,221660851,2022-07-01 17:43:54,0,0.075,0.07500177,74.59,BTC-30DEC22-30000-C,19454.73,sell,,,0.1,,
789,221660852,2022-07-01 17:43:54,1,0.075,0.07500177,74.59,BTC-30DEC22-30000-C,19454.73,sell,,,0.1,,
790,221660853,2022-07-01 17:43:54,1,0.075,0.07500177,74.59,BTC-30DEC22-30000-C,19454.73,sell,,,0.1,,
791,221660858,2022-07-01 17:44:00,1,0.075,0.07494628,74.61,BTC-30DEC22-30000-C,19449.27,sell,,,0.1,,
792,221660862,2022-07-01 17:44:00,1,0.075,0.07494628,74.61,BTC-30DEC22-30000-C,19449.27,sell,,,0.1,,
793,221660867,2022-07-01 17:44:01,1,0.075,0.07494628,74.61,BTC-30DEC22-30000-C,19449.27,sell,,,0.2,,
794,221660868,2022-07-01 17:44:01,1,0.075,0.07494628,74.61,BTC-30DEC22-30000-C,19449.27,sell,,,0.1,,
795,221660869,2022-07-01 17:44:01,1,0.075,0.07494628,74.61,BTC-30DEC22-30000-C,19449.27,sell,,,0.2,,
796,221660870,2022-07-01 17:44:01,1,0.075,0.07494628,74.61,BTC-30DEC22-30000-C,19449.27,sell,,,0.1,,
797,221660871,2022-07-01 17:44:01,1,0.075,0.07494628,74.61,BTC-30DEC22-30000-C,19449.27,sell,,,0.1,,
798,221660872,2022-07-01 17:44:01,1,0.075,0.07494628,74.61,BTC-30DEC22-30000-C,19449.27,sell,,,0.1,,
799,221665875,2022-07-01 19:50:03,2,0.0735,0.07363359,74.62,BTC-30DEC22-30000-C,19338.46,sell,,,1.8,,
800,221665912,2022-07-01 19:50:55,3,0.0735,0.07345648,74.7,BTC-30DEC22-30000-C,19322.47,sell,,,1.2,,
801,221666244,2022-07-01 19:59:28,0,0.074,0.07376195,74.7,BTC-30DEC22-30000-C,19362.73,sell,,,1.9,,
802,221666712,2022-07-01 20:09:32,0,0.075,0.07402159,74.78,BTC-30DEC22-30000-C,19434.51,buy,,,1.1,,
803,221739253,2022-07-03 04:50:13,2,0.0675,0.07022365,73.36,BTC-30DEC22-30000-C,19080.44,sell,,,3.8,,
804,221739254,2022-07-03 04:50:13,3,0.0675,0.07022365,73.36,BTC-30DEC22-30000-C,19080.44,sell,,,1.3,,
805,221739321,2022-07-03 04:50:45,3,0.0675,0.07030838,73.42,BTC-30DEC22-30000-C,19063.47,sell,,,3.7,,
806,221739322,2022-07-03 04:50:45,3,0.0675,0.07030838,73.42,BTC-30DEC22-30000-C,19063.47,sell,,,0.1,,
807,221739323,2022-07-03 04:50:45,3,0.0675,0.07030838,73.42,BTC-30DEC22-30000-C,19063.47,sell,,,0.1,,
808,221739554,2022-07-03 04:52:22,3,0.0675,0.07030455,73.61,BTC-30DEC22-30000-C,19028.42,sell,,,1.0,,
809,221740534,2022-07-03 04:54:37,2,0.067,0.06958004,73.81,BTC-30DEC22-30000-C,18938.73,sell,,,15.3,,
810,221740535,2022-07-03 04:54:37,3,0.067,0.06958004,73.81,BTC-30DEC22-30000-C,18938.73,sell,,,4.7,,
811,221766471,2022-07-03 13:19:49,2,0.0665,0.06851689,73.33,BTC-30DEC22-30000-C,19007.32,sell,,,0.1,,
812,221779517,2022-07-03 19:50:30,0,0.071,0.07056596,73.2,BTC-30DEC22-30000-C,19447.19,buy,,,0.2,,
813,221782257,2022-07-03 20:07:58,0,0.072,0.07148297,73.04,BTC-30DEC22-30000-C,19586.3,buy,,,0.1,,
814,221793994,2022-07-04 01:12:43,2,0.071,0.07084079,74.78,BTC-30DEC22-30000-C,19127.95,buy,,,2.0,,
815,221794424,2022-07-04 01:16:54,0,0.0715,0.07077176,74.8,BTC-30DEC22-30000-C,19173.76,buy,,,2.4,,
816,221805818,2022-07-04 08:13:39,2,0.069,0.06924787,74.06,BTC-30DEC22-30000-C,19120.32,buy,,,2.5,,
817,221830902,2022-07-04 12:15:46,0,0.073,0.07301378,72.99,BTC-30DEC22-30000-C,19709.41,buy,,,0.3,,
818,221872476,2022-07-04 18:00:44,2,0.0725,0.07382551,72.0,BTC-30DEC22-30000-C,19878.28,sell,,,1.7,,
819,221955426,2022-07-05 08:06:28,0,0.0745,0.07427996,72.05,BTC-30DEC22-30000-C,20049.84,buy,,,2.0,,
820,221955431,2022-07-05 08:06:28,1,0.0745,0.07427996,72.05,BTC-30DEC22-30000-C,20049.84,buy,,,0.1,,
821,221988556,2022-07-05 12:51:35,2,0.068,0.0676987,72.34,BTC-30DEC22-30000-C,19416.44,sell,,,3.1,,
822,221996330,2022-07-05 13:48:04,0,0.0695,0.06886117,72.74,BTC-30DEC22-30000-C,19480.98,buy,,,2.0,,
823,221996993,2022-07-05 13:54:29,2,0.069,0.06872811,72.79,BTC-30DEC22-30000-C,19408.84,sell,,,3.5,,
824,221997003,2022-07-05 13:54:32,3,0.069,0.06871459,72.8,BTC-30DEC22-30000-C,19407.25,sell,,,0.1,,
825,221997154,2022-07-05 13:55:43,3,0.069,0.06876315,72.87,BTC-30DEC22-30000-C,19391.7,sell,,,0.1,,
826,221997157,2022-07-05 13:55:43,3,0.069,0.06876315,72.87,BTC-30DEC22-30000-C,19391.7,sell,,,0.2,,
827,221997158,2022-07-05 13:55:43,3,0.069,0.06876315,72.87,BTC-30DEC22-30000-C,19391.7,sell,,,0.1,,
828,221997159,2022-07-05 13:55:44,3,0.069,0.06876315,72.87,BTC-30DEC22-30000-C,19391.7,sell,,,0.1,,
829,221997161,2022-07-05 13:55:44,3,0.069,0.0687607,72.87,BTC-30DEC22-30000-C,19391.7,sell,,,0.1,,
830,221997163,2022-07-05 13:55:44,3,0.069,0.0687607,72.87,BTC-30DEC22-30000-C,19391.7,sell,,,0.1,,
831,221997164,2022-07-05 13:55:44,3,0.069,0.0687607,72.87,BTC-30DEC22-30000-C,19389.66,sell,,,0.1,,
832,221997165,2022-07-05 13:55:44,3,0.069,0.0687607,72.87,BTC-30DEC22-30000-C,19389.66,sell,,,0.1,,
833,221997167,2022-07-05 13:55:44,3,0.069,0.0687607,72.87,BTC-30DEC22-30000-C,19389.66,sell,,,0.2,,
834,221997168,2022-07-05 13:55:44,3,0.069,0.0687607,72.87,BTC-30DEC22-30000-C,19389.66,sell,,,0.1,,
835,221997169,2022-07-05 13:55:44,3,0.069,0.0687607,72.87,BTC-30DEC22-30000-C,19389.66,sell,,,0.1,,
836,221997172,2022-07-05 13:55:44,3,0.069,0.0687607,72.87,BTC-30DEC22-30000-C,19389.66,sell,,,0.1,,
837,221997259,2022-07-05 13:56:09,3,0.069,0.06867196,72.9,BTC-30DEC22-30000-C,19388.66,sell,,,0.1,,
838,221997260,2022-07-05 13:56:09,3,0.069,0.06867196,72.9,BTC-30DEC22-30000-C,19388.66,sell,,,0.1,,
839,221997261,2022-07-05 13:56:09,3,0.069,0.06867196,72.9,BTC-30DEC22-30000-C,19388.66,sell,,,0.1,,
840,221997264,2022-07-05 13:56:09,3,0.069,0.06867196,72.9,BTC-30DEC22-30000-C,19386.61,sell,,,0.2,,
841,221997265,2022-07-05 13:56:09,3,0.069,0.06867196,72.9,BTC-30DEC22-30000-C,19386.61,sell,,,0.1,,
842,221997271,2022-07-05 13:56:09,3,0.069,0.06867196,72.9,BTC-30DEC22-30000-C,19386.61,sell,,,0.1,,
843,221997273,2022-07-05 13:56:09,3,0.069,0.06867196,72.9,BTC-30DEC22-30000-C,19386.61,sell,,,0.1,,
844,221997274,2022-07-05 13:56:10,3,0.069,0.06867196,72.9,BTC-30DEC22-30000-C,19386.61,sell,,,0.1,,
845,221999715,2022-07-05 14:22:59,2,0.0685,0.0688201,72.51,BTC-30DEC22-30000-C,19443.79,sell,,,4.0,,
846,222004722,2022-07-05 15:15:26,3,0.0685,0.06806584,72.93,BTC-30DEC22-30000-C,19360.17,buy,,,3.1,,
847,222004723,2022-07-05 15:15:26,0,0.069,0.06806584,73.14,BTC-30DEC22-30000-C,19360.17,buy,,,2.8,,
848,222005771,2022-07-05 15:28:40,1,0.069,0.06874974,72.82,BTC-30DEC22-30000-C,19426.33,sell,,,0.1,,
849,222005777,2022-07-05 15:28:41,1,0.069,0.06873995,72.82,BTC-30DEC22-30000-C,19422.7,sell,,,0.1,,
850,222005778,2022-07-05 15:28:41,1,0.069,0.06873995,72.82,BTC-30DEC22-30000-C,19422.7,sell,,,0.1,,
851,222005780,2022-07-05 15:28:41,1,0.069,0.06873995,72.82,BTC-30DEC22-30000-C,19422.7,sell,,,0.1,,
852,222008209,2022-07-05 15:46:22,0,0.0695,0.06871608,72.98,BTC-30DEC22-30000-C,19432.25,sell,,,3.0,,
853,222008760,2022-07-05 15:56:20,0,0.07,0.06923757,72.88,BTC-30DEC22-30000-C,19507.1,buy,,,2.4,,
854,222008761,2022-07-05 15:56:20,1,0.07,0.06923757,72.88,BTC-30DEC22-30000-C,19507.1,buy,,,0.2,,
855,222017616,2022-07-05 17:15:08,0,0.071,0.07082375,72.86,BTC-30DEC22-30000-C,19606.17,buy,,,2.6,,
856,222017617,2022-07-05 17:15:08,1,0.071,0.07082375,72.86,BTC-30DEC22-30000-C,19606.17,sell,,,3.4,,
857,222020028,2022-07-05 17:34:46,0,0.072,0.07103452,72.75,BTC-30DEC22-30000-C,19723.2,sell,,,3.0,,
858,222095077,2022-07-06 02:41:08,0,0.0735,0.07341895,72.8,BTC-30DEC22-30000-C,19850.05,sell,,,2.0,,
859,222095184,2022-07-06 02:42:28,1,0.0735,0.07348367,72.82,BTC-30DEC22-30000-C,19848.53,sell,,,3.0,,
860,222096475,2022-07-06 03:06:35,1,0.0735,0.07370145,72.73,BTC-30DEC22-30000-C,19870.15,sell,,,2.8,,
861,222096513,2022-07-06 03:06:38,1,0.0735,0.07368402,72.72,BTC-30DEC22-30000-C,19869.8,sell,,,0.2,,
862,222096787,2022-07-06 03:11:24,2,0.073,0.07326718,72.71,BTC-30DEC22-30000-C,19812.83,sell,,,12.0,,
863,222097476,2022-07-06 03:18:40,2,0.0725,0.07241242,72.47,BTC-30DEC22-30000-C,19813.11,sell,,,1.0,,
864,222097477,2022-07-06 03:18:40,3,0.0725,0.07241242,72.47,BTC-30DEC22-30000-C,19813.11,sell,,,1.0,,
865,222098683,2022-07-06 03:37:53,0,0.073,0.07290657,72.44,BTC-30DEC22-30000-C,19870.01,sell,,,1.0,,
866,222109967,2022-07-06 05:23:26,0,0.0735,0.07377516,71.82,BTC-30DEC22-30000-C,20043.91,sell,,,0.1,,
867,222109968,2022-07-06 05:23:26,1,0.0735,0.07377516,71.82,BTC-30DEC22-30000-C,20043.66,sell,,,0.1,,
868,222109969,2022-07-06 05:23:26,1,0.0735,0.07377516,71.82,BTC-30DEC22-30000-C,20043.66,sell,,,0.1,,
869,222109970,2022-07-06 05:23:26,1,0.0735,0.07377516,71.82,BTC-30DEC22-30000-C,20043.66,sell,,,0.1,,
870,222109971,2022-07-06 05:23:26,1,0.0735,0.07376291,71.82,BTC-30DEC22-30000-C,20043.66,sell,,,0.1,,
871,222109972,2022-07-06 05:23:26,1,0.0735,0.07376291,71.82,BTC-30DEC22-30000-C,20043.66,sell,,,0.1,,
872,222109973,2022-07-06 05:23:28,1,0.0735,0.07373919,71.82,BTC-30DEC22-30000-C,20043.9,sell,,,0.3,,
873,222109975,2022-07-06 05:23:28,1,0.0735,0.07373919,71.82,BTC-30DEC22-30000-C,20043.9,sell,,,0.1,,
874,222110381,2022-07-06 05:24:46,2,0.073,0.07268836,71.81,BTC-30DEC22-30000-C,19998.55,sell,,,0.2,,
875,222110382,2022-07-06 05:24:46,3,0.073,0.07268836,71.81,BTC-30DEC22-30000-C,19998.55,sell,,,0.2,,
876,222110383,2022-07-06 05:24:46,3,0.073,0.07268836,71.81,BTC-30DEC22-30000-C,19998.55,sell,,,0.1,,
877,222110384,2022-07-06 05:24:46,3,0.073,0.07268836,71.81,BTC-30DEC22-30000-C,19998.55,sell,,,0.1,,
878,222110385,2022-07-06 05:24:46,3,0.073,0.07268836,71.81,BTC-30DEC22-30000-C,19998.55,sell,,,0.1,,
879,222110408,2022-07-06 05:24:47,3,0.073,0.07267612,71.82,BTC-30DEC22-30000-C,19997.97,sell,,,0.1,,
880,222110409,2022-07-06 05:24:47,3,0.073,0.07267612,71.82,BTC-30DEC22-30000-C,19997.97,sell,,,0.1,,
881,222110410,2022-07-06 05:24:47,3,0.073,0.07267612,71.82,BTC-30DEC22-30000-C,19997.97,sell,,,0.1,,
882,222110545,2022-07-06 05:24:49,3,0.073,0.07266723,71.83,BTC-30DEC22-30000-C,19987.19,sell,,,1.0,,
883,222111015,2022-07-06 05:26:16,2,0.0725,0.07194383,71.83,BTC-30DEC22-30000-C,19949.84,sell,,,1.0,,
884,222165324,2022-07-06 15:41:32,0,0.0745,0.07363537,72.31,BTC-30DEC22-30000-C,20054.05,sell,,,5.9,,
885,222166835,2022-07-06 16:03:58,2,0.074,0.07429558,71.73,BTC-30DEC22-30000-C,20137.12,sell,,,2.5,,
886,222166883,2022-07-06 16:04:36,3,0.074,0.07423724,71.75,BTC-30DEC22-30000-C,20128.54,sell,,,0.5,,
887,222169550,2022-07-06 16:45:32,0,0.075,0.07464632,71.8,BTC-30DEC22-30000-C,20213.16,buy,,,1.9,,
888,222169552,2022-07-06 16:45:32,1,0.075,0.07464632,71.8,BTC-30DEC22-30000-C,20213.16,buy,,,0.1,,
889,222169553,2022-07-06 16:45:32,1,0.075,0.07464632,71.8,BTC-30DEC22-30000-C,20213.16,buy,,,1.2,,
890,222170291,2022-07-06 16:47:47,0,0.0755,0.07523654,71.72,BTC-30DEC22-30000-C,20271.8,buy,,,1.9,,
891,222170293,2022-07-06 16:47:47,1,0.0755,0.07523654,71.72,BTC-30DEC22-30000-C,20271.8,buy,,,1.2,,
892,222170294,2022-07-06 16:47:47,1,0.0755,0.07523654,71.72,BTC-30DEC22-30000-C,20271.8,buy,,,0.8,,
893,222176092,2022-07-06 18:05:12,1,0.0755,0.07504937,71.86,BTC-30DEC22-30000-C,20240.98,buy,,,1.9,,
894,222176093,2022-07-06 18:05:12,1,0.0755,0.07504937,71.86,BTC-30DEC22-30000-C,20240.98,buy,,,1.2,,
895,222176094,2022-07-06 18:05:12,1,0.0755,0.07517297,71.86,BTC-30DEC22-30000-C,20240.98,buy,,,0.6,,
896,222181231,2022-07-06 18:41:43,0,0.0765,0.07640357,71.58,BTC-30DEC22-30000-C,20410.25,buy,,,1.9,,
897,222181232,2022-07-06 18:41:43,1,0.0765,0.07640357,71.58,BTC-30DEC22-30000-C,20410.25,buy,,,0.1,,
898,222181233,2022-07-06 18:41:43,1,0.0765,0.07640357,71.58,BTC-30DEC22-30000-C,20410.25,buy,,,1.1,,
899,222220756,2022-07-07 08:01:48,1,0.0765,0.07702313,71.55,BTC-30DEC22-30000-C,20436.93,buy,,,2.5,,
900,222258077,2022-07-07 16:26:50,0,0.0825,0.08304972,72.02,BTC-30DEC22-30000-C,20871.51,buy,,,0.1,,
901,222258160,2022-07-07 16:27:52,1,0.0825,0.08331301,71.91,BTC-30DEC22-30000-C,20896.1,sell,,,0.1,,
902,222279201,2022-07-07 19:28:15,0,0.0885,0.08864139,71.73,BTC-30DEC22-30000-C,21475.94,buy,,,0.1,,
903,222296239,2022-07-07 22:23:42,0,0.093,0.0927698,72.24,BTC-30DEC22-30000-C,21732.67,buy,,,1.0,,
904,222313963,2022-07-08 01:43:21,0,0.098,0.0969958,72.38,BTC-30DEC22-30000-C,22135.32,buy,,,2.9,,
905,222313964,2022-07-08 01:43:22,1,0.098,0.09699525,72.38,BTC-30DEC22-30000-C,22135.14,sell,,,2.1,,
906,222313994,2022-07-08 01:44:10,0,0.0985,0.09686484,72.63,BTC-30DEC22-30000-C,22122.66,buy,,,5.0,,
907,222321854,2022-07-08 04:03:13,2,0.0965,0.09684667,71.9,BTC-30DEC22-30000-C,22107.53,buy,,,0.5,,
908,222338922,2022-07-08 07:51:47,2,0.094,0.09335296,72.51,BTC-30DEC22-30000-C,21786.83,sell,,,1.0,,
909,222338952,2022-07-08 07:52:15,3,0.094,0.09337466,72.51,BTC-30DEC22-30000-C,21789.68,sell,,,1.0,,
910,222339033,2022-07-08 07:52:45,3,0.094,0.09335473,72.52,BTC-30DEC22-30000-C,21783.67,sell,,,1.0,,
911,222340793,2022-07-08 08:04:29,2,0.093,0.09312067,72.15,BTC-30DEC22-30000-C,21783.45,sell,,,0.2,,
912,222344254,2022-07-08 08:46:08,2,0.092,0.09161214,72.31,BTC-30DEC22-30000-C,21671.06,sell,,,1.0,,
913,222344801,2022-07-08 08:54:29,2,0.091,0.09047186,72.38,BTC-30DEC22-30000-C,21563.91,sell,,,1.0,,
914,222397307,2022-07-08 17:07:24,0,0.0925,0.09135498,72.42,BTC-30DEC22-30000-C,21702.16,buy,,,1.0,,
915,222404931,2022-07-08 19:30:10,2,0.0905,0.0919487,71.3,BTC-30DEC22-30000-C,21763.15,sell,,,1.6,,
916,222404932,2022-07-08 19:30:10,3,0.0905,0.0919487,71.3,BTC-30DEC22-30000-C,21763.15,sell,,,8.0,,
917,222404933,2022-07-08 19:30:10,3,0.0905,0.0919487,71.3,BTC-30DEC22-30000-C,21763.15,sell,,,2.2,,
918,222404936,2022-07-08 19:30:10,3,0.0905,0.0919487,71.3,BTC-30DEC22-30000-C,21763.15,sell,,,2.2,,
919,222427692,2022-07-09 00:51:18,2,0.084,0.08364396,69.78,BTC-30DEC22-30000-C,21567.48,sell,,,0.1,,
920,222429020,2022-07-09 01:03:16,3,0.084,0.08368437,69.93,BTC-30DEC22-30000-C,21550.38,sell,,,0.1,,
921,222459919,2022-07-09 12:28:16,2,0.079,0.08044786,68.23,BTC-30DEC22-30000-C,21509.1,sell,,,1.0,,
922,222521241,2022-07-10 15:03:37,2,0.071,0.07079035,68.02,BTC-30DEC22-30000-C,20879.74,buy,,,0.8,,
923,222592027,2022-07-11 14:05:39,2,0.0685,0.06765145,69.7,BTC-30DEC22-30000-C,20332.45,buy,,,2.6,,
924,222623185,2022-07-11 23:02:41,2,0.0665,0.06625496,70.67,BTC-30DEC22-30000-C,19950.31,sell,,,16.1,,
925,222623675,2022-07-11 23:03:38,3,0.0665,0.06595132,70.85,BTC-30DEC22-30000-C,19913.44,sell,,,3.3,,
926,222623676,2022-07-11 23:03:38,3,0.0665,0.06595132,70.85,BTC-30DEC22-30000-C,19913.44,sell,,,0.1,,
927,222624113,2022-07-11 23:04:50,3,0.0665,0.06575824,70.96,BTC-30DEC22-30000-C,19891.56,sell,,,0.4,,
928,222628466,2022-07-12 00:07:28,3,0.0665,0.06690379,70.78,BTC-30DEC22-30000-C,19928.45,buy,,,1.7,,
929,222628467,2022-07-12 00:07:28,3,0.0665,0.06690379,70.78,BTC-30DEC22-30000-C,19928.45,buy,,,0.3,,
930,222628526,2022-07-12 00:11:35,3,0.0665,0.06689717,70.66,BTC-30DEC22-30000-C,19963.6,buy,,,0.2,,
931,222628803,2022-07-12 00:20:12,2,0.066,0.06620334,70.61,BTC-30DEC22-30000-C,19921.35,sell,,,0.1,,
932,222628804,2022-07-12 00:20:12,3,0.066,0.06620334,70.61,BTC-30DEC22-30000-C,19921.35,sell,,,0.1,,
933,222628805,2022-07-12 00:20:12,3,0.066,0.06620334,70.61,BTC-30DEC22-30000-C,19921.35,sell,,,0.1,,
934,222628807,2022-07-12 00:20:12,3,0.066,0.06620334,70.61,BTC-30DEC22-30000-C,19921.35,sell,,,0.1,,
935,222628808,2022-07-12 00:20:12,3,0.066,0.06620301,70.61,BTC-30DEC22-30000-C,19921.35,sell,,,0.1,,
936,222628809,2022-07-12 00:20:12,3,0.066,0.06620301,70.61,BTC-30DEC22-30000-C,19921.35,sell,,,0.1,,
937,222628812,2022-07-12 00:20:12,3,0.066,0.06620301,70.61,BTC-30DEC22-30000-C,19921.35,sell,,,0.1,,
938,222628816,2022-07-12 00:20:13,3,0.066,0.06620301,70.61,BTC-30DEC22-30000-C,19921.35,sell,,,0.1,,
939,222628817,2022-07-12 00:20:13,3,0.066,0.06620301,70.61,BTC-30DEC22-30000-C,19921.35,sell,,,0.1,,
940,222628818,2022-07-12 00:20:13,3,0.066,0.06620301,70.61,BTC-30DEC22-30000-C,19921.35,sell,,,0.1,,
941,222628912,2022-07-12 00:22:00,3,0.066,0.06596288,70.75,BTC-30DEC22-30000-C,19895.85,sell,,,0.1,,
942,222628913,2022-07-12 00:22:00,3,0.066,0.06596288,70.75,BTC-30DEC22-30000-C,19895.85,sell,,,0.1,,
943,222628915,2022-07-12 00:22:00,3,0.066,0.06596288,70.75,BTC-30DEC22-30000-C,19895.85,sell,,,0.1,,
944,222628916,2022-07-12 00:22:00,3,0.066,0.06596288,70.75,BTC-30DEC22-30000-C,19895.85,sell,,,0.1,,
945,222628917,2022-07-12 00:22:00,3,0.066,0.06596288,70.75,BTC-30DEC22-30000-C,19895.85,sell,,,0.1,,
946,222628918,2022-07-12 00:22:00,3,0.066,0.06596288,70.75,BTC-30DEC22-30000-C,19895.85,sell,,,0.1,,
947,222628919,2022-07-12 00:22:00,3,0.066,0.06596288,70.75,BTC-30DEC22-30000-C,19895.85,sell,,,0.1,,
948,222628920,2022-07-12 00:22:00,3,0.066,0.06596288,70.75,BTC-30DEC22-30000-C,19895.85,sell,,,0.1,,
949,222628929,2022-07-12 00:22:02,3,0.066,0.06585641,70.78,BTC-30DEC22-30000-C,19888.62,sell,,,0.1,,
950,222628930,2022-07-12 00:22:02,3,0.066,0.06585641,70.79,BTC-30DEC22-30000-C,19887.27,sell,,,0.3,,
951,222628931,2022-07-12 00:22:02,3,0.066,0.06585641,70.79,BTC-30DEC22-30000-C,19887.27,sell,,,0.1,,
952,222628932,2022-07-12 00:22:02,3,0.066,0.06585641,70.79,BTC-30DEC22-30000-C,19887.27,sell,,,0.2,,
953,222628933,2022-07-12 00:22:02,3,0.066,0.06585641,70.79,BTC-30DEC22-30000-C,19887.27,sell,,,0.2,,
954,222628934,2022-07-12 00:22:02,3,0.066,0.06585641,70.79,BTC-30DEC22-30000-C,19887.27,sell,,,0.2,,
955,222628935,2022-07-12 00:22:02,3,0.066,0.06585641,70.79,BTC-30DEC22-30000-C,19887.27,sell,,,0.1,,
956,222628936,2022-07-12 00:22:02,3,0.066,0.06585641,70.79,BTC-30DEC22-30000-C,19887.27,sell,,,0.1,,
957,222628937,2022-07-12 00:22:02,3,0.066,0.06585641,70.79,BTC-30DEC22-30000-C,19887.27,sell,,,0.1,,
958,222628938,2022-07-12 00:22:02,3,0.066,0.06585641,70.79,BTC-30DEC22-30000-C,19887.27,sell,,,0.1,,
959,222628939,2022-07-12 00:22:02,3,0.066,0.06585641,70.79,BTC-30DEC22-30000-C,19887.27,sell,,,0.1,,
960,222628940,2022-07-12 00:22:02,3,0.066,0.06585641,70.79,BTC-30DEC22-30000-C,19887.27,sell,,,0.1,,
961,222628942,2022-07-12 00:22:02,3,0.066,0.06585641,70.79,BTC-30DEC22-30000-C,19887.27,sell,,,0.1,,
962,222628943,2022-07-12 00:22:02,3,0.066,0.06585641,70.79,BTC-30DEC22-30000-C,19887.27,sell,,,0.1,,
963,222628944,2022-07-12 00:22:03,3,0.066,0.06584531,70.79,BTC-30DEC22-30000-C,19887.27,sell,,,0.1,,
964,222628945,2022-07-12 00:22:03,3,0.066,0.06584531,70.79,BTC-30DEC22-30000-C,19887.27,sell,,,0.1,,
965,222628947,2022-07-12 00:22:03,3,0.066,0.06584531,70.79,BTC-30DEC22-30000-C,19887.27,sell,,,0.1,,
966,222628948,2022-07-12 00:22:03,3,0.066,0.06584531,70.79,BTC-30DEC22-30000-C,19887.27,sell,,,0.2,,
967,222628949,2022-07-12 00:22:03,3,0.066,0.06584531,70.79,BTC-30DEC22-30000-C,19887.27,sell,,,0.1,,
968,222628950,2022-07-12 00:22:03,3,0.066,0.06584531,70.79,BTC-30DEC22-30000-C,19887.27,sell,,,0.1,,
969,222628951,2022-07-12 00:22:03,3,0.066,0.06584531,70.79,BTC-30DEC22-30000-C,19887.27,sell,,,0.1,,
970,222628952,2022-07-12 00:22:03,3,0.066,0.06584531,70.79,BTC-30DEC22-30000-C,19887.27,sell,,,0.1,,
971,222628953,2022-07-12 00:22:03,3,0.066,0.06584531,70.79,BTC-30DEC22-30000-C,19887.27,sell,,,0.1,,
972,222628954,2022-07-12 00:22:03,3,0.066,0.06584531,70.79,BTC-30DEC22-30000-C,19887.27,sell,,,0.1,,
973,222629214,2022-07-12 00:25:33,3,0.066,0.06594466,70.78,BTC-30DEC22-30000-C,19888.43,sell,,,16.4,,
974,222632871,2022-07-12 01:24:41,2,0.0655,0.06591444,70.76,BTC-30DEC22-30000-C,19848.99,sell,,,0.5,,
975,222650488,2022-07-12 07:04:23,3,0.0655,0.06510795,71.16,BTC-30DEC22-30000-C,19764.12,sell,,,0.1,,
976,222650498,2022-07-12 07:04:23,3,0.0655,0.06510795,71.16,BTC-30DEC22-30000-C,19764.12,sell,,,0.1,,
977,222650505,2022-07-12 07:04:23,3,0.0655,0.06510992,71.16,BTC-30DEC22-30000-C,19764.12,sell,,,19.3,,
978,222653141,2022-07-12 07:12:27,2,0.065,0.06453782,71.31,BTC-30DEC22-30000-C,19675.57,sell,,,15.0,,
979,222661036,2022-07-12 08:20:59,0,0.0655,0.06602606,71.59,BTC-30DEC22-30000-C,19681.89,buy,,,3.8,,
980,222661037,2022-07-12 08:20:59,1,0.0655,0.06602606,71.59,BTC-30DEC22-30000-C,19681.89,buy,,,2.5,,
981,222661038,2022-07-12 08:20:59,1,0.0655,0.06602606,71.59,BTC-30DEC22-30000-C,19681.89,buy,,,1.6,,
982,222663238,2022-07-12 09:31:34,2,0.065,0.06520033,71.38,BTC-30DEC22-30000-C,19682.78,sell,,,1.6,,
983,222663239,2022-07-12 09:31:34,3,0.065,0.06520033,71.38,BTC-30DEC22-30000-C,19682.78,sell,,,1.1,,
984,222663305,2022-07-12 09:31:50,3,0.065,0.06504384,71.46,BTC-30DEC22-30000-C,19665.91,sell,,,1.7,,
