trade_seq,trade_id,timestamp,tick_direction,price,mark_price,iv,instrument_name,index_price,direction,contracts,amount,combo_trade_id,combo_id,liquidation,block_trade_id
1102,302870627,2024-05-24 01:36:19,0,0.171,0.17096527,67.12,BTC-27DEC24-80000-C,67765.51,buy,0.1,0.1,,,,
1103,302873535,2024-05-24 02:52:25,1,0.171,0.17113641,67.08,BTC-27DEC24-80000-C,67819.85,buy,0.1,0.1,,,,
1104,302882334,2024-05-24 05:23:09,2,0.17,0.170175,67.39,BTC-27DEC24-80000-C,67502.73,sell,1.0,1.0,,,,
1105,303024070,2024-05-25 10:45:56,0,0.1725,0.1723017,65.59,BTC-27DEC24-80000-C,69371.27,buy,0.5,0.5,,,,
1106,303079234,2024-05-26 13:44:33,0,0.174,0.17216476,66.94,BTC-27DEC24-80000-C,68966.95,buy,0.1,0.1,,,,
1107,303079235,2024-05-26 13:44:33,0,0.1745,0.17216476,67.11,BTC-27DEC24-80000-C,68966.95,buy,19.9,19.9,,,,
1108,303080229,2024-05-26 14:08:32,2,0.1725,0.17238024,66.2,BTC-27DEC24-80000-C,69095.24,buy,5.0,5.0,,,,
1109,303119261,2024-05-27 03:56:04,2,0.172,0.17222755,66.42,BTC-27DEC24-80000-C,68804.57,buy,0.8,0.8,,,,
1110,303199099,2024-05-27 16:41:14,0,0.183,0.18231232,66.85,BTC-27DEC24-80000-C,70366.93,sell,0.1,0.1,,,,
1111,303332874,2024-05-28 13:51:25,2,0.1715,0.17165975,67.93,BTC-27DEC24-80000-C,67832.99,buy,0.1,0.1,,,,
1112,303334259,2024-05-28 13:57:07,2,0.171,0.17130487,68.06,BTC-27DEC24-80000-C,67663.71,sell,1.5,1.5,,,,
1113,303334334,2024-05-28 13:57:10,2,0.1705,0.1711468,67.94,BTC-27DEC24-80000-C,67646.59,buy,0.1,0.1,,,,
1114,303361334,2024-05-28 17:05:13,2,0.1685,0.16843674,67.45,BTC-27DEC24-80000-C,67612.49,buy,0.1,0.1,,,,
1115,303368254,2024-05-28 18:36:48,2,0.167,0.16660881,67.2,BTC-27DEC24-80000-C,67456.11,sell,0.1,0.1,,,,
1116,303424898,2024-05-29 08:46:17,0,0.1685,0.16918662,67.11,BTC-27DEC24-80000-C,67770.99,buy,5.0,5.0,,,,
1117,303428040,2024-05-29 09:27:24,2,0.166,0.16735041,66.46,BTC-27DEC24-80000-C,67658.31,buy,0.1,0.1,,,,
1118,303458657,2024-05-29 14:58:34,3,0.166,0.16637126,66.54,BTC-27DEC24-80000-C,67612.24,buy,0.1,0.1,,,,
1119,303544526,2024-05-30 08:14:01,2,0.165,0.1649235,67.12,BTC-27DEC24-80000-C,67224.73,sell,0.1,0.1,,,,
1120,303579682,2024-05-30 14:40:16,0,0.1695,0.16880417,66.32,BTC-27DEC24-80000-C,68508.88,buy,0.1,0.1,,,,
1121,303579683,2024-05-30 14:40:16,1,0.1695,0.16880417,66.32,BTC-27DEC24-80000-C,68508.88,sell,4.9,4.9,,,,
1122,303583506,2024-05-30 15:03:20,2,0.168,0.16839236,66.02,BTC-27DEC24-80000-C,68391.28,sell,2.0,2.0,,,,
1123,303585263,2024-05-30 15:11:02,2,0.1675,0.16740434,66.16,BTC-27DEC24-80000-C,68232.46,buy,0.9,0.9,,,,
1124,303585558,2024-05-30 15:15:24,0,0.168,0.1677574,66.24,BTC-27DEC24-80000-C,68285.5,buy,0.1,0.1,,,,
1125,303597052,2024-05-30 17:22:47,0,0.171,0.17064076,66.28,BTC-27DEC24-80000-C,68853.62,sell,1.6,1.6,,,,
1126,303597053,2024-05-30 17:22:47,1,0.171,0.17064076,66.28,BTC-27DEC24-80000-C,68853.62,sell,3.4,3.4,,,,
1127,303597285,2024-05-30 17:23:22,1,0.171,0.17105751,66.14,BTC-27DEC24-80000-C,68935.9,sell,2.0,2.0,,,,
1128,303598813,2024-05-30 17:31:49,0,0.172,0.17206942,66.18,BTC-27DEC24-80000-C,69109.03,sell,2.0,2.0,,,,
1129,303605825,2024-05-30 18:04:40,0,0.1725,0.17288861,65.91,BTC-27DEC24-80000-C,69329.75,buy,0.1,0.1,,,,
1130,303609487,2024-05-30 18:28:53,1,0.1725,0.17324011,65.96,BTC-27DEC24-80000-C,69278.92,buy,0.1,0.1,,,,
1131,303610909,2024-05-30 18:48:33,1,0.1725,0.17204268,66.07,BTC-27DEC24-80000-C,69233.55,buy,0.1,0.1,,,,
1132,303615568,2024-05-30 19:36:23,2,0.17,0.17080318,65.85,BTC-27DEC24-80000-C,68903.96,buy,0.1,0.1,,,,
1133,303665072,2024-05-31 07:58:50,2,0.165,0.16519009,65.89,BTC-27DEC24-80000-C,68144.93,buy,1.7,1.7,,,,
1134,303720724,2024-05-31 14:23:50,2,0.1605,0.16157841,64.95,BTC-27DEC24-80000-C,67770.96,sell,0.1,0.1,,,,
1135,303754008,2024-05-31 17:22:35,2,0.1575,0.15762912,65.05,BTC-27DEC24-80000-C,67301.82,buy,0.1,0.1,,,,
1136,303834648,2024-06-02 14:13:39,0,0.1595,0.16164958,64.38,BTC-27DEC24-80000-C,68053.31,sell,1.0,1.0,,,,
1137,303849021,2024-06-02 18:34:18,0,0.16,0.15974209,65.37,BTC-27DEC24-80000-C,67572.06,sell,0.3,0.3,,,,
1138,303877301,2024-06-03 01:36:46,0,0.1625,0.16226453,64.89,BTC-27DEC24-80000-C,68246.01,sell,0.3,0.3,,,,
1139,303878444,2024-06-03 01:51:12,2,0.162,0.16218053,64.58,BTC-27DEC24-80000-C,68302.76,buy,0.3,0.3,,,,
1140,303878546,2024-06-03 01:51:31,3,0.162,0.16223465,64.56,BTC-27DEC24-80000-C,68315.28,buy,0.3,0.3,,,,
1141,303878742,2024-06-03 01:52:07,0,0.1625,0.16252169,64.62,BTC-27DEC24-80000-C,68383.61,buy,0.3,0.3,,,,
1142,303879583,2024-06-03 01:54:49,1,0.1625,0.1625291,64.53,BTC-27DEC24-80000-C,68418.28,buy,0.2,0.2,,,,
1143,303879602,2024-06-03 01:55:19,1,0.1625,0.1624475,64.54,BTC-27DEC24-80000-C,68411.28,buy,0.1,0.1,,,,
1144,303879604,2024-06-03 01:55:19,2,0.1605,0.1624475,63.88,BTC-27DEC24-80000-C,68411.28,sell,0.1,0.1,,,,
1145,303879664,2024-06-03 01:55:49,0,0.1625,0.16255734,64.5,BTC-27DEC24-80000-C,68433.89,buy,0.1,0.1,,,,
1146,303879666,2024-06-03 01:55:53,1,0.1625,0.16256792,64.5,BTC-27DEC24-80000-C,68437.13,buy,0.2,0.2,,,,
1147,303879700,2024-06-03 01:56:05,1,0.1625,0.16271177,64.44,BTC-27DEC24-80000-C,68460.95,buy,0.3,0.3,,,,
1148,303879875,2024-06-03 01:57:06,2,0.162,0.16219434,64.46,BTC-27DEC24-80000-C,68380.06,buy,0.3,0.3,,,,
1149,303881117,2024-06-03 02:00:50,0,0.1635,0.1634612,64.56,BTC-27DEC24-80000-C,68579.44,buy,0.2,0.2,,,,
1150,303882143,2024-06-03 02:02:49,1,0.1635,0.16377265,64.41,BTC-27DEC24-80000-C,68646.02,buy,0.1,0.1,,,,
1151,303882440,2024-06-03 02:03:45,1,0.1635,0.16370599,64.41,BTC-27DEC24-80000-C,68651.47,buy,0.3,0.3,,,,
1152,303882458,2024-06-03 02:03:52,1,0.1635,0.16372165,64.41,BTC-27DEC24-80000-C,68653.86,buy,0.3,0.3,,,,
1153,303890517,2024-06-03 03:24:36,2,0.1625,0.16265876,64.83,BTC-27DEC24-80000-C,68249.83,sell,0.1,0.1,,,,
1154,303890709,2024-06-03 03:30:07,0,0.1655,0.16320105,65.71,BTC-27DEC24-80000-C,68308.16,buy,0.1,0.1,,,,
1155,303890971,2024-06-03 03:31:42,2,0.1635,0.16365209,64.94,BTC-27DEC24-80000-C,68345.89,sell,0.1,0.1,,,,
1156,303891200,2024-06-03 03:34:57,0,0.1655,0.16383799,65.58,BTC-27DEC24-80000-C,68360.15,buy,0.1,0.1,,,,
1157,303891386,2024-06-03 03:37:59,2,0.164,0.1640146,65.06,BTC-27DEC24-80000-C,68376.07,sell,0.1,0.1,,,,
1158,303891506,2024-06-03 03:40:06,3,0.164,0.16392956,65.08,BTC-27DEC24-80000-C,68367.61,sell,0.1,0.1,,,,
1159,303891635,2024-06-03 03:43:25,0,0.1655,0.16397995,65.57,BTC-27DEC24-80000-C,68374.14,buy,0.1,0.1,,,,
1160,303891873,2024-06-03 03:46:26,0,0.166,0.16436932,65.64,BTC-27DEC24-80000-C,68417.93,buy,0.1,0.1,,,,
1161,303891947,2024-06-03 03:46:29,2,0.1645,0.16439175,65.09,BTC-27DEC24-80000-C,68445.22,sell,0.1,0.1,,,,
1162,303892202,2024-06-03 03:49:33,0,0.166,0.16457441,65.59,BTC-27DEC24-80000-C,68448.76,buy,0.1,0.1,,,,
1163,303892433,2024-06-03 03:52:35,1,0.166,0.16428339,65.7,BTC-27DEC24-80000-C,68398.18,buy,0.1,0.1,,,,
1164,303892817,2024-06-03 03:58:38,1,0.166,0.16420911,65.74,BTC-27DEC24-80000-C,68360.91,buy,0.1,0.1,,,,
1165,303892985,2024-06-03 04:01:04,2,0.1645,0.16442178,65.2,BTC-27DEC24-80000-C,68387.15,sell,0.1,0.1,,,,
1166,303893508,2024-06-03 04:04:17,0,0.1655,0.16392421,65.7,BTC-27DEC24-80000-C,68305.79,buy,0.1,0.1,,,,
1167,303893509,2024-06-03 04:04:18,2,0.164,0.16392222,65.2,BTC-27DEC24-80000-C,68305.57,sell,0.1,0.1,,,,
1168,303893739,2024-06-03 04:09:39,3,0.164,0.16389919,65.18,BTC-27DEC24-80000-C,68309.34,sell,0.1,0.1,,,,
1169,303912447,2024-06-03 07:25:02,0,0.1675,0.16714619,65.0,BTC-27DEC24-80000-C,68947.24,sell,0.5,0.5,,,,
1170,303919072,2024-06-03 08:28:33,0,0.1685,0.16829822,64.75,BTC-27DEC24-80000-C,69251.66,buy,0.2,0.2,,,,
1171,303942585,2024-06-03 12:38:39,0,0.17,0.1695838,64.96,BTC-27DEC24-80000-C,69477.63,buy,0.2,0.2,,,,
1172,303946703,2024-06-03 12:59:35,0,0.1715,0.17093303,65.02,BTC-27DEC24-80000-C,69702.9,buy,0.1,0.1,,,,
1173,303955064,2024-06-03 13:45:02,0,0.173,0.17259659,65.1,BTC-27DEC24-80000-C,69982.48,buy,0.1,0.1,,,,
1174,303964078,2024-06-03 14:17:14,1,0.173,0.1730036,65.11,BTC-27DEC24-80000-C,69978.1,buy,0.3,0.3,,,,
1175,304013753,2024-06-03 20:02:01,2,0.1675,0.16790253,64.99,BTC-27DEC24-80000-C,69194.33,sell,1.0,1.0,,,,
1176,304013754,2024-06-03 20:02:04,3,0.1675,0.1679407,64.98,BTC-27DEC24-80000-C,69195.24,sell,1.0,1.0,,,,
1177,304040622,2024-06-04 03:51:33,0,0.1679,0.16641313,65.26,BTC-27DEC24-80000-C,69165.08,buy,25.0,25.0,,,,143311
1178,304045709,2024-06-04 06:21:16,2,0.1642,0.16435897,64.59,BTC-27DEC24-80000-C,68858.9,buy,26.9,26.9,,,,143321
1179,304069103,2024-06-04 13:32:52,0,0.1665,0.1669294,64.56,BTC-27DEC24-80000-C,69439.19,sell,1.0,1.0,,,,
1180,304071073,2024-06-04 13:45:38,0,0.1675,0.16773521,64.66,BTC-27DEC24-80000-C,69562.3,sell,1.0,1.0,,,,
1181,304112633,2024-06-04 16:29:55,0,0.175,0.17459709,64.69,BTC-27DEC24-80000-C,70920.14,buy,0.3,0.3,,,,
1182,304115730,2024-06-04 16:40:01,2,0.1745,0.17499049,64.53,BTC-27DEC24-80000-C,70894.34,buy,0.2,0.2,,,,
1183,304140024,2024-06-04 19:11:35,3,0.1745,0.17275702,65.18,BTC-27DEC24-80000-C,70582.37,buy,50.0,50.0,,,,143507
1184,304165499,2024-06-05 00:51:03,2,0.173,0.17238449,64.37,BTC-27DEC24-80000-C,70689.03,buy,0.1,0.1,,,,
1185,304190738,2024-06-05 04:11:37,0,0.175,0.176007,64.59,BTC-27DEC24-80000-C,70874.96,buy,2.2,2.2,,,,
1186,304190739,2024-06-05 04:11:43,1,0.175,0.17597901,64.59,BTC-27DEC24-80000-C,70873.57,buy,1.8,1.8,,,,
1187,304218633,2024-06-05 09:39:25,1,0.175,0.17446583,64.6,BTC-27DEC24-80000-C,70900.35,sell,0.1,0.1,,,,
1188,304219349,2024-06-05 09:51:10,0,0.1755,0.17558631,64.71,BTC-27DEC24-80000-C,70903.29,sell,0.2,0.2,,,,
1189,304219369,2024-06-05 09:51:25,1,0.1755,0.17558194,64.71,BTC-27DEC24-80000-C,70913.62,buy,0.1,0.1,,,,
1190,304225718,2024-06-05 11:26:13,2,0.1745,0.17560799,64.53,BTC-27DEC24-80000-C,70909.92,sell,1.0,1.0,,,,
1191,304338693,2024-06-06 12:18:52,0,0.175,0.17591477,64.29,BTC-27DEC24-80000-C,71269.05,sell,2.0,2.0,,,,
1192,304348420,2024-06-06 13:41:37,0,0.1765,0.17635624,64.56,BTC-27DEC24-80000-C,71368.84,buy,0.1,0.1,,,,
1193,304385131,2024-06-06 19:41:17,2,0.1705,0.17024598,64.09,BTC-27DEC24-80000-C,70652.97,sell,3.0,3.0,,,,
1194,304386115,2024-06-06 19:43:45,3,0.1705,0.17058443,64.04,BTC-27DEC24-80000-C,70699.6,sell,1.0,1.0,,,,
1195,304386116,2024-06-06 19:43:45,3,0.1705,0.17058443,64.04,BTC-27DEC24-80000-C,70699.6,sell,0.2,0.2,,,,
1196,304386117,2024-06-06 19:43:45,3,0.1705,0.17058443,64.04,BTC-27DEC24-80000-C,70699.6,sell,0.2,0.2,,,,
1197,304386118,2024-06-06 19:43:45,3,0.1705,0.17058443,64.04,BTC-27DEC24-80000-C,70699.6,sell,0.1,0.1,,,,
1198,304386119,2024-06-06 19:43:45,3,0.1705,0.17058443,64.04,BTC-27DEC24-80000-C,70699.6,sell,0.1,0.1,,,,
1199,304386120,2024-06-06 19:43:45,3,0.1705,0.17058443,64.04,BTC-27DEC24-80000-C,70699.6,sell,0.1,0.1,,,,
1200,304388329,2024-06-06 19:58:42,2,0.1695,0.16905217,64.16,BTC-27DEC24-80000-C,70444.69,sell,0.1,0.1,,,,
1201,304417735,2024-06-07 05:46:45,0,0.174,0.17366792,63.97,BTC-27DEC24-80000-C,71388.55,buy,0.1,0.1,,,,
1202,304435225,2024-06-07 08:36:19,2,0.1715,0.17174059,63.8,BTC-27DEC24-80000-C,71034.77,sell,0.5,0.5,,,,
1203,304435263,2024-06-07 08:37:09,3,0.1715,0.17183187,63.73,BTC-27DEC24-80000-C,71065.38,buy,0.5,0.5,,,,
1204,304435264,2024-06-07 08:37:09,3,0.1715,0.17183187,63.73,BTC-27DEC24-80000-C,71065.38,buy,1.0,1.0,,,,
1205,304435265,2024-06-07 08:37:09,3,0.1715,0.17183187,63.73,BTC-27DEC24-80000-C,71065.38,buy,0.3,0.3,,,,
1206,304435700,2024-06-07 08:42:01,2,0.171,0.17140137,63.55,BTC-27DEC24-80000-C,71057.75,buy,1.0,1.0,,,,
1207,304435801,2024-06-07 08:44:17,3,0.171,0.17124675,63.55,BTC-27DEC24-80000-C,71058.81,buy,1.5,1.5,,,,
1208,304438625,2024-06-07 09:41:17,0,0.173,0.17205487,64.06,BTC-27DEC24-80000-C,71164.74,buy,0.1,0.1,,,,
1209,304438626,2024-06-07 09:41:17,1,0.173,0.17205487,64.06,BTC-27DEC24-80000-C,71164.74,buy,1.1,1.1,,,,
1210,304444045,2024-06-07 11:05:41,0,0.1756,0.17421074,64.51,BTC-27DEC24-80000-C,71345.13,buy,13.0,13.0,,BTC-CS-27DEC24-80000_100000,,143795
1211,304449964,2024-06-07 11:50:06,2,0.1755,0.17527966,63.99,BTC-27DEC24-80000-C,71570.64,buy,0.2,0.2,,,,
1212,304484568,2024-06-07 13:02:34,0,0.1757,0.17388042,64.8,BTC-27DEC24-80000-C,71149.12,buy,13.0,13.0,,BTC-CS-27DEC24-80000_100000,,143831
1213,304501360,2024-06-07 15:00:42,2,0.172,0.17241672,63.36,BTC-27DEC24-80000-C,71287.14,sell,0.4,0.4,,,,
1214,304509356,2024-06-07 16:00:49,2,0.1695,0.1697763,63.15,BTC-27DEC24-80000-C,71018.09,sell,0.2,0.2,,,,
1215,304512516,2024-06-07 16:47:15,2,0.1685,0.16864219,63.19,BTC-27DEC24-80000-C,70823.26,sell,0.1,0.1,,,,
1216,304512517,2024-06-07 16:47:15,3,0.1685,0.16864219,63.19,BTC-27DEC24-80000-C,70823.26,sell,0.1,0.1,,,,
1217,304514103,2024-06-07 17:00:30,2,0.1665,0.16810552,62.62,BTC-27DEC24-80000-C,70770.59,sell,0.1,0.1,,,,
1218,304537963,2024-06-07 18:07:29,2,0.1605,0.16048183,63.36,BTC-27DEC24-80000-C,69311.72,sell,2.0,2.0,,,,
1219,304538358,2024-06-07 18:08:29,3,0.1605,0.16065751,63.29,BTC-27DEC24-80000-C,69316.96,sell,0.1,0.1,,,,
1220,304538601,2024-06-07 18:09:02,3,0.1605,0.16091813,63.21,BTC-27DEC24-80000-C,69347.81,sell,1.0,1.0,,,,
1221,304539454,2024-06-07 18:11:15,2,0.16,0.16030279,63.19,BTC-27DEC24-80000-C,69257.88,sell,0.9,0.9,,,,
1222,304539701,2024-06-07 18:11:29,3,0.16,0.15980714,63.35,BTC-27DEC24-80000-C,69169.44,sell,0.1,0.1,,,,
1223,304539720,2024-06-07 18:11:31,3,0.16,0.15996815,63.28,BTC-27DEC24-80000-C,69204.02,sell,0.1,0.1,,,,
1224,304540067,2024-06-07 18:12:20,2,0.159,0.15959008,63.12,BTC-27DEC24-80000-C,69083.31,sell,0.1,0.1,,,,
1225,304542974,2024-06-07 18:14:57,2,0.1555,0.15686325,62.94,BTC-27DEC24-80000-C,68505.03,sell,0.1,0.1,,,,
1226,304542975,2024-06-07 18:14:57,3,0.1555,0.15686325,62.94,BTC-27DEC24-80000-C,68505.03,sell,0.3,0.3,,,,
1227,304569930,2024-06-07 21:20:10,0,0.1595,0.15926782,63.07,BTC-27DEC24-80000-C,69291.84,buy,1.1,1.1,,,,
1228,304571746,2024-06-07 22:00:42,1,0.1595,0.15943429,63.28,BTC-27DEC24-80000-C,69166.01,sell,1.3,1.3,,,,
1229,304571747,2024-06-07 22:00:42,1,0.1595,0.15943429,63.28,BTC-27DEC24-80000-C,69166.01,sell,0.2,0.2,,,,
1230,304598357,2024-06-08 12:29:56,0,0.16,0.16077486,63.41,BTC-27DEC24-80000-C,69333.48,sell,0.3,0.3,,,,
1231,304603196,2024-06-08 16:15:47,2,0.1585,0.15884794,62.83,BTC-27DEC24-80000-C,69365.75,sell,0.1,0.1,,,,
1232,304615625,2024-06-09 03:03:58,3,0.1585,0.15917708,63.38,BTC-27DEC24-80000-C,69191.03,sell,0.1,0.1,,,,
1233,304621798,2024-06-09 10:01:31,0,0.159,0.15970735,63.27,BTC-27DEC24-80000-C,69333.98,sell,0.2,0.2,,,,
1234,304626152,2024-06-09 13:16:11,0,0.161,0.16102368,63.5,BTC-27DEC24-80000-C,69576.85,sell,0.2,0.2,,,,
1235,304635518,2024-06-09 17:59:20,0,0.162,0.16126342,63.63,BTC-27DEC24-80000-C,69639.89,buy,0.1,0.1,,,,
1236,304659192,2024-06-10 07:14:55,2,0.159,0.15958908,63.46,BTC-27DEC24-80000-C,69383.2,sell,0.2,0.2,,,,
1237,304667408,2024-06-10 08:39:47,2,0.158,0.15841995,63.13,BTC-27DEC24-80000-C,69454.46,buy,0.5,0.5,,,,
1238,304667483,2024-06-10 08:41:20,3,0.158,0.1583076,63.15,BTC-27DEC24-80000-C,69450.8,buy,0.5,0.5,,,,
1239,304667490,2024-06-10 08:41:27,3,0.158,0.15831165,63.15,BTC-27DEC24-80000-C,69450.71,buy,0.5,0.5,,,,
1240,304667537,2024-06-10 08:42:36,3,0.158,0.15834903,63.15,BTC-27DEC24-80000-C,69450.01,buy,0.5,0.5,,,,
1241,304667541,2024-06-10 08:42:39,3,0.158,0.15835075,63.15,BTC-27DEC24-80000-C,69450.01,buy,0.5,0.5,,,,
1242,304667544,2024-06-10 08:42:43,3,0.158,0.15835304,63.15,BTC-27DEC24-80000-C,69450.01,buy,0.5,0.5,,,,
1243,304667799,2024-06-10 08:47:02,3,0.158,0.15821045,63.12,BTC-27DEC24-80000-C,69459.17,buy,1.3,1.3,,,,
1244,304683896,2024-06-10 12:06:50,2,0.1575,0.15747653,63.38,BTC-27DEC24-80000-C,69344.53,sell,0.2,0.2,,,,
1245,304702616,2024-06-10 14:01:39,2,0.156,0.15679867,62.97,BTC-27DEC24-80000-C,69321.07,sell,0.1,0.1,,,,
1246,304727098,2024-06-10 16:03:48,0,0.1605,0.16082265,63.03,BTC-27DEC24-80000-C,69982.88,sell,0.1,0.1,,,,
1247,304744709,2024-06-10 18:46:15,1,0.1605,0.15966456,63.29,BTC-27DEC24-80000-C,69908.35,buy,0.1,0.1,,,,
1248,304763723,2024-06-10 22:11:25,2,0.1565,0.15652656,62.82,BTC-27DEC24-80000-C,69488.98,buy,0.1,0.1,,,,
1249,304797743,2024-06-11 02:32:41,2,0.1485,0.14934629,63.17,BTC-27DEC24-80000-C,68034.54,buy,0.1,0.1,,,,
1250,304816395,2024-06-11 04:26:27,0,0.15,0.14839787,64.11,BTC-27DEC24-80000-C,67859.37,buy,0.1,0.1,,,,
1251,304830507,2024-06-11 06:26:34,2,0.145,0.14470117,63.78,BTC-27DEC24-80000-C,67589.88,sell,2.0,2.0,,,,
1252,304833035,2024-06-11 06:33:48,2,0.144,0.14435311,63.69,BTC-27DEC24-80000-C,67586.72,sell,0.4,0.4,,,,
1253,304852540,2024-06-11 08:23:35,2,0.1425,0.14128778,64.12,BTC-27DEC24-80000-C,67325.52,buy,0.1,0.1,,,,
1254,304853668,2024-06-11 08:29:03,0,0.143,0.14175525,64.14,BTC-27DEC24-80000-C,67381.38,buy,0.1,0.1,,,,
1255,304866153,2024-06-11 09:56:48,2,0.14,0.14017933,63.67,BTC-27DEC24-80000-C,67064.69,buy,0.1,0.1,,,,
1256,304869495,2024-06-11 10:05:51,3,0.14,0.13886555,64.16,BTC-27DEC24-80000-C,66990.52,buy,0.1,0.1,,,,
1257,304873290,2024-06-11 10:17:44,2,0.139,0.13846225,63.82,BTC-27DEC24-80000-C,67156.96,buy,0.1,0.1,,,,
1258,304876945,2024-06-11 10:49:44,2,0.1385,0.13805951,63.58,BTC-27DEC24-80000-C,67139.69,buy,1.8,1.8,,,,
1259,304916349,2024-06-11 14:38:15,0,0.1435,0.14110907,64.13,BTC-27DEC24-80000-C,66906.14,buy,50.0,50.0,,,,144105
1260,304943930,2024-06-11 16:52:21,2,0.1405,0.14007677,63.85,BTC-27DEC24-80000-C,66516.28,buy,0.1,0.1,,,,
1261,305000993,2024-06-12 09:00:14,0,0.1495,0.1487108,64.99,BTC-27DEC24-80000-C,67383.32,buy,0.1,0.1,,,,
1262,305000994,2024-06-12 09:00:14,1,0.1495,0.1487108,64.99,BTC-27DEC24-80000-C,67383.32,sell,0.4,0.4,,,,
1263,305019243,2024-06-12 12:24:26,0,0.153,0.15319917,65.34,BTC-27DEC24-80000-C,67901.86,buy,0.1,0.1,,,,
1264,305049540,2024-06-12 13:16:00,0,0.161,0.16077247,65.11,BTC-27DEC24-80000-C,69383.36,sell,0.3,0.3,,,,
1265,305049778,2024-06-12 13:17:04,1,0.161,0.16060227,65.17,BTC-27DEC24-80000-C,69355.36,buy,0.3,0.3,,,,
1266,305115035,2024-06-12 19:33:01,2,0.155,0.15439202,64.7,BTC-27DEC24-80000-C,68438.94,buy,0.1,0.1,,,,
1267,305118101,2024-06-12 19:42:14,2,0.1535,0.1527093,64.7,BTC-27DEC24-80000-C,68179.47,buy,2.0,2.0,,,,
1268,305119850,2024-06-12 19:46:00,2,0.152,0.15124409,64.69,BTC-27DEC24-80000-C,67918.85,buy,1.6,1.6,,,,
1269,305122522,2024-06-12 19:48:11,2,0.15,0.14899283,64.76,BTC-27DEC24-80000-C,67554.12,buy,0.1,0.1,,,,
1270,305191815,2024-06-13 09:31:38,2,0.145,0.145874,63.8,BTC-27DEC24-80000-C,67326.14,sell,0.1,0.1,,,,
1271,305191832,2024-06-13 09:31:41,3,0.145,0.14585625,63.82,BTC-27DEC24-80000-C,67316.45,sell,0.1,0.1,,,,
1272,305206711,2024-06-13 12:09:46,0,0.148,0.14788267,64.01,BTC-27DEC24-80000-C,67781.39,buy,0.1,0.1,,,,
1273,305207648,2024-06-13 12:26:57,0,0.1485,0.14833011,64.02,BTC-27DEC24-80000-C,67860.79,buy,0.1,0.1,,,,
1274,305208325,2024-06-13 12:30:03,0,0.149,0.14832823,64.17,BTC-27DEC24-80000-C,67874.79,buy,0.1,0.1,,,,
1275,305215828,2024-06-13 12:37:17,2,0.1485,0.14979903,63.55,BTC-27DEC24-80000-C,68123.0,buy,5.0,5.0,,,,
1276,305231240,2024-06-13 14:12:31,2,0.145,0.14491305,63.78,BTC-27DEC24-80000-C,67374.41,sell,0.1,0.1,,,,
1277,305252617,2024-06-13 15:48:16,2,0.1395,0.13871315,63.62,BTC-27DEC24-80000-C,66501.23,buy,0.1,0.1,,,,
1278,305252618,2024-06-13 15:48:16,3,0.1395,0.13871315,63.62,BTC-27DEC24-80000-C,66501.23,sell,0.5,0.5,,,,
1279,305268548,2024-06-13 17:39:59,0,0.1405,0.14026816,63.36,BTC-27DEC24-80000-C,66828.67,buy,0.1,0.1,,,,
1280,305270044,2024-06-13 18:07:00,1,0.1405,0.14016156,63.42,BTC-27DEC24-80000-C,66799.59,buy,0.1,0.1,,,,
1281,305270319,2024-06-13 18:12:50,0,0.141,0.14061958,63.34,BTC-27DEC24-80000-C,66922.24,buy,0.1,0.1,,,,
1282,305275693,2024-06-13 20:35:13,2,0.14,0.13971923,63.52,BTC-27DEC24-80000-C,66652.68,buy,0.1,0.1,,,,
1283,305302725,2024-06-14 07:38:59,0,0.143,0.14141159,64.1,BTC-27DEC24-80000-C,66916.09,buy,0.1,0.1,,,,
1284,305320295,2024-06-14 11:41:56,2,0.14,0.13996852,63.06,BTC-27DEC24-80000-C,67006.78,buy,0.1,0.1,,,,
1285,305358841,2024-06-14 16:29:13,2,0.13,0.12986166,62.77,BTC-27DEC24-80000-C,65437.12,sell,0.1,0.1,,,,
1286,305381728,2024-06-14 18:35:02,2,0.126,0.12627138,61.87,BTC-27DEC24-80000-C,65309.09,buy,0.1,0.1,,,,
1287,305381733,2024-06-14 18:35:07,3,0.126,0.12633352,61.85,BTC-27DEC24-80000-C,65319.34,buy,0.3,0.3,,,,
1288,305381738,2024-06-14 18:35:13,3,0.126,0.12628374,61.86,BTC-27DEC24-80000-C,65314.29,buy,0.2,0.2,,,,
1289,305381905,2024-06-14 18:37:42,3,0.126,0.12623808,61.83,BTC-27DEC24-80000-C,65326.62,buy,0.7,0.7,,,,
1290,305381920,2024-06-14 18:37:43,3,0.126,0.12623808,61.83,BTC-27DEC24-80000-C,65326.62,buy,1.3,1.3,,,,
1291,305381997,2024-06-14 18:38:19,3,0.126,0.12629934,61.81,BTC-27DEC24-80000-C,65333.54,buy,2.0,2.0,,,,
1292,305382034,2024-06-14 18:39:22,0,0.1265,0.1262557,62.01,BTC-27DEC24-80000-C,65319.55,buy,2.4,2.4,,,,
1293,305382565,2024-06-14 18:42:44,0,0.1275,0.12636158,62.37,BTC-27DEC24-80000-C,65317.64,buy,1.8,1.8,,,,
1294,305408606,2024-06-15 03:31:58,0,0.1345,0.13331376,63.16,BTC-27DEC24-80000-C,66214.99,sell,0.1,0.1,,,,
1295,305408645,2024-06-15 03:35:03,2,0.134,0.13339174,63.06,BTC-27DEC24-80000-C,66180.61,sell,0.1,0.1,,,,
1296,305415499,2024-06-15 07:31:29,0,0.1345,0.13453496,63.37,BTC-27DEC24-80000-C,66072.8,sell,0.5,0.5,,,,
1297,305415500,2024-06-15 07:31:30,2,0.1335,0.13453266,63.03,BTC-27DEC24-80000-C,66072.58,sell,0.1,0.1,,,,
1298,305415801,2024-06-15 07:36:40,2,0.133,0.1339604,62.9,BTC-27DEC24-80000-C,66050.83,sell,0.1,0.1,,,,
1299,305415803,2024-06-15 07:36:42,3,0.133,0.13394863,62.9,BTC-27DEC24-80000-C,66047.04,sell,0.2,0.2,,,,
1300,305421585,2024-06-15 09:33:45,3,0.133,0.13321682,62.93,BTC-27DEC24-80000-C,66074.44,sell,0.1,0.1,,,,
1301,305426931,2024-06-15 13:48:14,3,0.133,0.1336205,62.67,BTC-27DEC24-80000-C,66208.66,sell,0.1,0.1,,,,
1302,305432520,2024-06-15 18:19:38,2,0.1325,0.13361648,62.77,BTC-27DEC24-80000-C,66124.91,sell,0.1,0.1,,,,
1303,305432949,2024-06-15 19:02:43,2,0.1315,0.13346743,62.42,BTC-27DEC24-80000-C,66124.58,sell,0.1,0.1,,,,
1304,305443913,2024-06-16 02:18:22,0,0.1325,0.13270558,62.86,BTC-27DEC24-80000-C,66097.82,sell,0.1,0.1,,,,
1305,305476695,2024-06-17 01:16:28,0,0.1335,0.13372795,62.37,BTC-27DEC24-80000-C,66443.27,sell,0.1,0.1,,,,
1306,305480686,2024-06-17 02:28:44,2,0.132,0.13225251,62.43,BTC-27DEC24-80000-C,66279.73,sell,0.1,0.1,,,,
1307,305488575,2024-06-17 06:15:05,2,0.1315,0.13191935,62.36,BTC-27DEC24-80000-C,66232.41,sell,0.1,0.1,,,,
1308,305492660,2024-06-17 07:15:44,2,0.13,0.13023254,62.41,BTC-27DEC24-80000-C,65945.0,sell,0.1,0.1,,,,
1309,305498909,2024-06-17 08:31:22,3,0.13,0.13028037,62.27,BTC-27DEC24-80000-C,66079.15,sell,0.1,0.1,,,,
1310,305574036,2024-06-17 18:35:08,0,0.138,0.13782063,62.82,BTC-27DEC24-80000-C,67229.51,buy,0.1,0.1,,,,
1311,305626824,2024-06-18 02:16:08,2,0.1255,0.12480218,63.34,BTC-27DEC24-80000-C,64920.91,buy,0.1,0.1,,,,
1312,305660750,2024-06-18 09:32:45,0,0.1285,0.12808909,63.13,BTC-27DEC24-80000-C,65599.6,buy,0.1,0.1,,,,
1313,305662707,2024-06-18 10:06:40,2,0.1275,0.12749595,63.1,BTC-27DEC24-80000-C,65407.04,sell,0.1,0.1,,,,
1314,305667305,2024-06-18 11:26:21,2,0.127,0.12650712,63.36,BTC-27DEC24-80000-C,65230.56,buy,5.0,5.0,,,,
1315,305667306,2024-06-18 11:26:21,3,0.127,0.12650712,63.36,BTC-27DEC24-80000-C,65230.56,buy,1.4,1.4,,,,
1316,305667307,2024-06-18 11:26:21,3,0.127,0.12650712,63.36,BTC-27DEC24-80000-C,65230.56,sell,1.0,1.0,,,,
1317,305667786,2024-06-18 11:32:57,2,0.1255,0.1268305,62.76,BTC-27DEC24-80000-C,65268.49,sell,0.5,0.5,,,,
1318,305668674,2024-06-18 11:41:16,0,0.127,0.12659262,63.27,BTC-27DEC24-80000-C,65262.04,buy,0.1,0.1,,,,
1319,305668675,2024-06-18 11:41:16,1,0.127,0.12659262,63.27,BTC-27DEC24-80000-C,65262.04,buy,4.6,4.6,,,,
1320,305669213,2024-06-18 11:50:15,1,0.127,0.1271145,63.01,BTC-27DEC24-80000-C,65406.21,buy,4.6,4.6,,,,
1321,305669214,2024-06-18 11:50:15,1,0.127,0.1271145,63.01,BTC-27DEC24-80000-C,65406.21,buy,0.2,0.2,,,,
1322,305675956,2024-06-18 12:53:48,2,0.126,0.12622357,63.0,BTC-27DEC24-80000-C,65218.88,buy,1.5,1.5,,,,
1323,305675957,2024-06-18 12:53:48,3,0.126,0.12622357,63.0,BTC-27DEC24-80000-C,65218.88,buy,4.6,4.6,,,,
1324,305676423,2024-06-18 13:04:03,2,0.125,0.12508698,63.02,BTC-27DEC24-80000-C,65033.43,buy,1.8,1.8,,,,
1325,305676424,2024-06-18 13:04:03,3,0.125,0.12508698,63.02,BTC-27DEC24-80000-C,65033.43,buy,4.6,4.6,,,,
1326,305677465,2024-06-18 13:06:13,2,0.1245,0.12449623,63.05,BTC-27DEC24-80000-C,64927.94,buy,1.9,1.9,,,,
1327,305677466,2024-06-18 13:06:13,3,0.1245,0.12449623,63.05,BTC-27DEC24-80000-C,64927.94,buy,4.6,4.6,,,,
1328,305679682,2024-06-18 13:16:25,0,0.1255,0.12533222,63.14,BTC-27DEC24-80000-C,65115.85,buy,4.6,4.6,,,,
1329,305679683,2024-06-18 13:16:25,1,0.1255,0.12533222,63.14,BTC-27DEC24-80000-C,65115.85,buy,1.6,1.6,,,,
1330,305685376,2024-06-18 13:39:56,2,0.1215,0.12141538,62.92,BTC-27DEC24-80000-C,64665.26,buy,0.1,0.1,,,,
1331,305688641,2024-06-18 13:42:50,0,0.122,0.12208927,62.97,BTC-27DEC24-80000-C,64897.53,sell,2.7,2.7,,,,
1332,305688785,2024-06-18 13:42:52,1,0.122,0.12208555,62.96,BTC-27DEC24-80000-C,64906.1,sell,0.3,0.3,,,,
1333,305688901,2024-06-18 13:42:55,1,0.122,0.12214651,62.94,BTC-27DEC24-80000-C,64930.81,sell,3.0,3.0,,,,
1334,305689349,2024-06-18 13:43:04,1,0.122,0.12200953,62.99,BTC-27DEC24-80000-C,64935.79,sell,0.7,0.7,,,,
1335,305689365,2024-06-18 13:43:04,1,0.122,0.12200953,62.99,BTC-27DEC24-80000-C,64935.79,sell,2.3,2.3,,,,
1336,305704579,2024-06-18 14:13:17,2,0.119,0.11874495,62.85,BTC-27DEC24-80000-C,64741.66,buy,0.1,0.1,,,,
1337,305718496,2024-06-18 14:42:28,0,0.122,0.12133319,62.87,BTC-27DEC24-80000-C,65286.07,buy,0.1,0.1,,,,
1338,305718497,2024-06-18 14:42:28,1,0.122,0.12133319,62.87,BTC-27DEC24-80000-C,65286.07,buy,4.7,4.7,,,,
1339,305719492,2024-06-18 14:50:34,1,0.122,0.12100376,63.07,BTC-27DEC24-80000-C,65182.31,buy,0.1,0.1,,,,
1340,305719493,2024-06-18 14:50:34,1,0.122,0.12100376,63.07,BTC-27DEC24-80000-C,65182.31,buy,4.7,4.7,,,,
1341,305728289,2024-06-18 15:22:35,2,0.1195,0.11868008,63.12,BTC-27DEC24-80000-C,64572.44,buy,0.1,0.1,,,,
1342,305728882,2024-06-18 15:29:22,2,0.119,0.11860004,63.05,BTC-27DEC24-80000-C,64506.97,sell,0.1,0.1,,,,
1343,305728884,2024-06-18 15:29:23,3,0.119,0.11860004,63.05,BTC-27DEC24-80000-C,64506.97,sell,0.1,0.1,,,,
1344,305737659,2024-06-18 16:43:19,3,0.119,0.11848166,62.91,BTC-27DEC24-80000-C,64552.93,buy,0.1,0.1,,,,
1345,305737660,2024-06-18 16:43:19,3,0.119,0.11848166,62.91,BTC-27DEC24-80000-C,64552.93,buy,4.7,4.7,,,,
1346,305751653,2024-06-18 19:22:51,2,0.118,0.11757787,62.84,BTC-27DEC24-80000-C,64418.36,buy,0.1,0.1,,,,
1347,305771547,2024-06-18 20:57:44,0,0.1215,0.12059571,63.33,BTC-27DEC24-80000-C,64932.93,buy,0.1,0.1,,,,
1348,305791750,2024-06-18 23:03:46,0,0.126,0.12574747,63.41,BTC-27DEC24-80000-C,65212.78,buy,0.1,0.1,,,,
1349,305792003,2024-06-18 23:06:45,1,0.126,0.12555258,63.52,BTC-27DEC24-80000-C,65144.69,sell,0.9,0.9,,,,
1350,305792353,2024-06-18 23:12:22,1,0.126,0.12567458,63.56,BTC-27DEC24-80000-C,65124.78,buy,0.1,0.1,,,,
1351,305792890,2024-06-18 23:21:42,1,0.126,0.12612919,63.39,BTC-27DEC24-80000-C,65212.47,sell,0.1,0.1,,,,
1352,305793000,2024-06-18 23:23:24,1,0.126,0.12589186,63.45,BTC-27DEC24-80000-C,65173.07,buy,0.1,0.1,,,,
1353,305793598,2024-06-18 23:37:02,1,0.126,0.1252152,63.6,BTC-27DEC24-80000-C,65114.18,buy,0.1,0.1,,,,
1354,305793599,2024-06-18 23:37:02,1,0.126,0.1252152,63.6,BTC-27DEC24-80000-C,65114.18,sell,0.3,0.3,,,,
1355,305793617,2024-06-18 23:37:34,1,0.126,0.12529578,63.62,BTC-27DEC24-80000-C,65089.92,sell,0.4,0.4,,,,
1356,305828147,2024-06-19 07:18:21,0,0.127,0.12764015,63.26,BTC-27DEC24-80000-C,65481.4,sell,0.1,0.1,,,,
1357,305860124,2024-06-19 14:25:05,2,0.126,0.12602685,63.95,BTC-27DEC24-80000-C,64901.27,buy,0.5,0.5,,,,
1358,305915316,2024-06-20 06:49:49,0,0.127,0.12734123,63.39,BTC-27DEC24-80000-C,65441.3,sell,0.2,0.2,,,,
1359,305916036,2024-06-20 07:05:55,1,0.127,0.12675334,63.25,BTC-27DEC24-80000-C,65511.99,buy,0.6,0.6,,,,
1360,305919052,2024-06-20 07:20:51,0,0.1285,0.12848975,63.16,BTC-27DEC24-80000-C,65834.78,sell,0.2,0.2,,,,
1361,305932709,2024-06-20 10:08:12,2,0.128,0.12729984,63.36,BTC-27DEC24-80000-C,65656.34,buy,0.1,0.1,,,,
1362,306023432,2024-06-21 07:34:58,2,0.1205,0.12090038,63.09,BTC-27DEC24-80000-C,64654.61,sell,0.1,0.1,,,,
1363,306024713,2024-06-21 07:42:49,2,0.12,0.12041375,63.05,BTC-27DEC24-80000-C,64577.37,sell,0.1,0.1,,,,
1364,306039106,2024-06-21 08:49:53,2,0.115,0.11563237,62.86,BTC-27DEC24-80000-C,63713.56,sell,0.1,0.1,,,,
1365,306041946,2024-06-21 08:56:09,3,0.115,0.11507287,62.95,BTC-27DEC24-80000-C,63686.45,sell,0.1,0.1,,,,
1366,306047373,2024-06-21 09:26:50,0,0.1165,0.11586038,63.36,BTC-27DEC24-80000-C,63795.88,buy,0.1,0.1,,,,
1367,306048579,2024-06-21 09:35:53,0,0.117,0.11662043,63.37,BTC-27DEC24-80000-C,63901.48,buy,0.1,0.1,,,,
1368,306053727,2024-06-21 10:14:22,1,0.117,0.11723304,63.31,BTC-27DEC24-80000-C,63948.44,sell,0.1,0.1,,,,
1369,306065363,2024-06-21 12:55:58,2,0.115,0.11546605,62.96,BTC-27DEC24-80000-C,63752.58,sell,0.1,0.1,,,,
1370,306070698,2024-06-21 13:33:11,2,0.114,0.11417258,63.11,BTC-27DEC24-80000-C,63443.15,sell,0.1,0.1,,,,
1371,306070761,2024-06-21 13:33:14,3,0.114,0.11385841,63.2,BTC-27DEC24-80000-C,63405.38,sell,0.5,0.5,,,,
1372,306075280,2024-06-21 13:52:28,3,0.114,0.11390236,63.2,BTC-27DEC24-80000-C,63406.97,buy,0.1,0.1,,,,
1373,306076127,2024-06-21 13:58:03,0,0.115,0.11498671,63.26,BTC-27DEC24-80000-C,63551.43,buy,0.1,0.1,,,,
1374,306082798,2024-06-21 14:43:27,0,0.1185,0.11851792,63.59,BTC-27DEC24-80000-C,64054.8,buy,0.1,0.1,,,,
1375,306095168,2024-06-21 16:06:20,2,0.115,0.1159545,63.31,BTC-27DEC24-80000-C,63578.07,sell,0.1,0.1,,,,
1376,306095169,2024-06-21 16:06:20,3,0.115,0.1159545,63.31,BTC-27DEC24-80000-C,63578.07,sell,0.1,0.1,,,,
1377,306095782,2024-06-21 16:12:49,0,0.1155,0.11648492,63.24,BTC-27DEC24-80000-C,63692.44,sell,0.4,0.4,,,,
1378,306096251,2024-06-21 16:18:11,1,0.1155,0.11638394,63.24,BTC-27DEC24-80000-C,63698.65,sell,0.1,0.1,,,,
1379,306096284,2024-06-21 16:18:53,1,0.1155,0.11645342,63.22,BTC-27DEC24-80000-C,63713.76,sell,0.5,0.5,,,,
1380,306096290,2024-06-21 16:19:00,1,0.1155,0.11641688,63.23,BTC-27DEC24-80000-C,63704.26,sell,1.9,1.9,,,,
1381,306096293,2024-06-21 16:19:06,1,0.1155,0.11640888,63.24,BTC-27DEC24-80000-C,63700.31,sell,0.5,0.5,,,,
1382,306097502,2024-06-21 16:39:21,1,0.1155,0.11626424,63.21,BTC-27DEC24-80000-C,63740.65,sell,0.4,0.4,,,,
1383,306098306,2024-06-21 17:01:10,2,0.1145,0.11535484,63.19,BTC-27DEC24-80000-C,63546.61,sell,0.1,0.1,,,,
1384,306100339,2024-06-21 17:35:38,2,0.114,0.11443162,63.18,BTC-27DEC24-80000-C,63471.21,sell,1.7,1.7,,,,
1385,306101855,2024-06-21 17:57:02,0,0.115,0.11570336,63.1,BTC-27DEC24-80000-C,63710.43,sell,0.1,0.1,,,,
1386,306102237,2024-06-21 18:05:39,1,0.115,0.11580412,63.09,BTC-27DEC24-80000-C,63696.22,sell,0.4,0.4,,,,
1387,306102281,2024-06-21 18:06:26,1,0.115,0.11582507,63.08,BTC-27DEC24-80000-C,63691.57,sell,2.2,2.2,,,,
1388,306107046,2024-06-21 19:09:36,0,0.116,0.11670617,63.06,BTC-27DEC24-80000-C,63928.88,sell,0.5,0.5,,,,
1389,306107054,2024-06-21 19:09:44,1,0.116,0.11664039,63.08,BTC-27DEC24-80000-C,63919.63,sell,2.0,2.0,,,,
1390,306107087,2024-06-21 19:10:02,1,0.116,0.11666052,63.08,BTC-27DEC24-80000-C,63909.74,sell,0.6,0.6,,,,
1391,306123437,2024-06-22 05:48:28,0,0.1175,0.1170585,62.82,BTC-27DEC24-80000-C,64376.58,buy,1.0,1.0,,,,
1392,306124280,2024-06-22 06:23:31,1,0.1175,0.11737474,62.84,BTC-27DEC24-80000-C,64372.55,sell,0.2,0.2,,,,
1393,306134742,2024-06-22 13:57:49,2,0.117,0.11724448,62.96,BTC-27DEC24-80000-C,64257.58,sell,0.1,0.1,,,,
1394,306143851,2024-06-23 01:13:56,2,0.1165,0.11631706,62.7,BTC-27DEC24-80000-C,64350.43,sell,0.1,0.1,,,,
1395,306153427,2024-06-23 13:37:00,0,0.1175,0.11729469,63.12,BTC-27DEC24-80000-C,64302.75,buy,0.1,0.1,,,,
1396,306153702,2024-06-23 13:52:22,2,0.117,0.11711421,63.07,BTC-27DEC24-80000-C,64243.82,sell,0.1,0.1,,,,
1397,306153704,2024-06-23 13:52:35,0,0.1175,0.11712049,63.24,BTC-27DEC24-80000-C,64244.79,buy,0.1,0.1,,,,
1398,306154427,2024-06-23 14:28:26,2,0.1165,0.11709934,62.89,BTC-27DEC24-80000-C,64246.73,sell,0.1,0.1,,,,
1399,306157972,2024-06-23 16:56:10,2,0.116,0.11559458,63.36,BTC-27DEC24-80000-C,63920.61,sell,0.1,0.1,,,,
1400,306169602,2024-06-23 23:35:05,2,0.1125,0.11256751,63.05,BTC-27DEC24-80000-C,63476.17,sell,0.1,0.1,,,,
1401,306175006,2024-06-24 00:07:00,2,0.1115,0.11088507,63.26,BTC-27DEC24-80000-C,63183.07,buy,0.1,0.1,,,,
1402,306175007,2024-06-24 00:07:00,3,0.1115,0.11088507,63.26,BTC-27DEC24-80000-C,63183.07,sell,0.1,0.1,,,,
1403,306175283,2024-06-24 00:08:25,2,0.11,0.11031005,62.95,BTC-27DEC24-80000-C,63058.71,sell,0.5,0.5,,,,
1404,306184719,2024-06-24 01:39:52,3,0.11,0.11121276,62.68,BTC-27DEC24-80000-C,63211.1,sell,1.0,1.0,,,,
1405,306184861,2024-06-24 01:41:59,3,0.11,0.11101521,62.71,BTC-27DEC24-80000-C,63205.4,sell,1.2,1.2,,,,
1406,306187849,2024-06-24 02:49:55,2,0.1095,0.10961686,62.86,BTC-27DEC24-80000-C,63024.53,sell,0.1,0.1,,,,
1407,306188764,2024-06-24 02:55:05,2,0.1085,0.10864588,62.82,BTC-27DEC24-80000-C,62830.22,sell,0.1,0.1,,,,
1408,306195901,2024-06-24 04:28:26,2,0.108,0.10799491,62.9,BTC-27DEC24-80000-C,62732.42,sell,0.2,0.2,,,,
1409,306196295,2024-06-24 04:32:41,3,0.108,0.10828116,62.74,BTC-27DEC24-80000-C,62827.74,buy,0.2,0.2,,,,
1410,306208953,2024-06-24 06:55:16,2,0.106,0.10594332,63.0,BTC-27DEC24-80000-C,62264.21,sell,0.2,0.2,,,,
1411,306219290,2024-06-24 08:21:06,3,0.106,0.10565392,62.73,BTC-27DEC24-80000-C,62455.68,buy,0.1,0.1,,,,
1412,306219291,2024-06-24 08:21:06,3,0.106,0.10565392,62.73,BTC-27DEC24-80000-C,62455.68,buy,1.2,1.2,,,,
1413,306220238,2024-06-24 08:26:28,0,0.107,0.10666773,62.71,BTC-27DEC24-80000-C,62660.94,buy,0.6,0.6,,,,
1414,306220239,2024-06-24 08:26:28,1,0.107,0.10666773,62.71,BTC-27DEC24-80000-C,62660.94,buy,0.1,0.1,,,,
1415,306225249,2024-06-24 08:59:06,2,0.1065,0.10652881,62.55,BTC-27DEC24-80000-C,62669.69,buy,0.1,0.1,,,,
1416,306225586,2024-06-24 09:00:48,0,0.107,0.10713359,62.5,BTC-27DEC24-80000-C,62783.56,buy,0.1,0.1,,,,
1417,306227040,2024-06-24 09:09:08,2,0.106,0.10583361,62.65,BTC-27DEC24-80000-C,62503.72,buy,0.1,0.1,,,,
1418,306234869,2024-06-24 09:33:21,2,0.1,0.10070062,62.65,BTC-27DEC24-80000-C,61256.53,sell,0.1,0.1,,,,
1419,306234870,2024-06-24 09:33:21,3,0.1,0.10070062,62.65,BTC-27DEC24-80000-C,61256.53,sell,2.0,2.0,,,,
1420,306266570,2024-06-24 10:56:17,0,0.1005,0.10031199,62.94,BTC-27DEC24-80000-C,61231.92,buy,0.1,0.1,,,,
1421,306267595,2024-06-24 11:03:55,0,0.101,0.10054743,63.12,BTC-27DEC24-80000-C,61245.42,buy,0.1,0.1,,,,
1422,306270804,2024-06-24 11:22:46,2,0.098,0.09904827,62.59,BTC-27DEC24-80000-C,60955.78,sell,5.0,5.0,,,,
1423,306270805,2024-06-24 11:22:46,3,0.098,0.09904827,62.59,BTC-27DEC24-80000-C,60955.78,sell,5.0,5.0,,,,
1424,306282172,2024-06-24 12:39:25,0,0.101,0.10064777,63.09,BTC-27DEC24-80000-C,61202.63,buy,0.1,0.1,,,,
1425,306282645,2024-06-24 12:43:07,1,0.101,0.10100834,63.08,BTC-27DEC24-80000-C,61183.7,sell,0.1,0.1,,,,
1426,306302532,2024-06-24 15:40:11,0,0.1015,0.10104216,63.26,BTC-27DEC24-80000-C,61162.87,buy,14.0,14.0,,BTC-CCAL-27DEC24_27SEP24-80000,,145630
1427,306306875,2024-06-24 15:58:59,2,0.099,0.09886063,63.22,BTC-27DEC24-80000-C,60688.74,buy,0.1,0.1,,,,
1428,306306876,2024-06-24 15:58:59,3,0.099,0.09886063,63.22,BTC-27DEC24-80000-C,60688.74,buy,0.4,0.4,,,,
1429,306330376,2024-06-24 17:16:56,2,0.0975,0.09786073,63.17,BTC-27DEC24-80000-C,60379.03,sell,0.3,0.3,,,,
1430,306330534,2024-06-24 17:17:37,3,0.0975,0.09767832,63.21,BTC-27DEC24-80000-C,60361.42,sell,0.3,0.3,,,,
1431,306336131,2024-06-24 17:38:18,2,0.097,0.09680222,63.33,BTC-27DEC24-80000-C,60185.69,buy,0.1,0.1,,,,
1432,306338594,2024-06-24 17:51:09,0,0.0975,0.09710186,63.5,BTC-27DEC24-80000-C,60201.76,buy,0.1,0.1,,,,
1433,306341188,2024-06-24 18:11:36,1,0.0975,0.09694998,63.66,BTC-27DEC24-80000-C,60115.83,buy,0.1,0.1,,,,
1434,306342430,2024-06-24 18:16:51,2,0.0965,0.09569502,63.83,BTC-27DEC24-80000-C,59817.81,buy,0.1,0.1,,,,
1435,306342431,2024-06-24 18:16:51,3,0.0965,0.09569502,63.83,BTC-27DEC24-80000-C,59817.81,sell,0.9,0.9,,,,
1436,306351719,2024-06-24 19:29:43,0,0.097,0.09686123,63.75,BTC-27DEC24-80000-C,59980.33,buy,0.1,0.1,,,,
1437,306353234,2024-06-24 19:46:43,2,0.0965,0.09620092,63.87,BTC-27DEC24-80000-C,59807.29,buy,0.1,0.1,,,,
1438,306353613,2024-06-24 19:49:29,2,0.096,0.09575659,63.93,BTC-27DEC24-80000-C,59641.81,sell,0.4,0.4,,,,
1439,306354388,2024-06-24 19:51:12,3,0.096,0.0956712,64.05,BTC-27DEC24-80000-C,59584.3,sell,0.2,0.2,,,,
1440,306354389,2024-06-24 19:51:12,3,0.096,0.0956712,64.05,BTC-27DEC24-80000-C,59584.3,sell,0.4,0.4,,,,
1441,306355751,2024-06-24 19:55:37,2,0.0955,0.09516954,64.08,BTC-27DEC24-80000-C,59408.61,sell,0.3,0.3,,,,
1442,306355752,2024-06-24 19:55:37,3,0.0955,0.09516954,64.08,BTC-27DEC24-80000-C,59408.61,sell,4.2,4.2,,,,
1443,306378011,2024-06-24 20:58:20,0,0.098,0.09749661,64.93,BTC-27DEC24-80000-C,59474.76,buy,0.1,0.1,,,,
1444,306380410,2024-06-24 21:13:57,0,0.0985,0.09824096,64.97,BTC-27DEC24-80000-C,59554.93,buy,0.1,0.1,,,,
1445,306382491,2024-06-24 21:30:05,0,0.099,0.09898887,64.78,BTC-27DEC24-80000-C,59793.52,buy,0.1,0.1,,,,
1446,306384620,2024-06-24 21:50:04,0,0.1005,0.09954057,65.12,BTC-27DEC24-80000-C,59876.78,buy,0.4,0.4,,,,
1447,306391606,2024-06-24 23:19:22,0,0.101,0.10134408,64.76,BTC-27DEC24-80000-C,60152.16,sell,0.9,0.9,,,,
1448,306391617,2024-06-24 23:19:31,1,0.101,0.10133293,64.77,BTC-27DEC24-80000-C,60151.7,sell,0.1,0.1,,,,
1449,306391618,2024-06-24 23:19:31,1,0.101,0.10133293,64.77,BTC-27DEC24-80000-C,60151.7,sell,0.3,0.3,,,,
1450,306392865,2024-06-24 23:44:09,0,0.1025,0.10220026,64.93,BTC-27DEC24-80000-C,60361.07,buy,0.1,0.1,,,,
1451,306393101,2024-06-24 23:50:37,1,0.1025,0.10210417,64.95,BTC-27DEC24-80000-C,60345.42,buy,0.1,0.1,,,,
1452,306420797,2024-06-25 06:00:07,0,0.1045,0.1040298,64.38,BTC-27DEC24-80000-C,61012.51,buy,0.1,0.1,,,,
1453,306420903,2024-06-25 06:01:22,1,0.1045,0.10393579,64.43,BTC-27DEC24-80000-C,60978.41,buy,0.1,0.1,,,,
1454,306420904,2024-06-25 06:01:28,0,0.105,0.10403417,64.57,BTC-27DEC24-80000-C,60998.33,buy,3.0,3.0,,,,
1455,306420905,2024-06-25 06:01:28,1,0.105,0.10403417,64.57,BTC-27DEC24-80000-C,60998.33,sell,7.5,7.5,,,,
1456,306420906,2024-06-25 06:01:28,1,0.105,0.10403549,64.57,BTC-27DEC24-80000-C,60998.33,sell,4.0,4.0,,,,
1457,306420907,2024-06-25 06:01:28,1,0.105,0.10403549,64.57,BTC-27DEC24-80000-C,60998.33,sell,4.0,4.0,,,,
1458,306420977,2024-06-25 06:01:53,1,0.105,0.10425187,64.6,BTC-27DEC24-80000-C,60980.88,sell,3.4,3.4,,,,
1459,306421128,2024-06-25 06:05:10,1,0.105,0.10444628,64.66,BTC-27DEC24-80000-C,60948.5,buy,0.1,0.1,,,,
1460,306421129,2024-06-25 06:05:10,1,0.105,0.10444628,64.66,BTC-27DEC24-80000-C,60948.5,buy,3.0,3.0,,,,
1461,306421130,2024-06-25 06:05:10,1,0.105,0.10444628,64.66,BTC-27DEC24-80000-C,60948.5,sell,5.2,5.2,,,,
1462,306421536,2024-06-25 06:14:36,2,0.1035,0.10372907,64.01,BTC-27DEC24-80000-C,61010.18,buy,1.0,1.0,,,,
1463,306422396,2024-06-25 06:33:46,0,0.104,0.1040394,64.06,BTC-27DEC24-80000-C,61101.73,buy,0.1,0.1,,,,
1464,306422464,2024-06-25 06:36:07,0,0.1045,0.1040635,64.24,BTC-27DEC24-80000-C,61089.82,buy,0.1,0.1,,,,
1465,306422470,2024-06-25 06:36:27,1,0.1045,0.10409051,64.24,BTC-27DEC24-80000-C,61090.18,buy,0.1,0.1,,,,
1466,306422494,2024-06-25 06:36:46,0,0.105,0.10402853,64.45,BTC-27DEC24-80000-C,61073.99,buy,0.1,0.1,,,,
1467,306422495,2024-06-25 06:36:46,1,0.105,0.10402853,64.45,BTC-27DEC24-80000-C,61073.99,sell,14.6,14.6,,,,
1468,306422498,2024-06-25 06:36:51,1,0.105,0.10404914,64.46,BTC-27DEC24-80000-C,61066.01,sell,0.6,0.6,,,,
1469,306423412,2024-06-25 06:50:38,2,0.1045,0.10440819,64.26,BTC-27DEC24-80000-C,61097.85,buy,0.1,0.1,,,,
1470,306427893,2024-06-25 07:36:01,2,0.1025,0.10237765,64.02,BTC-27DEC24-80000-C,60847.88,buy,0.1,0.1,,,,
1471,306428749,2024-06-25 07:45:00,2,0.102,0.10174943,64.13,BTC-27DEC24-80000-C,60692.18,buy,0.1,0.1,,,,
1472,306434428,2024-06-25 08:41:59,0,0.1025,0.1017712,64.32,BTC-27DEC24-80000-C,60719.88,buy,0.1,0.1,,,,
1473,306437153,2024-06-25 08:56:33,0,0.1035,0.10417579,64.47,BTC-27DEC24-80000-C,60846.55,buy,0.2,0.2,,,,
1474,306437192,2024-06-25 08:56:50,1,0.1035,0.10419063,64.47,BTC-27DEC24-80000-C,60845.9,buy,1.0,1.0,,,,
1475,306437263,2024-06-25 08:57:10,1,0.1035,0.10419529,64.47,BTC-27DEC24-80000-C,60842.2,buy,1.0,1.0,,,,
1476,306438788,2024-06-25 09:16:31,0,0.104,0.10433298,64.53,BTC-27DEC24-80000-C,60914.2,buy,1.0,1.0,,,,
1477,306446914,2024-06-25 10:03:53,0,0.1065,0.10567174,64.66,BTC-27DEC24-80000-C,61338.66,buy,0.1,0.1,,,,
1478,306450941,2024-06-25 11:00:20,2,0.105,0.10429964,64.33,BTC-27DEC24-80000-C,61269.38,buy,0.1,0.1,,,,
1479,306450942,2024-06-25 11:00:20,3,0.105,0.10429964,64.33,BTC-27DEC24-80000-C,61269.38,buy,0.2,0.2,,,,
1480,306450943,2024-06-25 11:00:20,3,0.105,0.10429964,64.33,BTC-27DEC24-80000-C,61269.38,buy,0.2,0.2,,,,
1481,306452849,2024-06-25 11:29:52,2,0.1034,0.10357214,63.88,BTC-27DEC24-80000-C,61184.79,sell,7.0,7.0,,,,145783
1482,306453046,2024-06-25 11:33:51,2,0.103,0.10331026,63.76,BTC-27DEC24-80000-C,61164.63,buy,0.2,0.2,,,,
1483,306457038,2024-06-25 12:16:34,3,0.103,0.10309565,63.88,BTC-27DEC24-80000-C,61100.84,sell,0.1,0.1,,,,
1484,306461452,2024-06-25 13:04:13,2,0.1025,0.10244707,63.79,BTC-27DEC24-80000-C,61051.61,buy,0.1,0.1,,,,
1485,306462567,2024-06-25 13:14:35,0,0.103,0.10295228,63.77,BTC-27DEC24-80000-C,61158.6,buy,0.1,0.1,,,,
1486,306466515,2024-06-25 13:49:12,0,0.1035,0.10346791,63.74,BTC-27DEC24-80000-C,61289.04,buy,0.1,0.1,,,,
1487,306482528,2024-06-25 15:32:54,0,0.107,0.10679687,63.96,BTC-27DEC24-80000-C,61878.43,buy,0.1,0.1,,,,
1488,306483262,2024-06-25 15:37:57,1,0.107,0.1068637,63.95,BTC-27DEC24-80000-C,61887.09,buy,0.1,0.1,,,,
1489,306484135,2024-06-25 15:51:19,2,0.1065,0.10695029,63.83,BTC-27DEC24-80000-C,61857.97,buy,0.1,0.1,,,,
1490,306484150,2024-06-25 15:51:38,3,0.1065,0.1070445,63.79,BTC-27DEC24-80000-C,61874.35,buy,0.1,0.1,,,,
1491,306484160,2024-06-25 15:52:29,3,0.1065,0.10690916,63.84,BTC-27DEC24-80000-C,61857.75,buy,0.1,0.1,,,,
1492,306484276,2024-06-25 15:54:20,0,0.107,0.10703735,63.96,BTC-27DEC24-80000-C,61887.11,buy,0.1,0.1,,,,
1493,306518733,2024-06-25 23:26:17,2,0.1055,0.10605471,63.64,BTC-27DEC24-80000-C,61724.3,buy,0.2,0.2,,,,
1494,306523012,2024-06-26 01:19:16,0,0.106,0.10682469,63.37,BTC-27DEC24-80000-C,61987.6,sell,1.4,1.4,,,,
1495,306533313,2024-06-26 02:57:29,0,0.1075,0.1073545,63.89,BTC-27DEC24-80000-C,62028.7,buy,1.3,1.3,,,,
1496,306541648,2024-06-26 05:08:54,2,0.1055,0.10494039,63.72,BTC-27DEC24-80000-C,61760.74,buy,0.1,0.1,,,,
1497,306553862,2024-06-26 08:18:02,2,0.104,0.10402344,63.76,BTC-27DEC24-80000-C,61461.52,sell,0.1,0.1,,,,
1498,306553863,2024-06-26 08:18:02,3,0.104,0.10402344,63.76,BTC-27DEC24-80000-C,61461.52,sell,0.5,0.5,,,,
1499,306554681,2024-06-26 08:22:21,3,0.104,0.10374399,63.77,BTC-27DEC24-80000-C,61452.81,buy,0.1,0.1,,,,
1500,306560987,2024-06-26 10:10:18,2,0.1025,0.10286238,63.61,BTC-27DEC24-80000-C,61268.07,sell,0.1,0.1,,,,
1501,306560988,2024-06-26 10:10:18,3,0.1025,0.10286238,63.61,BTC-27DEC24-80000-C,61268.07,sell,0.1,0.1,,,,
1502,306561803,2024-06-26 10:24:04,3,0.1025,0.1024219,63.67,BTC-27DEC24-80000-C,61241.82,sell,0.4,0.4,,,,
1503,306562846,2024-06-26 10:32:18,2,0.1015,0.10246543,63.29,BTC-27DEC24-80000-C,61245.14,sell,5.0,5.0,,,,
1504,306562847,2024-06-26 10:32:18,3,0.1015,0.10246543,63.29,BTC-27DEC24-80000-C,61245.14,sell,5.9,5.9,,,,
1505,306579170,2024-06-26 13:47:13,0,0.104,0.10345395,63.29,BTC-27DEC24-80000-C,61752.64,buy,0.1,0.1,,,,
1506,306587254,2024-06-26 15:06:26,2,0.103,0.10244991,63.32,BTC-27DEC24-80000-C,61620.25,buy,0.1,0.1,,,,
1507,306599629,2024-06-26 17:03:56,2,0.1,0.10033035,63.23,BTC-27DEC24-80000-C,61069.68,sell,0.1,0.1,,,,
1508,306605339,2024-06-26 17:31:59,0,0.101,0.10079225,63.34,BTC-27DEC24-80000-C,61235.87,buy,0.1,0.1,,,,
1509,306613767,2024-06-26 19:07:20,2,0.0985,0.0982302,63.38,BTC-27DEC24-80000-C,60769.78,buy,0.1,0.1,,,,
1510,306613768,2024-06-26 19:07:20,3,0.0985,0.0982302,63.38,BTC-27DEC24-80000-C,60769.78,sell,0.9,0.9,,,,
1511,306615130,2024-06-26 19:21:24,2,0.098,0.09808497,63.32,BTC-27DEC24-80000-C,60724.19,sell,0.1,0.1,,,,
1512,306615149,2024-06-26 19:21:25,3,0.098,0.0980874,63.31,BTC-27DEC24-80000-C,60706.16,sell,0.9,0.9,,,,
1513,306615741,2024-06-26 19:27:32,3,0.098,0.09826789,63.2,BTC-27DEC24-80000-C,60786.08,buy,0.1,0.1,,,,
1514,306623244,2024-06-26 20:58:11,0,0.099,0.09898798,63.25,BTC-27DEC24-80000-C,60953.2,buy,0.1,0.1,,,,
1515,306628914,2024-06-26 23:21:46,2,0.0985,0.09862827,63.36,BTC-27DEC24-80000-C,60797.83,sell,0.1,0.1,,,,
1516,306637624,2024-06-27 02:02:04,0,0.0995,0.09937415,63.39,BTC-27DEC24-80000-C,61025.16,buy,0.1,0.1,,,,
1517,306637730,2024-06-27 02:04:55,2,0.099,0.09895715,63.37,BTC-27DEC24-80000-C,60929.15,buy,0.1,0.1,,,,
1518,306637739,2024-06-27 02:05:06,3,0.099,0.09896418,63.37,BTC-27DEC24-80000-C,60929.51,buy,0.1,0.1,,,,
1519,306645459,2024-06-27 05:30:21,3,0.099,0.09932159,63.37,BTC-27DEC24-80000-C,60915.35,sell,0.1,0.1,,,,
1520,306645460,2024-06-27 05:30:21,3,0.099,0.09932159,63.37,BTC-27DEC24-80000-C,60915.35,sell,3.8,3.8,,,,
1521,306654905,2024-06-27 08:26:47,2,0.096,0.09687774,62.58,BTC-27DEC24-80000-C,60725.91,sell,5.0,5.0,,,,
1522,306654906,2024-06-27 08:26:47,3,0.096,0.09687774,62.58,BTC-27DEC24-80000-C,60725.91,sell,1.2,1.2,,,,
1523,306654948,2024-06-27 08:27:45,3,0.096,0.09691782,62.55,BTC-27DEC24-80000-C,60740.43,sell,1.2,1.2,,,,
1524,306662238,2024-06-27 09:28:40,0,0.0975,0.09693136,62.84,BTC-27DEC24-80000-C,60942.1,buy,0.5,0.5,,,,
1525,306662239,2024-06-27 09:28:40,1,0.0975,0.09693136,62.84,BTC-27DEC24-80000-C,60942.1,buy,0.1,0.1,,,,
1526,306663105,2024-06-27 09:40:55,0,0.098,0.0979195,62.93,BTC-27DEC24-80000-C,60981.99,buy,0.1,0.1,,,,
1527,306667686,2024-06-27 10:31:06,0,0.0995,0.09956815,62.99,BTC-27DEC24-80000-C,61231.6,buy,0.1,0.1,,,,
1528,306671426,2024-06-27 11:22:04,2,0.0985,0.09905158,62.8,BTC-27DEC24-80000-C,61132.64,buy,0.1,0.1,,,,
1529,306689893,2024-06-27 13:32:27,0,0.1,0.10036501,62.35,BTC-27DEC24-80000-C,61701.03,sell,1.0,1.0,,,,
1530,306690006,2024-06-27 13:32:38,0,0.1005,0.10063363,62.43,BTC-27DEC24-80000-C,61760.05,buy,0.1,0.1,,,,
1531,306692459,2024-06-27 13:49:23,2,0.0995,0.1001524,62.13,BTC-27DEC24-80000-C,61709.13,sell,0.3,0.3,,,,
1532,306692686,2024-06-27 13:51:41,2,0.099,0.09962714,62.14,BTC-27DEC24-80000-C,61618.23,sell,0.5,0.5,,,,
1533,306692728,2024-06-27 13:52:08,3,0.099,0.09964437,62.12,BTC-27DEC24-80000-C,61621.28,sell,0.5,0.5,,,,
1534,306692987,2024-06-27 13:55:08,0,0.0995,0.10008872,62.09,BTC-27DEC24-80000-C,61746.57,sell,1.8,1.8,,,,
1535,306695112,2024-06-27 14:01:43,0,0.101,0.10165271,62.0,BTC-27DEC24-80000-C,62102.1,sell,0.8,0.8,,,,
1536,306695751,2024-06-27 14:02:56,1,0.101,0.10210097,61.81,BTC-27DEC24-80000-C,62188.21,sell,0.2,0.2,,,,
1537,306698577,2024-06-27 14:15:03,0,0.1015,0.10225454,61.79,BTC-27DEC24-80000-C,62299.28,sell,6.0,6.0,,,,
1538,306700075,2024-06-27 14:24:39,1,0.1015,0.10178578,61.95,BTC-27DEC24-80000-C,62216.95,sell,0.3,0.3,,,,
1539,306700083,2024-06-27 14:24:45,1,0.1015,0.10170864,61.97,BTC-27DEC24-80000-C,62207.28,sell,0.1,0.1,,,,
1540,306700093,2024-06-27 14:24:48,1,0.1015,0.10168996,61.98,BTC-27DEC24-80000-C,62206.37,sell,0.7,0.7,,,,
1541,306700666,2024-06-27 14:28:00,1,0.1015,0.10193676,61.91,BTC-27DEC24-80000-C,62232.9,sell,0.2,0.2,,,,
1542,306700681,2024-06-27 14:28:03,1,0.1015,0.10193246,61.91,BTC-27DEC24-80000-C,62231.99,sell,0.1,0.1,,,,
1543,306700733,2024-06-27 14:28:18,1,0.1015,0.10199625,61.9,BTC-27DEC24-80000-C,62237.61,sell,0.2,0.2,,,,
1544,306700748,2024-06-27 14:28:21,1,0.1015,0.10194515,61.91,BTC-27DEC24-80000-C,62230.79,sell,1.3,1.3,,,,
1545,306701458,2024-06-27 14:34:53,2,0.101,0.1008327,62.09,BTC-27DEC24-80000-C,62032.95,buy,0.1,0.1,,,,
1546,306701896,2024-06-27 14:38:57,3,0.101,0.1008188,62.11,BTC-27DEC24-80000-C,62012.98,sell,10.0,10.0,,,,
1547,306701993,2024-06-27 14:39:52,3,0.101,0.10084011,62.1,BTC-27DEC24-80000-C,62015.78,sell,4.1,4.1,,,,
1548,306701997,2024-06-27 14:39:55,3,0.101,0.10091033,62.08,BTC-27DEC24-80000-C,62020.89,sell,0.1,0.1,,,,
1549,306702001,2024-06-27 14:39:58,3,0.101,0.10087864,62.09,BTC-27DEC24-80000-C,62012.19,buy,0.1,0.1,,,,
1550,306702264,2024-06-27 14:44:10,2,0.1005,0.1009883,61.94,BTC-27DEC24-80000-C,61993.63,sell,0.1,0.1,,,,
1551,306702269,2024-06-27 14:44:25,3,0.1005,0.10103155,61.94,BTC-27DEC24-80000-C,61993.33,sell,0.1,0.1,,,,
1552,306702290,2024-06-27 14:44:50,3,0.1005,0.10109311,61.92,BTC-27DEC24-80000-C,62001.21,sell,5.6,5.6,,,,
1553,306707547,2024-06-27 15:30:37,2,0.0985,0.09833098,62.03,BTC-27DEC24-80000-C,61566.11,buy,0.1,0.1,,,,
1554,306711305,2024-06-27 16:06:20,0,0.0995,0.09929962,62.25,BTC-27DEC24-80000-C,61629.12,sell,0.2,0.2,,,,
1555,306711309,2024-06-27 16:06:23,1,0.0995,0.09926582,62.27,BTC-27DEC24-80000-C,61620.42,sell,0.5,0.5,,,,
1556,306711310,2024-06-27 16:06:26,1,0.0995,0.09925215,62.27,BTC-27DEC24-80000-C,61619.58,sell,0.1,0.1,,,,
1557,306711311,2024-06-27 16:06:28,1,0.0995,0.09925465,62.27,BTC-27DEC24-80000-C,61619.39,sell,0.1,0.1,,,,
1558,306711335,2024-06-27 16:06:31,1,0.0995,0.09925581,62.29,BTC-27DEC24-80000-C,61598.44,sell,6.3,6.3,,,,
1559,306711341,2024-06-27 16:06:34,1,0.0995,0.09914592,62.31,BTC-27DEC24-80000-C,61594.42,sell,1.1,1.1,,,,
1560,306711348,2024-06-27 16:06:37,1,0.0995,0.09914254,62.32,BTC-27DEC24-80000-C,61594.51,sell,0.1,0.1,,,,
1561,306711365,2024-06-27 16:06:40,1,0.0995,0.0991463,62.32,BTC-27DEC24-80000-C,61594.66,sell,0.9,0.9,,,,
1562,306711371,2024-06-27 16:06:42,1,0.0995,0.09912987,62.34,BTC-27DEC24-80000-C,61579.67,sell,2.7,2.7,,,,
1563,306711380,2024-06-27 16:06:47,1,0.0995,0.09907352,62.35,BTC-27DEC24-80000-C,61579.31,sell,1.6,1.6,,,,
1564,306711389,2024-06-27 16:06:49,1,0.0995,0.09905769,62.36,BTC-27DEC24-80000-C,61568.25,sell,2.2,2.2,,,,
1565,306711398,2024-06-27 16:06:50,1,0.0995,0.09903763,62.37,BTC-27DEC24-80000-C,61557.75,buy,0.1,0.1,,,,
1566,306711428,2024-06-27 16:07:02,1,0.0995,0.09903723,62.38,BTC-27DEC24-80000-C,61564.92,sell,0.2,0.2,,,,
1567,306711438,2024-06-27 16:07:08,1,0.0995,0.09901546,62.38,BTC-27DEC24-80000-C,61561.52,sell,0.1,0.1,,,,
1568,306711441,2024-06-27 16:07:10,1,0.0995,0.09901843,62.39,BTC-27DEC24-80000-C,61556.95,sell,0.2,0.2,,,,
1569,306711670,2024-06-27 16:09:52,0,0.1,0.09977137,62.4,BTC-27DEC24-80000-C,61640.53,sell,3.6,3.6,,,,
1570,306712557,2024-06-27 16:21:16,2,0.0995,0.09947669,62.26,BTC-27DEC24-80000-C,61624.0,sell,0.1,0.1,,,,
1571,306712858,2024-06-27 16:26:15,2,0.099,0.09911969,62.25,BTC-27DEC24-80000-C,61545.5,sell,0.3,0.3,,,,
1572,306713014,2024-06-27 16:28:01,0,0.0995,0.09926295,62.42,BTC-27DEC24-80000-C,61551.77,buy,0.1,0.1,,,,
1573,306713015,2024-06-27 16:28:01,1,0.0995,0.09926295,62.42,BTC-27DEC24-80000-C,61551.77,sell,7.1,7.1,,,,
1574,306713150,2024-06-27 16:31:51,1,0.0995,0.09965332,62.41,BTC-27DEC24-80000-C,61556.5,sell,0.4,0.4,,,,
1575,306713330,2024-06-27 16:34:12,1,0.0995,0.09942059,62.52,BTC-27DEC24-80000-C,61514.63,buy,8.1,8.1,,,,
1576,306713421,2024-06-27 16:36:05,1,0.0995,0.09952502,62.46,BTC-27DEC24-80000-C,61535.36,buy,0.1,0.1,,,,
1577,306713548,2024-06-27 16:38:21,0,0.1,0.1001182,62.42,BTC-27DEC24-80000-C,61651.51,sell,0.9,0.9,,,,
1578,306713549,2024-06-27 16:38:25,1,0.1,0.10015972,62.41,BTC-27DEC24-80000-C,61649.99,sell,0.7,0.7,,,,
1579,306713749,2024-06-27 16:44:03,0,0.1005,0.10045497,62.52,BTC-27DEC24-80000-C,61695.19,buy,0.1,0.1,,,,
1580,306714267,2024-06-27 16:55:02,2,0.1,0.10045376,62.34,BTC-27DEC24-80000-C,61697.77,sell,5.0,5.0,,,,
1581,306714450,2024-06-27 16:57:58,3,0.1,0.10034889,62.38,BTC-27DEC24-80000-C,61675.45,sell,5.0,5.0,,,,
1582,306714534,2024-06-27 16:59:54,3,0.1,0.1001713,62.43,BTC-27DEC24-80000-C,61646.61,buy,0.1,0.1,,,,
1583,306714535,2024-06-27 16:59:54,3,0.1,0.1001713,62.43,BTC-27DEC24-80000-C,61646.61,sell,0.9,0.9,,,,
1584,306714754,2024-06-27 17:04:00,3,0.1,0.10041708,62.35,BTC-27DEC24-80000-C,61686.21,sell,1.0,1.0,,,,
1585,306714875,2024-06-27 17:06:55,0,0.1005,0.10073555,62.38,BTC-27DEC24-80000-C,61758.66,buy,0.1,0.1,,,,
1586,306714887,2024-06-27 17:07:00,1,0.1005,0.1007992,62.37,BTC-27DEC24-80000-C,61765.5,sell,0.5,0.5,,,,
1587,306714888,2024-06-27 17:07:03,1,0.1005,0.1008052,62.37,BTC-27DEC24-80000-C,61762.67,sell,1.1,1.1,,,,
1588,306715002,2024-06-27 17:09:29,1,0.1005,0.10064653,62.41,BTC-27DEC24-80000-C,61741.8,sell,7.1,7.1,,,,
1589,306715961,2024-06-27 17:22:50,0,0.101,0.10146953,62.33,BTC-27DEC24-80000-C,61870.93,sell,2.1,2.1,,,,
1590,306715967,2024-06-27 17:22:52,1,0.101,0.10147013,62.33,BTC-27DEC24-80000-C,61871.11,sell,0.6,0.6,,,,
1591,306715968,2024-06-27 17:22:55,1,0.101,0.10146951,62.33,BTC-27DEC24-80000-C,61871.06,sell,0.5,0.5,,,,
1592,306715969,2024-06-27 17:22:58,1,0.101,0.10146505,62.33,BTC-27DEC24-80000-C,61870.27,sell,1.3,1.3,,,,
1593,306715972,2024-06-27 17:23:00,1,0.101,0.10143656,62.34,BTC-27DEC24-80000-C,61864.59,sell,0.2,0.2,,,,
1594,306715973,2024-06-27 17:23:03,1,0.101,0.10143879,62.34,BTC-27DEC24-80000-C,61865.13,sell,0.2,0.2,,,,
1595,306715975,2024-06-27 17:23:06,1,0.101,0.10143839,62.35,BTC-27DEC24-80000-C,61862.55,sell,0.3,0.3,,,,
1596,306715979,2024-06-27 17:23:21,1,0.101,0.10147354,62.33,BTC-27DEC24-80000-C,61871.78,sell,0.2,0.2,,,,
1597,306717120,2024-06-27 17:36:50,2,0.1005,0.10075818,62.41,BTC-27DEC24-80000-C,61777.79,sell,0.1,0.1,,,,
1598,306717153,2024-06-27 17:37:06,3,0.1005,0.10067401,62.44,BTC-27DEC24-80000-C,61762.03,buy,0.1,0.1,,,,
1599,306717154,2024-06-27 17:37:06,3,0.1005,0.10067401,62.44,BTC-27DEC24-80000-C,61762.03,sell,4.0,4.0,,,,
1600,306717216,2024-06-27 17:37:36,3,0.1005,0.10060524,62.47,BTC-27DEC24-80000-C,61751.81,sell,0.8,0.8,,,,
1601,306717287,2024-06-27 17:39:06,3,0.1005,0.10071588,62.43,BTC-27DEC24-80000-C,61769.32,sell,0.2,0.2,,,,
1602,306717849,2024-06-27 17:52:01,3,0.1005,0.10074357,62.4,BTC-27DEC24-80000-C,61782.06,buy,0.1,0.1,,,,
1603,306717863,2024-06-27 17:52:29,3,0.1005,0.10080819,62.37,BTC-27DEC24-80000-C,61792.94,sell,0.2,0.2,,,,
1604,306717865,2024-06-27 17:52:32,3,0.1005,0.10076718,62.4,BTC-27DEC24-80000-C,61783.33,sell,0.2,0.2,,,,
1605,306718490,2024-06-27 18:06:19,2,0.1,0.10029769,62.38,BTC-27DEC24-80000-C,61696.42,sell,0.3,0.3,,,,
1606,306718513,2024-06-27 18:06:30,3,0.1,0.10024395,62.39,BTC-27DEC24-80000-C,61690.95,buy,0.1,0.1,,,,
1607,306718514,2024-06-27 18:06:30,3,0.1,0.10024395,62.39,BTC-27DEC24-80000-C,61690.95,sell,0.3,0.3,,,,
1608,306718515,2024-06-27 18:06:38,3,0.1,0.10026106,62.39,BTC-27DEC24-80000-C,61692.56,sell,0.1,0.1,,,,
1609,306718516,2024-06-27 18:06:42,3,0.1,0.10025145,62.39,BTC-27DEC24-80000-C,61693.09,sell,0.2,0.2,,,,
1610,306718517,2024-06-27 18:06:45,3,0.1,0.10024779,62.39,BTC-27DEC24-80000-C,61692.44,sell,0.1,0.1,,,,
1611,306718518,2024-06-27 18:06:48,3,0.1,0.100246,62.39,BTC-27DEC24-80000-C,61692.75,sell,0.4,0.4,,,,
1612,306718521,2024-06-27 18:06:51,3,0.1,0.10024426,62.39,BTC-27DEC24-80000-C,61691.3,sell,0.5,0.5,,,,
1613,306718522,2024-06-27 18:07:00,3,0.1,0.10024923,62.39,BTC-27DEC24-80000-C,61692.38,sell,0.2,0.2,,,,
1614,306718523,2024-06-27 18:07:03,3,0.1,0.10024392,62.39,BTC-27DEC24-80000-C,61691.05,sell,0.3,0.3,,,,
1615,306718525,2024-06-27 18:07:13,3,0.1,0.10023842,62.39,BTC-27DEC24-80000-C,61691.68,sell,0.1,0.1,,,,
1616,306718715,2024-06-27 18:08:24,0,0.1005,0.10073351,62.39,BTC-27DEC24-80000-C,61780.55,sell,5.3,5.3,,,,
1617,306718722,2024-06-27 18:08:27,1,0.1005,0.10078004,62.37,BTC-27DEC24-80000-C,61788.6,sell,3.9,3.9,,,,
1618,306719654,2024-06-27 18:27:48,2,0.1,0.10035086,62.28,BTC-27DEC24-80000-C,61745.89,sell,0.1,0.1,,,,
1619,306719671,2024-06-27 18:28:08,3,0.1,0.10037115,62.25,BTC-27DEC24-80000-C,61762.33,sell,0.1,0.1,,,,
1620,306722418,2024-06-27 19:10:10,3,0.1,0.09973887,62.65,BTC-27DEC24-80000-C,61537.62,sell,0.1,0.1,,,,
1621,306724264,2024-06-27 19:37:48,2,0.0995,0.09955353,62.49,BTC-27DEC24-80000-C,61493.9,buy,0.3,0.3,,,,
1622,306732593,2024-06-27 22:22:04,0,0.101,0.10030391,63.01,BTC-27DEC24-80000-C,61563.41,buy,6.0,6.0,,,,
1623,306732594,2024-06-27 22:22:04,1,0.101,0.10030391,63.01,BTC-27DEC24-80000-C,61563.41,buy,1.4,1.4,,,,
1624,306732595,2024-06-27 22:22:04,1,0.101,0.10030391,63.01,BTC-27DEC24-80000-C,61563.41,buy,3.0,3.0,,,,
1625,306732596,2024-06-27 22:22:04,1,0.101,0.10030391,63.01,BTC-27DEC24-80000-C,61563.41,buy,2.0,2.0,,,,
1626,306732597,2024-06-27 22:22:04,1,0.101,0.10030391,63.01,BTC-27DEC24-80000-C,61563.41,sell,1.2,1.2,,,,
1627,306732602,2024-06-27 22:22:04,1,0.101,0.10030391,63.01,BTC-27DEC24-80000-C,61563.41,sell,4.0,4.0,,,,
1628,306732604,2024-06-27 22:22:04,1,0.101,0.10030391,63.01,BTC-27DEC24-80000-C,61563.41,sell,2.4,2.4,,,,
1629,306788156,2024-06-28 08:10:13,2,0.095,0.09579638,61.88,BTC-27DEC24-80000-C,61181.53,sell,0.1,0.1,,,,
1630,306788157,2024-06-28 08:10:13,3,0.095,0.09579638,61.88,BTC-27DEC24-80000-C,61181.53,sell,3.3,3.3,,,,
1631,306790905,2024-06-28 08:21:21,2,0.094,0.0947604,61.66,BTC-27DEC24-80000-C,61284.93,sell,0.2,0.2,,,,
1632,306790906,2024-06-28 08:21:21,3,0.094,0.0947604,61.66,BTC-27DEC24-80000-C,61284.93,sell,1.1,1.1,,,,
1633,306795972,2024-06-28 09:07:10,0,0.0965,0.0963146,62.07,BTC-27DEC24-80000-C,61368.67,buy,0.1,0.1,,,,
1634,306803419,2024-06-28 10:36:01,1,0.0965,0.09733219,61.71,BTC-27DEC24-80000-C,61479.87,sell,1.0,1.0,,,,
1635,306803420,2024-06-28 10:36:10,0,0.098,0.09732292,62.26,BTC-27DEC24-80000-C,61480.36,buy,0.8,0.8,,,,
1636,306803421,2024-06-28 10:36:10,1,0.098,0.09732292,62.26,BTC-27DEC24-80000-C,61480.36,buy,1.2,1.2,,,,
1637,306803441,2024-06-28 10:36:51,1,0.098,0.09742834,62.28,BTC-27DEC24-80000-C,61471.13,buy,0.1,0.1,,,,
1638,306803442,2024-06-28 10:36:51,1,0.098,0.09742834,62.28,BTC-27DEC24-80000-C,61471.13,sell,0.9,0.9,,,,
1639,306803458,2024-06-28 10:37:33,0,0.0985,0.09760402,62.47,BTC-27DEC24-80000-C,61470.01,buy,1.0,1.0,,,,
1640,306806797,2024-06-28 11:46:16,2,0.097,0.09716855,61.68,BTC-27DEC24-80000-C,61577.28,buy,0.1,0.1,,,,
1641,306807110,2024-06-28 11:55:42,3,0.097,0.09722493,61.68,BTC-27DEC24-80000-C,61581.21,buy,0.1,0.1,,,,
1642,306807112,2024-06-28 11:55:47,3,0.097,0.09720651,61.69,BTC-27DEC24-80000-C,61579.04,buy,0.1,0.1,,,,
1643,306808390,2024-06-28 12:13:11,0,0.0975,0.09749184,61.72,BTC-27DEC24-80000-C,61639.29,buy,0.1,0.1,,,,
1644,306809332,2024-06-28 12:15:35,0,0.098,0.09787716,61.78,BTC-27DEC24-80000-C,61709.72,buy,0.1,0.1,,,,
1645,306816838,2024-06-28 12:49:36,2,0.0974,0.0969499,62.07,BTC-27DEC24-80000-C,61416.98,buy,12.5,12.5,,BTC-CS-27DEC24-75000_80000,,146276
1646,306819054,2024-06-28 13:05:28,2,0.096,0.09628032,61.78,BTC-27DEC24-80000-C,61268.8,buy,0.1,0.1,,,,
1647,306819665,2024-06-28 13:10:40,0,0.0965,0.0962616,61.87,BTC-27DEC24-80000-C,61333.03,buy,0.1,0.1,,,,
1648,306819666,2024-06-28 13:10:40,1,0.0965,0.0962616,61.87,BTC-27DEC24-80000-C,61333.03,buy,0.1,0.1,,,,
1649,306822030,2024-06-28 13:40:32,0,0.097,0.09711199,61.61,BTC-27DEC24-80000-C,61533.01,buy,0.1,0.1,,,,
1650,306822295,2024-06-28 13:43:13,0,0.0975,0.09756259,61.66,BTC-27DEC24-80000-C,61610.72,buy,0.1,0.1,,,,
1651,306822462,2024-06-28 13:44:06,0,0.098,0.09818269,61.61,BTC-27DEC24-80000-C,61731.0,buy,0.1,0.1,,,,
1652,306822607,2024-06-28 13:44:56,2,0.0975,0.09799681,61.5,BTC-27DEC24-80000-C,61686.04,sell,0.2,0.2,,,,
1653,306822613,2024-06-28 13:44:58,3,0.0975,0.09795789,61.52,BTC-27DEC24-80000-C,61675.91,sell,3.9,3.9,,,,
1654,306822628,2024-06-28 13:45:07,3,0.0975,0.09790017,61.54,BTC-27DEC24-80000-C,61666.62,sell,0.4,0.4,,,,
1655,306823734,2024-06-28 13:55:46,2,0.0965,0.09695196,61.56,BTC-27DEC24-80000-C,61461.71,sell,0.2,0.2,,,,
1656,306823735,2024-06-28 13:55:49,3,0.0965,0.09690694,61.57,BTC-27DEC24-80000-C,61460.54,sell,0.6,0.6,,,,
1657,306823739,2024-06-28 13:55:51,3,0.0965,0.0969026,61.57,BTC-27DEC24-80000-C,61456.12,sell,2.1,2.1,,,,
1658,306824092,2024-06-28 13:57:09,2,0.0955,0.09577905,61.61,BTC-27DEC24-80000-C,61229.13,sell,1.0,1.0,,,,
1659,306824530,2024-06-28 13:58:07,3,0.0955,0.09584303,61.59,BTC-27DEC24-80000-C,61243.75,sell,1.9,1.9,,,,
1660,306825210,2024-06-28 14:00:06,3,0.0955,0.09580959,61.61,BTC-27DEC24-80000-C,61234.4,sell,3.3,3.3,,,,
1661,306826110,2024-06-28 14:04:55,3,0.0955,0.09607134,61.53,BTC-27DEC24-80000-C,61264.95,sell,0.3,0.3,,,,
1662,306826317,2024-06-28 14:06:01,0,0.096,0.09640245,61.6,BTC-27DEC24-80000-C,61338.73,sell,13.2,13.2,,,,
1663,306826554,2024-06-28 14:07:25,1,0.096,0.09645508,61.55,BTC-27DEC24-80000-C,61350.32,sell,1.3,1.3,,,,
1664,306826573,2024-06-28 14:07:34,1,0.096,0.09648566,61.54,BTC-27DEC24-80000-C,61351.01,sell,0.2,0.2,,,,
1665,306826606,2024-06-28 14:07:50,1,0.096,0.09653077,61.52,BTC-27DEC24-80000-C,61360.26,sell,0.3,0.3,,,,
1666,306828042,2024-06-28 14:16:20,2,0.0955,0.09590953,61.62,BTC-27DEC24-80000-C,61220.59,sell,1.0,1.0,,,,
1667,306828557,2024-06-28 14:18:35,2,0.095,0.09525549,61.59,BTC-27DEC24-80000-C,61132.77,sell,0.6,0.6,,,,
1668,306829800,2024-06-28 14:19:47,2,0.0945,0.09471518,61.63,BTC-27DEC24-80000-C,61015.97,sell,0.1,0.1,,,,
1669,306830405,2024-06-28 14:21:30,3,0.0945,0.09472275,61.65,BTC-27DEC24-80000-C,61014.02,sell,13.3,13.3,,,,
1670,306835897,2024-06-28 14:42:58,2,0.094,0.09389536,61.74,BTC-27DEC24-80000-C,60834.9,buy,0.1,0.1,,,,
1671,306837431,2024-06-28 14:50:34,3,0.094,0.09364644,61.86,BTC-27DEC24-80000-C,60775.96,buy,0.1,0.1,,,,
1672,306845658,2024-06-28 15:49:13,2,0.0935,0.09401112,61.53,BTC-27DEC24-80000-C,60875.73,buy,0.1,0.1,,,,
1673,306855881,2024-06-28 17:40:44,0,0.094,0.09390105,61.86,BTC-27DEC24-80000-C,60777.42,sell,0.1,0.1,,,,
1674,306856612,2024-06-28 17:50:43,2,0.0935,0.09353367,61.87,BTC-27DEC24-80000-C,60661.38,sell,0.1,0.1,,,,
1675,306877592,2024-06-28 22:31:24,2,0.091,0.09195802,61.89,BTC-27DEC24-80000-C,60178.08,sell,0.7,0.7,,,,
1676,306884981,2024-06-29 01:11:38,0,0.0945,0.09386608,62.21,BTC-27DEC24-80000-C,60765.58,buy,0.1,0.1,,,,
1677,306889161,2024-06-29 03:03:41,2,0.0915,0.09299161,61.32,BTC-27DEC24-80000-C,60689.17,buy,0.1,0.1,,,,
1678,306889235,2024-06-29 03:08:08,0,0.092,0.09212432,61.59,BTC-27DEC24-80000-C,60647.6,buy,0.1,0.1,,,,
1679,306901353,2024-06-29 09:27:42,0,0.095,0.09401798,62.23,BTC-27DEC24-80000-C,60828.85,sell,0.1,0.1,,,,
1680,306906382,2024-06-29 12:09:28,2,0.093,0.0945288,61.13,BTC-27DEC24-80000-C,61038.23,sell,0.1,0.1,,,,
1681,306912787,2024-06-29 17:20:51,3,0.093,0.09223299,61.67,BTC-27DEC24-80000-C,60859.45,buy,0.1,0.1,,,,
1682,306912788,2024-06-29 17:20:51,3,0.093,0.09223299,61.67,BTC-27DEC24-80000-C,60859.45,sell,4.9,4.9,,,,
1683,306915190,2024-06-29 20:13:53,2,0.0915,0.09253486,60.98,BTC-27DEC24-80000-C,60948.75,sell,0.1,0.1,,,,
1684,306915191,2024-06-29 20:13:53,3,0.0915,0.09253486,60.98,BTC-27DEC24-80000-C,60948.75,sell,0.1,0.1,,,,
1685,306915192,2024-06-29 20:13:53,3,0.0915,0.09253486,60.98,BTC-27DEC24-80000-C,60948.75,buy,3.8,3.8,,,,
1686,306915193,2024-06-29 20:15:11,3,0.0915,0.09250166,60.98,BTC-27DEC24-80000-C,60947.35,buy,1.0,1.0,,,,
1687,306924528,2024-06-30 05:15:49,2,0.09,0.09024075,61.09,BTC-27DEC24-80000-C,60639.03,sell,0.1,0.1,,,,
1688,306924529,2024-06-30 05:15:49,3,0.09,0.09024075,61.09,BTC-27DEC24-80000-C,60639.03,sell,0.1,0.1,,,,
1689,306983524,2024-07-01 00:05:27,0,0.101,0.10099061,61.19,BTC-27DEC24-80000-C,62679.4,buy,0.2,0.2,,,,
1690,307007443,2024-07-01 03:44:24,0,0.1025,0.10297364,60.56,BTC-27DEC24-80000-C,63297.05,sell,0.1,0.1,,,,
1691,307008257,2024-07-01 04:12:13,2,0.102,0.10299742,60.27,BTC-27DEC24-80000-C,63360.9,buy,5.4,5.4,,,,
1692,307010519,2024-07-01 05:15:54,0,0.1025,0.10168892,60.67,BTC-27DEC24-80000-C,63260.68,buy,0.1,0.1,,,,
1693,307015803,2024-07-01 07:17:12,2,0.1005,0.10151786,59.9,BTC-27DEC24-80000-C,63338.48,sell,5.0,5.0,,,,
1694,307016902,2024-07-01 07:37:54,0,0.1015,0.10103697,60.42,BTC-27DEC24-80000-C,63264.93,buy,0.1,0.1,,,,
1695,307017778,2024-07-01 07:48:43,0,0.102,0.10144194,60.58,BTC-27DEC24-80000-C,63264.83,buy,0.1,0.1,,,,
1696,307018932,2024-07-01 08:00:26,1,0.102,0.10227355,60.69,BTC-27DEC24-80000-C,63209.12,buy,1.0,1.0,,,,
1697,307020961,2024-07-01 08:23:18,2,0.1015,0.1014976,60.76,BTC-27DEC24-80000-C,63088.12,buy,0.1,0.1,,,,
1698,307026711,2024-07-01 09:16:56,2,0.0995,0.09967187,60.63,BTC-27DEC24-80000-C,62784.67,buy,0.1,0.1,,,,
1699,307090849,2024-07-02 05:03:25,2,0.0985,0.09766546,60.34,BTC-27DEC24-80000-C,62957.18,buy,0.1,0.1,,,,
1700,307114897,2024-07-02 13:27:34,2,0.097,0.09664006,60.04,BTC-27DEC24-80000-C,62883.35,sell,0.3,0.3,,,,
1701,307121167,2024-07-02 14:11:39,2,0.0945,0.09462521,60.12,BTC-27DEC24-80000-C,62321.99,sell,0.2,0.2,,,,
1702,307138089,2024-07-02 15:35:53,2,0.091,0.09146747,59.75,BTC-27DEC24-80000-C,61897.52,sell,10.0,10.0,,,,146606
1703,307147899,2024-07-02 18:12:41,2,0.0895,0.08977493,58.72,BTC-27DEC24-80000-C,62226.87,buy,0.1,0.1,,,,
1704,307154330,2024-07-02 20:10:48,2,0.089,0.08887003,59.04,BTC-27DEC24-80000-C,61911.34,sell,0.1,0.1,,,,
1705,307155919,2024-07-02 20:56:06,3,0.089,0.08880546,59.04,BTC-27DEC24-80000-C,61919.7,sell,0.3,0.3,,,,
1706,307168277,2024-07-03 01:55:12,2,0.086,0.08709405,58.39,BTC-27DEC24-80000-C,61588.08,sell,0.1,0.1,,,,
1707,307176260,2024-07-03 02:36:33,2,0.084,0.08422388,58.2,BTC-27DEC24-80000-C,61448.28,buy,0.1,0.1,,,,
1708,307177301,2024-07-03 02:43:48,2,0.083,0.08321618,58.15,BTC-27DEC24-80000-C,61268.33,buy,0.1,0.1,,,,
1709,307177829,2024-07-03 02:45:09,2,0.0825,0.08271258,58.16,BTC-27DEC24-80000-C,61165.96,buy,0.1,0.1,,,,
1710,307178490,2024-07-03 02:49:26,3,0.0825,0.08308266,58.01,BTC-27DEC24-80000-C,61246.08,sell,1.6,1.6,,,,
1711,307178491,2024-07-03 02:49:26,3,0.0825,0.08308266,58.01,BTC-27DEC24-80000-C,61246.08,sell,1.1,1.1,,,,
1712,307179593,2024-07-03 03:03:34,3,0.0825,0.08274973,58.01,BTC-27DEC24-80000-C,61240.93,buy,0.1,0.1,,,,
1713,307179604,2024-07-03 03:03:44,3,0.0825,0.08270126,58.03,BTC-27DEC24-80000-C,61231.67,buy,0.1,0.1,,,,
1714,307180694,2024-07-03 03:11:21,2,0.0815,0.08155842,58.14,BTC-27DEC24-80000-C,60992.85,buy,0.1,0.1,,,,
1715,307181419,2024-07-03 03:13:12,2,0.0805,0.08073156,58.07,BTC-27DEC24-80000-C,60826.26,buy,0.1,0.1,,,,
1716,307181579,2024-07-03 03:13:53,3,0.0805,0.08074717,58.06,BTC-27DEC24-80000-C,60844.76,buy,0.1,0.1,,,,
1717,307183340,2024-07-03 03:16:38,2,0.0795,0.07944297,58.22,BTC-27DEC24-80000-C,60585.85,buy,0.1,0.1,,,,
1718,307183569,2024-07-03 03:16:54,0,0.08,0.07990321,58.23,BTC-27DEC24-80000-C,60687.63,buy,0.1,0.1,,,,
1719,307192874,2024-07-03 05:07:00,1,0.08,0.07924652,58.13,BTC-27DEC24-80000-C,60815.51,buy,0.1,0.1,,,,
1720,307194489,2024-07-03 05:24:29,0,0.0805,0.07934522,58.27,BTC-27DEC24-80000-C,60860.65,buy,0.1,0.1,,,,
1721,307194958,2024-07-03 05:37:21,1,0.0805,0.07959466,58.26,BTC-27DEC24-80000-C,60863.8,buy,0.1,0.1,,,,
1722,307195793,2024-07-03 05:57:59,2,0.08,0.08062307,57.86,BTC-27DEC24-80000-C,60994.81,sell,6.0,6.0,,,,
1723,307195794,2024-07-03 05:57:59,2,0.0795,0.08062307,57.66,BTC-27DEC24-80000-C,60994.81,sell,1.9,1.9,,,,
1724,307195795,2024-07-03 05:58:00,3,0.0795,0.08062307,57.66,BTC-27DEC24-80000-C,60994.81,buy,42.1,42.1,,,,
1725,307198969,2024-07-03 06:33:52,2,0.079,0.08003234,57.44,BTC-27DEC24-80000-C,61009.04,sell,5.0,5.0,,,,
1726,307198970,2024-07-03 06:33:52,3,0.079,0.08003234,57.44,BTC-27DEC24-80000-C,61009.04,sell,0.7,0.7,,,,
1727,307198971,2024-07-03 06:33:52,3,0.079,0.08003234,57.44,BTC-27DEC24-80000-C,61009.04,sell,2.0,2.0,,,,
1728,307208499,2024-07-03 08:43:26,2,0.078,0.07847322,57.47,BTC-27DEC24-80000-C,60744.85,buy,0.1,0.1,,,,
1729,307226723,2024-07-03 10:40:03,2,0.075,0.07471374,57.7,BTC-27DEC24-80000-C,60024.35,sell,0.5,0.5,,,,
1730,307235732,2024-07-03 12:10:58,0,0.077,0.07635151,58.22,BTC-27DEC24-80000-C,60121.02,buy,5.0,5.0,,,,
1731,307235733,2024-07-03 12:10:58,1,0.077,0.07635151,58.22,BTC-27DEC24-80000-C,60121.02,sell,25.0,25.0,,,,
1732,307258438,2024-07-03 14:25:25,2,0.073,0.07404085,56.03,BTC-27DEC24-80000-C,60418.27,sell,2.0,2.0,,,,
1733,307260927,2024-07-03 14:57:41,0,0.074,0.07348605,56.7,BTC-27DEC24-80000-C,60225.65,sell,0.7,0.7,,,,
1734,307268971,2024-07-03 16:02:01,0,0.0745,0.0738799,57.11,BTC-27DEC24-80000-C,60099.6,buy,0.1,0.1,,,,
1735,307271249,2024-07-03 16:15:14,0,0.075,0.07453942,57.13,BTC-27DEC24-80000-C,60185.97,buy,0.1,0.1,,,,
1736,307272835,2024-07-03 16:23:00,0,0.076,0.07600405,57.07,BTC-27DEC24-80000-C,60415.15,buy,0.1,0.1,,,,
1737,307273125,2024-07-03 16:24:20,0,0.0765,0.07637732,57.14,BTC-27DEC24-80000-C,60484.68,buy,0.1,0.1,,,,
1738,307292124,2024-07-03 19:50:48,2,0.0755,0.0748105,58.26,BTC-27DEC24-80000-C,59764.33,buy,1.0,1.0,,,,
1739,307299402,2024-07-03 21:00:18,2,0.075,0.07488135,58.55,BTC-27DEC24-80000-C,59551.7,sell,2.0,2.0,,,,
1740,307299584,2024-07-03 21:01:41,3,0.075,0.07480746,58.61,BTC-27DEC24-80000-C,59518.74,sell,5.0,5.0,,,,
1741,307304328,2024-07-03 21:41:58,0,0.077,0.07699418,58.51,BTC-27DEC24-80000-C,60028.87,buy,0.5,0.5,,,,
1742,307304366,2024-07-03 21:42:59,1,0.077,0.07709857,58.46,BTC-27DEC24-80000-C,60049.16,buy,0.5,0.5,,,,
1743,307317447,2024-07-04 01:43:45,2,0.074,0.07406879,58.47,BTC-27DEC24-80000-C,59430.16,sell,1.0,1.0,,,,
1744,307331884,2024-07-04 02:00:50,2,0.07,0.07004402,59.18,BTC-27DEC24-80000-C,58202.25,sell,1.0,1.0,,,,
1745,307331885,2024-07-04 02:00:50,3,0.07,0.07004402,59.18,BTC-27DEC24-80000-C,58202.25,sell,0.1,0.1,,,,
1746,307334075,2024-07-04 02:01:30,3,0.07,0.0693949,59.35,BTC-27DEC24-80000-C,58159.49,buy,0.1,0.1,,,,
1747,307334426,2024-07-04 02:01:45,3,0.07,0.06958572,59.31,BTC-27DEC24-80000-C,58163.95,buy,0.1,0.1,,,,
1748,307348280,2024-07-04 03:47:54,0,0.074,0.07370684,59.39,BTC-27DEC24-80000-C,58969.39,sell,0.1,0.1,,,,
1749,307375329,2024-07-04 08:07:43,2,0.0715,0.07138721,59.4,BTC-27DEC24-80000-C,58387.67,sell,0.1,0.1,,,,
1750,307391380,2024-07-04 09:01:12,2,0.0695,0.06918291,59.92,BTC-27DEC24-80000-C,57662.75,sell,2.0,2.0,,,,
1751,307392199,2024-07-04 09:04:05,2,0.069,0.0688018,59.94,BTC-27DEC24-80000-C,57534.3,sell,2.0,2.0,,,,
1752,307393331,2024-07-04 09:06:30,3,0.069,0.06892305,59.92,BTC-27DEC24-80000-C,57539.88,buy,1.2,1.2,,,,
1753,307393849,2024-07-04 09:08:28,2,0.0685,0.06825175,60.03,BTC-27DEC24-80000-C,57372.37,sell,4.0,4.0,,,,
1754,307408475,2024-07-04 09:59:12,0,0.0705,0.06987352,60.33,BTC-27DEC24-80000-C,57688.69,buy,2.0,2.0,,,,
1755,307415049,2024-07-04 10:47:21,0,0.071,0.07105962,60.42,BTC-27DEC24-80000-C,57715.48,buy,0.1,0.1,,,,
1756,307449901,2024-07-04 14:16:04,2,0.0678,0.0688311,60.04,BTC-27DEC24-80000-C,57242.07,sell,90.0,90.0,,,,146924
1757,307460636,2024-07-04 15:53:50,0,0.073,0.07308271,60.65,BTC-27DEC24-80000-C,58065.55,buy,0.1,0.1,,,,
1758,307463424,2024-07-04 16:09:36,2,0.0725,0.07236958,60.91,BTC-27DEC24-80000-C,57800.41,sell,0.1,0.1,,,,
1759,307467235,2024-07-04 16:56:30,0,0.074,0.07398182,60.6,BTC-27DEC24-80000-C,58296.12,buy,0.1,0.1,,,,
1760,307467239,2024-07-04 16:56:30,1,0.074,0.07398182,60.6,BTC-27DEC24-80000-C,58296.12,buy,0.1,0.1,,,,
1761,307467240,2024-07-04 16:56:30,1,0.074,0.07398182,60.6,BTC-27DEC24-80000-C,58296.12,buy,0.2,0.2,,,,
1762,307467626,2024-07-04 16:59:08,2,0.073,0.07373908,60.31,BTC-27DEC24-80000-C,58233.39,buy,1.0,1.0,,,,
1763,307469711,2024-07-04 17:32:46,2,0.0715,0.07199049,59.83,BTC-27DEC24-80000-C,58179.17,buy,0.2,0.2,,,,
1764,307470503,2024-07-04 17:50:10,2,0.0705,0.07115546,59.56,BTC-27DEC24-80000-C,58106.12,buy,0.3,0.3,,,,
1765,307489888,2024-07-04 23:40:18,2,0.068,0.06827806,59.57,BTC-27DEC24-80000-C,57541.31,sell,0.1,0.1,,,,
1766,307506022,2024-07-05 00:42:59,3,0.068,0.06747135,60.5,BTC-27DEC24-80000-C,57086.7,sell,1.0,1.0,,,,
1767,307508595,2024-07-05 00:58:41,0,0.07,0.06940807,60.72,BTC-27DEC24-80000-C,57403.26,buy,1.0,1.0,,,,
1768,307512075,2024-07-05 01:36:25,2,0.0675,0.0674373,60.74,BTC-27DEC24-80000-C,56822.76,sell,0.4,0.4,,,,
1769,307525694,2024-07-05 02:57:48,2,0.065,0.06451861,61.03,BTC-27DEC24-80000-C,56160.36,sell,1.0,1.0,,,,
1770,307528250,2024-07-05 02:59:18,2,0.064,0.06345185,61.16,BTC-27DEC24-80000-C,55844.89,sell,0.1,0.1,,,,
1771,307545464,2024-07-05 03:23:11,2,0.063,0.06289401,61.56,BTC-27DEC24-80000-C,55393.05,buy,0.5,0.5,,,,
1772,307559689,2024-07-05 04:18:22,2,0.06,0.05980028,61.82,BTC-27DEC24-80000-C,54499.96,sell,1.0,1.0,,,,
1773,307571407,2024-07-05 04:30:52,0,0.0635,0.06111305,63.43,BTC-27DEC24-80000-C,54478.18,buy,2.0,2.0,,,T,
1774,307572663,2024-07-05 04:33:57,2,0.0609,0.06183028,62.61,BTC-27DEC24-80000-C,54330.53,sell,12.5,12.5,,BTC-CS-27DEC24-60000_80000,,147021
1775,307575393,2024-07-05 04:48:09,0,0.0635,0.06377671,63.72,BTC-27DEC24-80000-C,54283.92,buy,5.0,5.0,,,,
1776,307579038,2024-07-05 05:02:05,0,0.0655,0.06303988,65.17,BTC-27DEC24-80000-C,53952.78,buy,0.2,0.2,,,T,
1777,307581658,2024-07-05 05:06:13,2,0.063,0.06371695,63.96,BTC-27DEC24-80000-C,54023.06,buy,2.8,2.8,,,,
1778,307581690,2024-07-05 05:06:21,3,0.063,0.06350845,63.98,BTC-27DEC24-80000-C,54007.69,buy,2.2,2.2,,,,
1779,307583074,2024-07-05 05:09:05,0,0.064,0.06459194,63.94,BTC-27DEC24-80000-C,54261.39,buy,0.1,0.1,,,,
1780,307586746,2024-07-05 05:17:40,0,0.0655,0.06531588,64.36,BTC-27DEC24-80000-C,54384.85,sell,0.1,0.1,,,,
1781,307586762,2024-07-05 05:17:45,1,0.0655,0.06520274,64.39,BTC-27DEC24-80000-C,54374.57,sell,0.1,0.1,,,,
1782,307586784,2024-07-05 05:17:49,1,0.0655,0.06520752,64.39,BTC-27DEC24-80000-C,54373.36,sell,0.1,0.1,,,,
1783,307586980,2024-07-05 05:18:52,2,0.065,0.06500131,64.24,BTC-27DEC24-80000-C,54339.31,sell,1.0,1.0,,,,
1784,307586984,2024-07-05 05:18:55,3,0.065,0.06507606,64.22,BTC-27DEC24-80000-C,54347.33,sell,1.0,1.0,,,,
1785,307587606,2024-07-05 05:22:53,3,0.065,0.0649322,64.28,BTC-27DEC24-80000-C,54316.18,sell,1.5,1.5,,,,
1786,307596601,2024-07-05 06:08:42,2,0.0635,0.06536272,63.23,BTC-27DEC24-80000-C,54504.5,sell,7.0,7.0,,,,
1787,307611568,2024-07-05 07:17:39,0,0.065,0.06440179,64.2,BTC-27DEC24-80000-C,54321.52,buy,0.1,0.1,,,,
1788,307617727,2024-07-05 07:38:33,2,0.0625,0.06375158,63.66,BTC-27DEC24-80000-C,54034.33,sell,5.0,5.0,,,,
1789,307624304,2024-07-05 07:47:57,0,0.063,0.06407509,63.37,BTC-27DEC24-80000-C,54316.06,sell,5.0,5.0,,,,
1790,307663783,2024-07-05 10:52:44,0,0.0645,0.06498598,62.77,BTC-27DEC24-80000-C,54997.31,sell,1.1,1.1,,,,
1791,307664531,2024-07-05 11:00:29,1,0.0645,0.0642367,62.75,BTC-27DEC24-80000-C,55006.61,buy,0.1,0.1,,,,
1792,307664532,2024-07-05 11:00:29,1,0.0645,0.0642367,62.75,BTC-27DEC24-80000-C,55006.61,sell,0.1,0.1,,,,
1793,307665936,2024-07-05 11:08:26,0,0.0655,0.06476271,62.86,BTC-27DEC24-80000-C,55183.84,buy,1.0,1.0,,,,
1794,307696948,2024-07-05 13:50:57,2,0.0635,0.06357661,61.51,BTC-27DEC24-80000-C,55489.0,buy,0.4,0.4,,,,
1795,307703099,2024-07-05 14:29:49,3,0.0635,0.06340408,61.68,BTC-27DEC24-80000-C,55383.24,sell,0.1,0.1,,,,
1796,307706915,2024-07-05 15:03:25,0,0.066,0.06576164,61.86,BTC-27DEC24-80000-C,55856.87,buy,1.4,1.4,,,,
1797,307706916,2024-07-05 15:03:25,1,0.066,0.06576164,61.86,BTC-27DEC24-80000-C,55856.87,buy,0.2,0.2,,,,
1798,307730986,2024-07-05 17:19:22,0,0.073,0.07248819,62.99,BTC-27DEC24-80000-C,56738.75,buy,0.5,0.5,,,,
1799,307731143,2024-07-05 17:20:58,1,0.073,0.07265689,62.96,BTC-27DEC24-80000-C,56756.68,sell,1.0,1.0,,,,
1800,307747646,2024-07-05 19:34:22,2,0.0705,0.06982161,62.3,BTC-27DEC24-80000-C,56549.3,sell,0.3,0.3,,,,
1801,307754073,2024-07-05 21:32:49,2,0.0695,0.06988913,61.7,BTC-27DEC24-80000-C,56640.66,sell,0.1,0.1,,,,
1802,307777946,2024-07-06 04:28:18,2,0.0685,0.06907244,62.14,BTC-27DEC24-80000-C,56278.02,sell,0.1,0.1,,,,
1803,307780428,2024-07-06 05:07:54,3,0.0685,0.06815239,62.26,BTC-27DEC24-80000-C,56226.06,buy,1.6,1.6,,,,
1804,307780518,2024-07-06 05:08:08,3,0.0685,0.06856863,62.08,BTC-27DEC24-80000-C,56317.33,buy,1.3,1.3,,,,
1805,307788766,2024-07-06 08:13:08,0,0.0695,0.07012171,62.05,BTC-27DEC24-80000-C,56545.65,buy,2.0,2.0,,,,
1806,307793548,2024-07-06 09:59:29,1,0.0695,0.06969079,61.65,BTC-27DEC24-80000-C,56759.81,buy,1.3,1.3,,,,
1807,307793811,2024-07-06 10:02:15,2,0.0685,0.0694143,61.3,BTC-27DEC24-80000-C,56731.9,sell,0.1,0.1,,,,
1808,307795405,2024-07-06 10:26:50,0,0.069,0.06902514,61.56,BTC-27DEC24-80000-C,56707.63,sell,0.2,0.2,,,,
1809,307800930,2024-07-06 13:49:14,0,0.0695,0.06940159,61.3,BTC-27DEC24-80000-C,56987.21,buy,0.7,0.7,,,,
1810,307800931,2024-07-06 13:49:14,1,0.0695,0.06940159,61.3,BTC-27DEC24-80000-C,56987.21,buy,5.5,5.5,,,,
1811,307824160,2024-07-06 17:35:16,0,0.0715,0.07122171,60.37,BTC-27DEC24-80000-C,57951.94,buy,0.5,0.5,,,,
1812,307824161,2024-07-06 17:35:16,0,0.072,0.07122171,60.57,BTC-27DEC24-80000-C,57951.94,buy,5.4,5.4,,,,
1813,307827679,2024-07-06 18:37:52,2,0.0705,0.07072146,60.26,BTC-27DEC24-80000-C,57780.7,buy,0.1,0.1,,,,
1814,307828041,2024-07-06 18:51:48,2,0.0695,0.07072586,59.8,BTC-27DEC24-80000-C,57810.73,sell,0.1,0.1,,,,
1815,307835736,2024-07-06 21:32:49,0,0.0705,0.07206144,60.13,BTC-27DEC24-80000-C,57865.57,sell,0.6,0.6,,,,
1816,307840449,2024-07-06 23:23:04,0,0.074,0.07393531,60.56,BTC-27DEC24-80000-C,58434.98,buy,0.1,0.1,,,,
1817,307885787,2024-07-07 14:06:16,2,0.073,0.07052277,63.37,BTC-27DEC24-80000-C,56778.03,buy,0.1,0.1,,,,
1818,307890764,2024-07-07 15:53:45,2,0.07,0.07176664,62.14,BTC-27DEC24-80000-C,56792.45,sell,0.1,0.1,,,,
1819,307944328,2024-07-08 02:07:12,2,0.0635,0.06437732,62.87,BTC-27DEC24-80000-C,54997.49,sell,1.7,1.7,,,,
1820,307947100,2024-07-08 02:26:10,0,0.065,0.06464262,63.08,BTC-27DEC24-80000-C,55240.52,buy,0.1,0.1,,,,
1821,307953468,2024-07-08 03:29:14,2,0.0638,0.0633601,63.03,BTC-27DEC24-80000-C,54969.04,buy,12.5,12.5,,BTC-CS-27DEC24-60000_80000,,147321
1822,308024319,2024-07-08 12:10:47,0,0.072,0.0719846,62.69,BTC-27DEC24-80000-C,56964.46,buy,1.2,1.2,,,,
1823,308024325,2024-07-08 12:10:54,1,0.072,0.07197024,62.69,BTC-27DEC24-80000-C,56966.83,buy,1.0,1.0,,,,
1824,308026299,2024-07-08 12:33:09,0,0.0725,0.07225653,62.7,BTC-27DEC24-80000-C,57066.32,buy,1.4,1.4,,,,
1825,308067809,2024-07-08 15:07:19,2,0.0705,0.07130253,63.4,BTC-27DEC24-80000-C,56249.79,sell,1.4,1.4,,,,
1826,308071081,2024-07-08 15:21:17,0,0.0725,0.07237179,63.94,BTC-27DEC24-80000-C,56409.6,buy,0.1,0.1,,,,
1827,308080666,2024-07-08 16:30:33,2,0.068,0.06851418,63.77,BTC-27DEC24-80000-C,55483.49,buy,1.0,1.0,,,,
1828,308115709,2024-07-09 00:53:04,0,0.071,0.07110027,63.18,BTC-27DEC24-80000-C,56501.23,sell,0.6,0.6,,,,
1829,308121991,2024-07-09 01:42:43,2,0.0705,0.0708343,63.08,BTC-27DEC24-80000-C,56459.13,sell,0.7,0.7,,,,
1830,308162615,2024-07-09 12:03:56,0,0.0735,0.073063,62.63,BTC-27DEC24-80000-C,57446.35,buy,0.1,0.1,,,,
1831,308162903,2024-07-09 12:08:18,1,0.0735,0.07306391,62.69,BTC-27DEC24-80000-C,57422.21,sell,0.5,0.5,,,,
1832,308167692,2024-07-09 13:35:12,2,0.073,0.07318865,62.51,BTC-27DEC24-80000-C,57396.69,buy,0.1,0.1,,,,
1833,308168039,2024-07-09 13:36:58,3,0.073,0.07280548,62.65,BTC-27DEC24-80000-C,57308.91,buy,0.2,0.2,,,,
1834,308170969,2024-07-09 13:57:07,2,0.072,0.07142179,62.33,BTC-27DEC24-80000-C,57252.98,buy,1.6,1.6,,,,
1835,308174312,2024-07-09 14:14:39,0,0.0735,0.07376292,62.0,BTC-27DEC24-80000-C,57794.58,buy,1.0,1.0,,,,
1836,308177080,2024-07-09 14:18:17,0,0.0745,0.07417736,62.19,BTC-27DEC24-80000-C,57902.64,buy,0.1,0.1,,,,
1837,308208702,2024-07-09 19:05:33,2,0.0715,0.07238888,61.08,BTC-27DEC24-80000-C,57793.58,sell,9.0,9.0,,,,
1838,308208703,2024-07-09 19:05:33,3,0.0715,0.07238888,61.08,BTC-27DEC24-80000-C,57793.58,sell,9.0,9.0,,,,
1839,308208704,2024-07-09 19:05:33,3,0.0715,0.07238888,61.08,BTC-27DEC24-80000-C,57793.58,sell,2.0,2.0,,,,
1840,308263829,2024-07-10 06:12:28,0,0.076,0.07644075,60.68,BTC-27DEC24-80000-C,59017.41,buy,1.0,1.0,,,,
1841,308263859,2024-07-10 06:12:35,1,0.076,0.07653199,60.64,BTC-27DEC24-80000-C,59033.79,buy,1.0,1.0,,,,
1842,308263885,2024-07-10 06:12:40,1,0.076,0.0766391,60.61,BTC-27DEC24-80000-C,59045.6,buy,1.0,1.0,,,,
1843,308263937,2024-07-10 06:13:03,1,0.076,0.07659268,60.61,BTC-27DEC24-80000-C,59054.37,buy,1.0,1.0,,,,
1844,308266714,2024-07-10 06:31:48,1,0.076,0.0759024,60.49,BTC-27DEC24-80000-C,59111.26,buy,0.8,0.8,,,,
1845,308267501,2024-07-10 06:41:55,1,0.076,0.07616548,60.39,BTC-27DEC24-80000-C,59171.8,sell,8.0,8.0,,,,
1846,308267502,2024-07-10 06:41:55,1,0.076,0.07616296,60.39,BTC-27DEC24-80000-C,59171.8,buy,0.8,0.8,,,,
1847,308268018,2024-07-10 06:48:24,0,0.0765,0.07611555,60.49,BTC-27DEC24-80000-C,59235.2,buy,0.2,0.2,,,,
1848,308268038,2024-07-10 06:48:27,1,0.0765,0.07612546,60.48,BTC-27DEC24-80000-C,59242.43,buy,0.8,0.8,,,,
1849,308268039,2024-07-10 06:48:27,1,0.0765,0.07612546,60.48,BTC-27DEC24-80000-C,59242.43,buy,1.7,1.7,,,,
1850,308268078,2024-07-10 06:48:31,1,0.0765,0.07619853,60.45,BTC-27DEC24-80000-C,59258.79,buy,0.1,0.1,,,,
1851,308268249,2024-07-10 06:51:24,1,0.0765,0.07607344,60.46,BTC-27DEC24-80000-C,59258.68,buy,0.2,0.2,,,,
1852,308268443,2024-07-10 06:54:24,1,0.0765,0.07598,60.48,BTC-27DEC24-80000-C,59258.15,buy,0.8,0.8,,,,
1853,308268457,2024-07-10 06:54:33,1,0.0765,0.07610046,60.45,BTC-27DEC24-80000-C,59268.61,buy,0.1,0.1,,,,
1854,308268504,2024-07-10 06:54:35,1,0.0765,0.07611049,60.43,BTC-27DEC24-80000-C,59294.88,buy,3.1,3.1,,,,
1855,308269693,2024-07-10 07:06:45,1,0.0765,0.07578685,60.62,BTC-27DEC24-80000-C,59193.72,buy,3.0,3.0,,,,
1856,308269694,2024-07-10 07:06:49,1,0.0765,0.07578141,60.62,BTC-27DEC24-80000-C,59193.0,buy,3.0,3.0,,,,
1857,308276181,2024-07-10 08:04:31,2,0.074,0.07478474,60.23,BTC-27DEC24-80000-C,58869.71,buy,1.0,1.0,,,,
1858,308276184,2024-07-10 08:04:36,3,0.074,0.07475951,60.23,BTC-27DEC24-80000-C,58866.25,buy,1.0,1.0,,,,
1859,308276349,2024-07-10 08:04:41,3,0.074,0.0745471,60.32,BTC-27DEC24-80000-C,58819.94,buy,1.0,1.0,,,,
1860,308276370,2024-07-10 08:04:48,3,0.074,0.07450503,60.33,BTC-27DEC24-80000-C,58813.97,buy,1.0,1.0,,,,
1861,308276476,2024-07-10 08:04:58,3,0.074,0.0744028,60.39,BTC-27DEC24-80000-C,58784.11,buy,1.0,1.0,,,,
1862,308279159,2024-07-10 08:20:35,3,0.074,0.073488,60.48,BTC-27DEC24-80000-C,58736.93,buy,0.2,0.2,,,,
1863,308279164,2024-07-10 08:20:38,3,0.074,0.07354174,60.45,BTC-27DEC24-80000-C,58742.53,buy,0.8,0.8,,,,
1864,308280449,2024-07-10 08:37:17,3,0.074,0.07367794,60.46,BTC-27DEC24-80000-C,58743.21,buy,0.1,0.1,,,,
1865,308283903,2024-07-10 09:27:07,2,0.073,0.07249118,60.5,BTC-27DEC24-80000-C,58517.59,buy,0.2,0.2,,,,
1866,308285035,2024-07-10 09:40:19,2,0.0725,0.07203217,60.49,BTC-27DEC24-80000-C,58428.66,buy,0.1,0.1,,,,
1867,308285396,2024-07-10 09:46:19,0,0.073,0.07263021,60.42,BTC-27DEC24-80000-C,58562.99,buy,0.7,0.7,,,,
1868,308293821,2024-07-10 12:30:40,2,0.0725,0.0727186,60.56,BTC-27DEC24-80000-C,58408.6,buy,0.7,0.7,,,,
1869,308299032,2024-07-10 12:49:00,2,0.0705,0.07052125,60.55,BTC-27DEC24-80000-C,57965.81,buy,0.1,0.1,,,,
1870,308299043,2024-07-10 12:49:07,3,0.0705,0.07050806,60.55,BTC-27DEC24-80000-C,57963.11,buy,0.2,0.2,,,,
1871,308299063,2024-07-10 12:49:24,3,0.0705,0.070445,60.56,BTC-27DEC24-80000-C,57962.99,buy,0.3,0.3,,,,
1872,308299136,2024-07-10 12:50:03,3,0.0705,0.07051493,60.54,BTC-27DEC24-80000-C,57977.75,buy,0.7,0.7,,,,
1873,308301493,2024-07-10 13:11:08,3,0.0705,0.07120769,60.17,BTC-27DEC24-80000-C,58174.28,sell,0.2,0.2,,,,
1874,308301550,2024-07-10 13:11:51,0,0.0715,0.07132012,60.53,BTC-27DEC24-80000-C,58201.64,buy,0.2,0.2,,,,
1875,308301555,2024-07-10 13:12:04,1,0.0715,0.07135515,60.51,BTC-27DEC24-80000-C,58207.6,buy,0.2,0.2,,,,
1876,308301680,2024-07-10 13:13:42,1,0.0715,0.0713264,60.52,BTC-27DEC24-80000-C,58205.21,buy,0.2,0.2,,,,
1877,308301693,2024-07-10 13:13:53,1,0.0715,0.07134554,60.52,BTC-27DEC24-80000-C,58206.57,buy,0.2,0.2,,,,
1878,308301750,2024-07-10 13:14:24,2,0.0705,0.07117624,60.18,BTC-27DEC24-80000-C,58170.0,sell,0.2,0.2,,,,
1879,308301756,2024-07-10 13:14:40,3,0.0705,0.071169,60.18,BTC-27DEC24-80000-C,58171.2,sell,0.2,0.2,,,,
1880,308301787,2024-07-10 13:15:13,3,0.0705,0.07132947,60.11,BTC-27DEC24-80000-C,58202.22,sell,0.2,0.2,,,,
1881,308301807,2024-07-10 13:15:17,0,0.0715,0.07117069,60.59,BTC-27DEC24-80000-C,58169.13,buy,0.2,0.2,,,,
1882,308301850,2024-07-10 13:15:32,1,0.0715,0.07109142,60.61,BTC-27DEC24-80000-C,58159.28,buy,0.2,0.2,,,,
1883,308301941,2024-07-10 13:16:36,1,0.0715,0.07106025,60.68,BTC-27DEC24-80000-C,58119.63,sell,0.8,0.8,,,,
1884,308317821,2024-07-10 16:02:16,2,0.0705,0.07037492,60.96,BTC-27DEC24-80000-C,57754.19,buy,0.7,0.7,,,,
1885,308317912,2024-07-10 16:03:28,3,0.0705,0.07030716,60.99,BTC-27DEC24-80000-C,57741.41,buy,0.1,0.1,,,,
1886,308318019,2024-07-10 16:04:33,3,0.0705,0.07035718,60.96,BTC-27DEC24-80000-C,57757.54,buy,0.7,0.7,,,,
1887,308323498,2024-07-10 17:47:22,2,0.0685,0.06931488,60.48,BTC-27DEC24-80000-C,57559.54,sell,8.0,8.0,,,,
1888,308323499,2024-07-10 17:47:22,3,0.0685,0.06931488,60.48,BTC-27DEC24-80000-C,57559.54,sell,1.5,1.5,,,,
1889,308323500,2024-07-10 17:47:22,3,0.0685,0.06931488,60.48,BTC-27DEC24-80000-C,57559.54,buy,0.5,0.5,,,,
1890,308326418,2024-07-10 18:58:35,0,0.0695,0.06895746,60.84,BTC-27DEC24-80000-C,57606.52,buy,0.3,0.3,,,,
1891,308327710,2024-07-10 19:12:56,2,0.069,0.06843056,61.02,BTC-27DEC24-80000-C,57404.69,buy,1.0,1.0,,,,
1892,308327711,2024-07-10 19:12:56,3,0.069,0.06843056,61.02,BTC-27DEC24-80000-C,57404.69,buy,1.9,1.9,,,,
1893,308331956,2024-07-10 20:28:35,3,0.069,0.06890867,61.05,BTC-27DEC24-80000-C,57365.37,sell,1.2,1.2,,,,
1894,308331957,2024-07-10 20:28:35,3,0.069,0.06890867,61.05,BTC-27DEC24-80000-C,57365.37,sell,0.3,0.3,,,,
1895,308331961,2024-07-10 20:28:36,3,0.069,0.06890867,61.05,BTC-27DEC24-80000-C,57365.37,sell,1.5,1.5,,,,
1896,308362901,2024-07-11 04:40:57,0,0.071,0.07059857,61.31,BTC-27DEC24-80000-C,57721.43,buy,0.7,0.7,,,,
1897,308371885,2024-07-11 08:03:05,0,0.073,0.07297405,61.17,BTC-27DEC24-80000-C,58277.96,buy,0.1,0.1,,,,
1898,308380562,2024-07-11 10:03:56,0,0.0745,0.0745649,61.32,BTC-27DEC24-80000-C,58470.35,buy,1.0,1.0,,,,
1899,308382943,2024-07-11 10:24:34,2,0.074,0.07453174,61.48,BTC-27DEC24-80000-C,58253.35,sell,5.0,5.0,,,,
1900,308386156,2024-07-11 11:08:03,0,0.0745,0.07457464,61.33,BTC-27DEC24-80000-C,58455.41,buy,3.0,3.0,,,,
1901,308406785,2024-07-11 12:42:37,0,0.076,0.07622952,60.72,BTC-27DEC24-80000-C,59175.04,buy,5.0,5.0,,,,
1902,308408178,2024-07-11 12:49:07,2,0.0755,0.0755831,60.8,BTC-27DEC24-80000-C,59026.54,buy,1.0,1.0,,,,
1903,308408648,2024-07-11 12:51:16,0,0.0765,0.07629364,60.94,BTC-27DEC24-80000-C,59157.6,sell,0.1,0.1,,,,
1904,308441899,2024-07-11 16:12:54,2,0.067,0.06803629,60.3,BTC-27DEC24-80000-C,57522.75,sell,6.0,6.0,,,,
1905,308449408,2024-07-11 18:42:58,0,0.0695,0.06946566,60.59,BTC-27DEC24-80000-C,57919.78,buy,0.8,0.8,,,,
1906,308472389,2024-07-12 01:15:57,2,0.065,0.06509303,60.55,BTC-27DEC24-80000-C,56962.59,sell,0.2,0.2,,,,
1907,308475917,2024-07-12 01:25:22,2,0.0635,0.06399473,60.52,BTC-27DEC24-80000-C,56625.71,sell,0.1,0.1,,,,
1908,308476090,2024-07-12 01:26:00,3,0.0635,0.06377922,60.63,BTC-27DEC24-80000-C,56577.31,sell,0.1,0.1,,,,
1909,308478034,2024-07-12 01:47:36,0,0.065,0.0647987,60.72,BTC-27DEC24-80000-C,56866.43,buy,0.8,0.8,,,,
1910,308478653,2024-07-12 01:52:41,2,0.064,0.06480859,60.34,BTC-27DEC24-80000-C,56841.66,sell,0.1,0.1,,,,
1911,308498895,2024-07-12 07:32:35,0,0.0645,0.06459785,60.15,BTC-27DEC24-80000-C,57050.28,sell,1.3,1.3,,,,
1912,308506034,2024-07-12 07:46:56,2,0.0635,0.06384288,60.07,BTC-27DEC24-80000-C,56867.64,buy,0.1,0.1,,,,
1913,308517505,2024-07-12 08:29:33,0,0.064,0.06415991,59.92,BTC-27DEC24-80000-C,57077.34,buy,0.2,0.2,,,,
1914,308517978,2024-07-12 08:33:49,0,0.065,0.06433553,60.25,BTC-27DEC24-80000-C,57134.49,buy,1.1,1.1,,,,
1915,308520976,2024-07-12 09:08:23,0,0.0655,0.06537442,60.14,BTC-27DEC24-80000-C,57304.96,buy,0.8,0.8,,,,
1916,308527006,2024-07-12 10:23:57,2,0.064,0.06345733,60.33,BTC-27DEC24-80000-C,56856.72,buy,0.1,0.1,,,,
1917,308527850,2024-07-12 10:34:46,0,0.0645,0.06407441,60.29,BTC-27DEC24-80000-C,56981.02,buy,0.1,0.1,,,,
1918,308527917,2024-07-12 10:36:13,1,0.0645,0.06409316,60.28,BTC-27DEC24-80000-C,56993.25,buy,0.8,0.8,,,,
1919,308551617,2024-07-12 15:18:43,0,0.0685,0.06896207,60.32,BTC-27DEC24-80000-C,57894.24,buy,0.5,0.5,,,,
1920,308570975,2024-07-12 19:13:52,0,0.0705,0.07081251,60.33,BTC-27DEC24-80000-C,58177.34,sell,0.3,0.3,,,,
1921,308628779,2024-07-13 21:05:03,0,0.071,0.07084081,60.14,BTC-27DEC24-80000-C,58623.67,buy,0.1,0.1,,,,
1922,308642411,2024-07-13 23:16:24,0,0.075,0.07528498,59.88,BTC-27DEC24-80000-C,59618.65,buy,0.1,0.1,,,,
1923,308694850,2024-07-14 02:00:33,0,0.0805,0.07989918,60.88,BTC-27DEC24-80000-C,59744.0,buy,0.1,0.1,,,,
1924,308721974,2024-07-14 05:53:11,0,0.082,0.0811923,60.64,BTC-27DEC24-80000-C,60255.76,buy,0.1,0.1,,,,
1925,308724079,2024-07-14 06:04:08,0,0.0825,0.08170855,60.88,BTC-27DEC24-80000-C,60234.61,buy,0.1,0.1,,,,
1926,308724080,2024-07-14 06:04:08,1,0.0825,0.08170855,60.88,BTC-27DEC24-80000-C,60234.61,buy,2.8,2.8,,,,
1927,308742564,2024-07-14 08:44:53,0,0.0835,0.08253293,61.3,BTC-27DEC24-80000-C,60279.66,buy,0.1,0.1,,,,
1928,308742880,2024-07-14 08:47:11,0,0.084,0.08425548,61.52,BTC-27DEC24-80000-C,60275.01,sell,8.0,8.0,,,,
1929,308742883,2024-07-14 08:47:14,0,0.0845,0.08424358,61.72,BTC-27DEC24-80000-C,60272.93,buy,0.1,0.1,,,,
1930,308742884,2024-07-14 08:47:14,1,0.0845,0.08424358,61.72,BTC-27DEC24-80000-C,60272.93,buy,5.9,5.9,,,,
1931,308743793,2024-07-14 08:53:26,2,0.084,0.08399346,61.6,BTC-27DEC24-80000-C,60234.94,sell,1.9,1.9,,,,
1932,308756486,2024-07-14 11:08:28,2,0.0785,0.07980065,59.99,BTC-27DEC24-80000-C,59982.16,sell,0.1,0.1,,,,
1933,308773593,2024-07-14 15:36:05,0,0.079,0.0785697,60.21,BTC-27DEC24-80000-C,60030.63,buy,0.1,0.1,,,,
1934,308773594,2024-07-14 15:36:05,1,0.079,0.0785697,60.21,BTC-27DEC24-80000-C,60030.63,sell,2.9,2.9,,,,
1935,308773692,2024-07-14 15:38:41,2,0.078,0.07826047,59.92,BTC-27DEC24-80000-C,59974.48,buy,0.1,0.1,,,,
1936,308779235,2024-07-14 17:07:38,0,0.0795,0.07944708,60.18,BTC-27DEC24-80000-C,60167.86,buy,0.1,0.1,,,,
1937,308792062,2024-07-14 21:20:24,0,0.0805,0.08065086,60.14,BTC-27DEC24-80000-C,60389.03,buy,0.1,0.1,,,,
1938,308793778,2024-07-14 21:23:42,0,0.082,0.08190535,60.22,BTC-27DEC24-80000-C,60667.22,buy,0.1,0.1,,,,
1939,308793779,2024-07-14 21:23:42,1,0.082,0.08190535,60.22,BTC-27DEC24-80000-C,60667.22,buy,0.1,0.1,,,,
1940,308793780,2024-07-14 21:23:42,1,0.082,0.08190535,60.22,BTC-27DEC24-80000-C,60667.22,buy,0.1,0.1,,,,
1941,308795410,2024-07-14 21:25:22,0,0.083,0.08288619,60.22,BTC-27DEC24-80000-C,60864.14,buy,0.1,0.1,,,,
1942,308800314,2024-07-14 21:48:34,0,0.084,0.08359693,60.34,BTC-27DEC24-80000-C,61011.79,buy,0.1,0.1,,,,
1943,308800315,2024-07-14 21:48:34,1,0.084,0.08359693,60.34,BTC-27DEC24-80000-C,61011.79,buy,0.1,0.1,,,,
1944,308803216,2024-07-14 21:59:35,0,0.085,0.08505916,60.1,BTC-27DEC24-80000-C,61329.92,buy,0.1,0.1,,,,
1945,308825798,2024-07-15 00:10:32,2,0.0825,0.08258244,60.17,BTC-27DEC24-80000-C,60726.79,sell,0.8,0.8,,,,
1946,308830688,2024-07-15 01:06:02,0,0.086,0.08599916,60.37,BTC-27DEC24-80000-C,61349.94,buy,0.1,0.1,,,,
1947,308830689,2024-07-15 01:06:02,1,0.086,0.08599916,60.37,BTC-27DEC24-80000-C,61349.94,buy,0.1,0.1,,,,
1948,308830958,2024-07-15 01:06:55,0,0.087,0.08615524,60.72,BTC-27DEC24-80000-C,61374.14,buy,0.1,0.1,,,,
1949,308833054,2024-07-15 01:17:31,0,0.088,0.0880332,60.55,BTC-27DEC24-80000-C,61676.96,buy,0.1,0.1,,,,
1950,308844205,2024-07-15 02:29:20,0,0.089,0.08892673,59.87,BTC-27DEC24-80000-C,62134.73,buy,0.1,0.1,,,,
1951,308848970,2024-07-15 02:37:43,0,0.09,0.0899887,59.73,BTC-27DEC24-80000-C,62432.32,buy,0.1,0.1,,,,
1952,308852497,2024-07-15 02:48:30,0,0.091,0.09088668,60.03,BTC-27DEC24-80000-C,62496.9,buy,0.1,0.1,,,,
1953,308861308,2024-07-15 03:37:51,2,0.09,0.09003786,59.68,BTC-27DEC24-80000-C,62492.62,sell,0.1,0.1,,,,
1954,308861741,2024-07-15 03:41:44,3,0.09,0.0899481,59.6,BTC-27DEC24-80000-C,62546.39,buy,0.1,0.1,,,,
1955,308863706,2024-07-15 03:53:24,0,0.091,0.09088857,59.55,BTC-27DEC24-80000-C,62757.72,buy,0.1,0.1,,,,
1956,308864333,2024-07-15 03:58:45,1,0.091,0.09043605,59.72,BTC-27DEC24-80000-C,62679.8,buy,0.1,0.1,,,,
1957,308865236,2024-07-15 04:03:53,0,0.0915,0.09111277,59.75,BTC-27DEC24-80000-C,62771.19,buy,0.1,0.1,,,,
1958,308865830,2024-07-15 04:05:12,0,0.092,0.09164978,59.86,BTC-27DEC24-80000-C,62809.04,buy,0.1,0.1,,,,
1959,308866563,2024-07-15 04:13:07,1,0.092,0.09200407,60.23,BTC-27DEC24-80000-C,62596.96,buy,0.1,0.1,,,,
1960,308866972,2024-07-15 04:19:16,0,0.0925,0.09250841,60.22,BTC-27DEC24-80000-C,62694.74,buy,0.1,0.1,,,,
1961,308867845,2024-07-15 04:24:28,0,0.093,0.09292483,60.14,BTC-27DEC24-80000-C,62831.8,buy,0.1,0.1,,,,
1962,308867846,2024-07-15 04:24:28,1,0.093,0.09292483,60.14,BTC-27DEC24-80000-C,62831.8,buy,0.1,0.1,,,,
1963,308872955,2024-07-15 05:17:59,1,0.093,0.09232216,60.19,BTC-27DEC24-80000-C,62802.87,buy,0.1,0.1,,,,
1964,308872956,2024-07-15 05:17:59,1,0.093,0.09232216,60.19,BTC-27DEC24-80000-C,62802.87,sell,0.9,0.9,,,,
1965,308886291,2024-07-15 07:03:37,2,0.0915,0.09161972,59.61,BTC-27DEC24-80000-C,62874.8,sell,1.0,1.0,,,,
1966,308886713,2024-07-15 07:06:58,3,0.0915,0.0919294,59.59,BTC-27DEC24-80000-C,62878.07,sell,1.0,1.0,,,,
1967,308891811,2024-07-15 07:37:13,2,0.091,0.09092394,59.58,BTC-27DEC24-80000-C,62897.02,buy,0.1,0.1,,,,
1968,308912322,2024-07-15 09:37:34,0,0.094,0.09372282,60.88,BTC-27DEC24-80000-C,62797.92,buy,0.1,0.1,,,,
1969,308912794,2024-07-15 09:39:50,0,0.0945,0.09408902,60.92,BTC-27DEC24-80000-C,62894.21,buy,0.1,0.1,,,,
1970,308912795,2024-07-15 09:39:50,1,0.0945,0.09408902,60.92,BTC-27DEC24-80000-C,62894.21,buy,0.1,0.1,,,,
1971,308916280,2024-07-15 10:12:54,2,0.0935,0.0930716,60.89,BTC-27DEC24-80000-C,62718.5,buy,0.2,0.2,,,,
1972,308917397,2024-07-15 10:26:53,0,0.0945,0.09410775,61.13,BTC-27DEC24-80000-C,62820.64,sell,1.0,1.0,,,,
1973,308921923,2024-07-15 11:19:52,2,0.0925,0.09194315,61.17,BTC-27DEC24-80000-C,62404.78,buy,1.5,1.5,,,,
1974,308923558,2024-07-15 11:36:47,0,0.093,0.09309196,61.33,BTC-27DEC24-80000-C,62426.58,buy,1.0,1.0,,,,
1975,308924190,2024-07-15 11:46:20,2,0.0925,0.09304866,60.97,BTC-27DEC24-80000-C,62521.94,sell,3.0,3.0,,,,
1976,308928340,2024-07-15 12:34:58,0,0.0935,0.09333606,60.98,BTC-27DEC24-80000-C,62774.81,buy,1.0,1.0,,,,
1977,308944874,2024-07-15 14:57:47,0,0.095,0.09479262,60.84,BTC-27DEC24-80000-C,63170.58,buy,0.1,0.1,,,,
1978,308958130,2024-07-15 16:36:35,0,0.0965,0.09624424,61.07,BTC-27DEC24-80000-C,63371.14,buy,0.1,0.1,,,,
1979,308959734,2024-07-15 16:42:04,0,0.097,0.09670191,61.05,BTC-27DEC24-80000-C,63451.67,buy,0.1,0.1,,,,
1980,308963311,2024-07-15 16:58:53,1,0.097,0.09721171,60.88,BTC-27DEC24-80000-C,63575.85,buy,2.0,2.0,,,,
1981,308963319,2024-07-15 16:58:58,1,0.097,0.09712092,60.91,BTC-27DEC24-80000-C,63556.47,buy,2.0,2.0,,,,
1982,308963413,2024-07-15 16:59:16,2,0.0965,0.09679081,60.83,BTC-27DEC24-80000-C,63508.95,buy,2.6,2.6,,,,
1983,308967047,2024-07-15 17:14:51,0,0.097,0.09759713,60.72,BTC-27DEC24-80000-C,63674.14,sell,0.6,0.6,,,,
1984,308967048,2024-07-15 17:14:51,1,0.097,0.09759713,60.72,BTC-27DEC24-80000-C,63674.14,sell,2.0,2.0,,,,
1985,308967049,2024-07-15 17:14:51,1,0.097,0.09759713,60.72,BTC-27DEC24-80000-C,63674.14,buy,4.0,4.0,,,,
1986,308967162,2024-07-15 17:15:50,1,0.097,0.09751784,60.75,BTC-27DEC24-80000-C,63653.47,sell,2.0,2.0,,,,
1987,308967164,2024-07-15 17:15:53,1,0.097,0.0975052,60.75,BTC-27DEC24-80000-C,63653.47,buy,2.0,2.0,,,,
1988,308967176,2024-07-15 17:16:09,1,0.097,0.09746077,60.73,BTC-27DEC24-80000-C,63665.41,buy,2.0,2.0,,,,
1989,308967185,2024-07-15 17:16:17,1,0.097,0.09753146,60.71,BTC-27DEC24-80000-C,63674.45,sell,0.7,0.7,,,,
1990,308967981,2024-07-15 17:21:34,1,0.097,0.09688578,60.85,BTC-27DEC24-80000-C,63588.33,buy,2.5,2.5,,,,
1991,308998069,2024-07-15 20:38:56,0,0.0985,0.09786704,61.36,BTC-27DEC24-80000-C,63687.92,buy,0.1,0.1,,,,
1992,309013614,2024-07-15 22:27:50,0,0.1015,0.10075946,61.33,BTC-27DEC24-80000-C,64254.3,buy,0.6,0.6,,,,
1993,309016020,2024-07-15 22:41:50,0,0.1035,0.10279724,61.47,BTC-27DEC24-80000-C,64548.16,buy,0.1,0.1,,,,
1994,309019387,2024-07-15 22:56:14,1,0.1035,0.10271831,61.83,BTC-27DEC24-80000-C,64377.9,buy,0.1,0.1,,,,
1995,309019388,2024-07-15 22:56:14,1,0.1035,0.10271831,61.83,BTC-27DEC24-80000-C,64377.9,sell,0.2,0.2,,,,
1996,309019389,2024-07-15 22:56:15,1,0.1035,0.10275951,61.83,BTC-27DEC24-80000-C,64377.9,sell,0.1,0.1,,,,
1997,309019424,2024-07-15 22:56:17,1,0.1035,0.10290474,61.8,BTC-27DEC24-80000-C,64377.9,sell,0.1,0.1,,,,
1998,309019429,2024-07-15 22:56:18,1,0.1035,0.10290474,61.82,BTC-27DEC24-80000-C,64377.9,sell,0.1,0.1,,,,
1999,309019444,2024-07-15 22:56:26,0,0.104,0.10296417,61.96,BTC-27DEC24-80000-C,64410.22,buy,1.1,1.1,,,,
2000,309019445,2024-07-15 22:56:26,1,0.104,0.10296417,61.96,BTC-27DEC24-80000-C,64410.22,buy,1.6,1.6,,,,
2001,309019446,2024-07-15 22:56:26,1,0.104,0.10296417,61.96,BTC-27DEC24-80000-C,64410.22,sell,1.2,1.2,,,,
2002,309019447,2024-07-15 22:56:26,1,0.104,0.10296417,61.96,BTC-27DEC24-80000-C,64410.22,sell,1.3,1.3,,,,
2003,309019450,2024-07-15 22:56:26,1,0.104,0.10296417,61.96,BTC-27DEC24-80000-C,64410.22,sell,0.1,0.1,,,,
2004,309019451,2024-07-15 22:56:26,1,0.104,0.10296417,61.96,BTC-27DEC24-80000-C,64410.22,sell,0.1,0.1,,,,
2005,309019452,2024-07-15 22:56:26,1,0.104,0.1030404,61.96,BTC-27DEC24-80000-C,64410.22,sell,0.2,0.2,,,,
2006,309019454,2024-07-15 22:56:27,1,0.104,0.1030404,61.96,BTC-27DEC24-80000-C,64410.22,sell,0.1,0.1,,,,
2007,309019512,2024-07-15 22:56:54,1,0.104,0.1036439,61.92,BTC-27DEC24-80000-C,64432.46,sell,7.9,7.9,,,,
2008,309019516,2024-07-15 22:56:56,1,0.104,0.10361898,61.93,BTC-27DEC24-80000-C,64426.44,sell,0.1,0.1,,,,
2009,309019517,2024-07-15 22:56:56,1,0.104,0.10361898,61.93,BTC-27DEC24-80000-C,64426.44,sell,0.1,0.1,,,,
2010,309019528,2024-07-15 22:56:59,1,0.104,0.10365471,61.93,BTC-27DEC24-80000-C,64426.06,sell,0.1,0.1,,,,
2011,309019533,2024-07-15 22:56:59,1,0.104,0.10365471,61.93,BTC-27DEC24-80000-C,64426.06,sell,0.1,0.1,,,,
2012,309019545,2024-07-15 22:56:59,1,0.104,0.10365471,61.93,BTC-27DEC24-80000-C,64426.06,sell,0.1,0.1,,,,
2013,309019546,2024-07-15 22:56:59,1,0.104,0.10365471,61.93,BTC-27DEC24-80000-C,64426.06,sell,0.1,0.1,,,,
2014,309019547,2024-07-15 22:56:59,1,0.104,0.10365471,61.93,BTC-27DEC24-80000-C,64426.06,sell,0.1,0.1,,,,
2015,309019552,2024-07-15 22:57:00,1,0.104,0.10366529,61.94,BTC-27DEC24-80000-C,64426.06,sell,0.1,0.1,,,,
2016,309019553,2024-07-15 22:57:00,1,0.104,0.10366529,61.94,BTC-27DEC24-80000-C,64426.06,sell,0.1,0.1,,,,
2017,309019554,2024-07-15 22:57:00,1,0.104,0.10367179,61.96,BTC-27DEC24-80000-C,64412.79,sell,0.1,0.1,,,,
2018,309019557,2024-07-15 22:57:02,1,0.104,0.10362332,61.98,BTC-27DEC24-80000-C,64404.35,sell,0.1,0.1,,,,
2019,309019568,2024-07-15 22:57:06,1,0.104,0.10360241,61.99,BTC-27DEC24-80000-C,64396.11,sell,0.1,0.1,,,,
2020,309019597,2024-07-15 22:57:13,1,0.104,0.10369312,61.99,BTC-27DEC24-80000-C,64400.47,sell,0.2,0.2,,,,
2021,309019598,2024-07-15 22:57:13,1,0.104,0.10369312,61.99,BTC-27DEC24-80000-C,64400.47,sell,0.2,0.2,,,,
2022,309019609,2024-07-15 22:57:13,1,0.104,0.10369312,61.99,BTC-27DEC24-80000-C,64400.47,sell,0.1,0.1,,,,
2023,309019636,2024-07-15 22:57:33,1,0.104,0.10377449,62.03,BTC-27DEC24-80000-C,64379.29,sell,0.1,0.1,,,,
2024,309019671,2024-07-15 22:58:00,1,0.104,0.10398917,62.03,BTC-27DEC24-80000-C,64382.91,sell,4.1,4.1,,,,
2025,309019673,2024-07-15 22:58:00,1,0.104,0.10398917,62.03,BTC-27DEC24-80000-C,64382.91,sell,0.5,0.5,,,,
2026,309026127,2024-07-15 23:45:22,0,0.1055,0.10522702,61.96,BTC-27DEC24-80000-C,64731.56,buy,0.1,0.1,,,,
2027,309026603,2024-07-15 23:49:05,0,0.1065,0.1059093,62.2,BTC-27DEC24-80000-C,64794.14,sell,0.2,0.2,,,,
2028,309026629,2024-07-15 23:49:54,1,0.1065,0.10615822,62.21,BTC-27DEC24-80000-C,64795.25,sell,0.2,0.2,,,,
2029,309026838,2024-07-15 23:51:07,0,0.107,0.10647249,62.34,BTC-27DEC24-80000-C,64828.54,buy,0.1,0.1,,,,
2030,309026846,2024-07-15 23:51:18,1,0.107,0.10640267,62.35,BTC-27DEC24-80000-C,64820.95,sell,0.1,0.1,,,,
2031,309027203,2024-07-15 23:56:09,1,0.107,0.10669422,62.32,BTC-27DEC24-80000-C,64843.04,buy,0.1,0.1,,,,
2032,309028487,2024-07-16 00:03:28,1,0.107,0.10659532,62.29,BTC-27DEC24-80000-C,64840.91,buy,0.1,0.1,,,,
2033,309028507,2024-07-16 00:03:39,0,0.1075,0.10666161,62.49,BTC-27DEC24-80000-C,64851.82,buy,0.1,0.1,,,,
2034,309033928,2024-07-16 00:34:06,1,0.1075,0.10719608,62.98,BTC-27DEC24-80000-C,64557.86,buy,0.1,0.1,,,,
2035,309042349,2024-07-16 01:40:35,0,0.109,0.10924334,62.84,BTC-27DEC24-80000-C,64849.67,buy,1.0,1.0,,,,
