trade_seq,trade_id,timestamp,tick_direction,price,mark_price,iv,instrument_name,index_price,direction,contracts,amount,liquidation,combo_id,block_trade_id,combo_trade_id
1,294437209,2024-03-28 12:51:21,1,0.225,0.22569766,83.15,BTC-28MAR25-110000-C,70441.89,sell,3.0,3.0,,,,
2,294694687,2024-03-30 08:44:07,2,0.2115,0.22159639,80.35,BTC-28MAR25-110000-C,69884.65,sell,0.1,0.1,,,,
3,295037059,2024-04-02 04:46:12,0,0.215,0.21316383,85.33,BTC-28MAR25-110000-C,66703.01,sell,0.5,0.5,,,,
4,295104283,2024-04-02 11:31:31,2,0.201,0.20481677,83.49,BTC-28MAR25-110000-C,65189.2,sell,1.0,1.0,,,,
5,295342435,2024-04-03 20:43:15,2,0.2,0.20280396,82.96,BTC-28MAR25-110000-C,65663.84,sell,0.1,0.1,,,,
6,295342436,2024-04-03 20:43:15,3,0.2,0.20280396,82.96,BTC-28MAR25-110000-C,65663.84,sell,0.1,0.1,,,,
7,295342696,2024-04-03 20:45:37,3,0.2,0.20271186,82.99,BTC-28MAR25-110000-C,65657.95,sell,0.2,0.2,,,,
8,295351878,2024-04-03 23:51:21,0,0.201,0.20295404,82.8,BTC-28MAR25-110000-C,66150.15,sell,5.0,5.0,,,,
9,295393929,2024-04-04 10:03:56,0,0.202,0.2050928,82.8,BTC-28MAR25-110000-C,66277.14,sell,5.0,5.0,,,,
10,295442247,2024-04-04 16:22:43,0,0.212,0.21173191,83.21,BTC-28MAR25-110000-C,68047.26,buy,0.3,0.3,,,,
11,295488111,2024-04-04 20:16:27,2,0.2095,0.20903262,83.54,BTC-28MAR25-110000-C,67463.91,sell,0.2,0.2,,,,
12,295517103,2024-04-05 01:35:59,0,0.2115,0.21203924,83.63,BTC-28MAR25-110000-C,67980.18,sell,0.1,0.1,,,,
13,295611559,2024-04-05 14:46:54,0,0.213,0.21183063,83.85,BTC-28MAR25-110000-C,68366.41,sell,1.8,1.8,,,,
14,295872261,2024-04-08 09:12:30,0,0.2225,0.22116544,82.85,BTC-28MAR25-110000-C,71904.21,buy,0.1,0.1,,,,
15,296132840,2024-04-09 18:06:16,2,0.203,0.20706893,81.91,BTC-28MAR25-110000-C,68878.59,sell,1.0,1.0,,,,
16,296353353,2024-04-11 04:56:20,0,0.212,0.21352491,82.29,BTC-28MAR25-110000-C,70590.39,buy,0.3,0.3,,,,
17,296376735,2024-04-11 08:49:12,0,0.215,0.21488485,82.49,BTC-28MAR25-110000-C,71187.16,buy,0.2,0.2,,,,
18,296377229,2024-04-11 08:52:31,0,0.2155,0.21472718,82.6,BTC-28MAR25-110000-C,71185.9,buy,0.1,0.1,,,,
19,296398889,2024-04-11 12:19:42,2,0.2075,0.21009939,81.78,BTC-28MAR25-110000-C,70248.09,buy,4.7,4.7,,,,
20,296574768,2024-04-12 16:09:23,2,0.199,0.20030628,81.16,BTC-28MAR25-110000-C,69428.47,sell,0.2,0.2,,,,
21,296574769,2024-04-12 16:09:23,3,0.199,0.20030628,81.16,BTC-28MAR25-110000-C,69428.47,sell,0.2,0.2,,,,
22,297194825,2024-04-14 22:12:42,2,0.1775,0.18040593,81.8,BTC-28MAR25-110000-C,64805.62,buy,5.0,5.0,,,,
23,297312490,2024-04-15 11:44:47,0,0.187,0.18722128,82.78,BTC-28MAR25-110000-C,66032.57,sell,0.1,0.1,,,,
24,297377546,2024-04-15 17:26:15,2,0.1745,0.17458269,82.36,BTC-28MAR25-110000-C,63725.73,sell,0.9,0.9,,,,
25,297422303,2024-04-15 20:27:22,2,0.169,0.17124952,81.47,BTC-28MAR25-110000-C,63264.42,buy,0.2,0.2,,,,
26,297422321,2024-04-15 20:27:33,0,0.1695,0.17124659,81.6,BTC-28MAR25-110000-C,63267.08,buy,0.1,0.1,,,,
27,297422738,2024-04-15 20:31:18,1,0.1695,0.17097499,81.64,BTC-28MAR25-110000-C,63237.17,buy,0.1,0.1,,,,
28,297422755,2024-04-15 20:31:32,1,0.1695,0.17112197,81.6,BTC-28MAR25-110000-C,63294.74,buy,0.1,0.1,,,,
29,297423205,2024-04-15 20:34:11,0,0.17,0.17163551,81.6,BTC-28MAR25-110000-C,63369.12,buy,0.1,0.1,,,,
30,297440007,2024-04-15 23:44:14,0,0.1765,0.17293588,83.21,BTC-28MAR25-110000-C,63436.0,buy,0.1,0.1,,,,
31,297747951,2024-04-17 14:20:21,2,0.16,0.15908165,81.64,BTC-28MAR25-110000-C,61408.67,sell,0.1,0.1,,,,
32,298224574,2024-04-19 08:18:52,0,0.163,0.16778424,78.77,BTC-28MAR25-110000-C,64928.47,sell,0.2,0.2,,,,
33,298225277,2024-04-19 08:21:05,2,0.1625,0.16758847,78.71,BTC-28MAR25-110000-C,64882.22,sell,0.1,0.1,,,,
34,298225493,2024-04-19 08:21:54,0,0.163,0.16755284,78.8,BTC-28MAR25-110000-C,64912.6,sell,0.1,0.1,,,,
35,298225832,2024-04-19 08:23:40,1,0.163,0.16733529,78.74,BTC-28MAR25-110000-C,64943.28,sell,0.1,0.1,,,,
36,298591085,2024-04-22 03:32:05,2,0.1575,0.15977264,77.78,BTC-28MAR25-110000-C,65309.14,buy,4.9,4.9,,,,
37,298841492,2024-04-24 04:20:13,2,0.156,0.15520286,75.9,BTC-28MAR25-110000-C,66687.29,sell,3.0,3.0,,,,
38,299422432,2024-04-29 04:11:55,2,0.1195,0.12166023,72.17,BTC-28MAR25-110000-C,62447.42,sell,0.1,0.1,,,,
39,299503141,2024-04-29 21:48:45,2,0.115,0.11701155,70.53,BTC-28MAR25-110000-C,62981.66,buy,0.5,0.5,,,,
40,299549682,2024-04-30 04:59:00,0,0.117,0.11827138,70.56,BTC-28MAR25-110000-C,63396.33,sell,1.0,1.0,,,,
41,299549683,2024-04-30 04:59:00,1,0.117,0.11827138,70.56,BTC-28MAR25-110000-C,63396.33,sell,4.7,4.7,,,,
42,299662943,2024-04-30 16:50:34,2,0.1005,0.10329268,69.7,BTC-28MAR25-110000-C,60449.33,sell,0.1,0.1,,,,
43,299671699,2024-04-30 17:59:52,0,0.1045,0.10269212,70.97,BTC-28MAR25-110000-C,60306.51,sell,0.5,0.5,,,,
44,299824301,2024-05-01 08:16:06,2,0.0895,0.09023643,70.28,BTC-28MAR25-110000-C,57153.13,sell,2.0,2.0,,,,
45,299894869,2024-05-01 12:21:53,0,0.095,0.09453083,70.81,BTC-28MAR25-110000-C,58110.02,sell,0.1,0.1,,,,
46,300066390,2024-05-02 08:43:20,2,0.0915,0.09209932,70.13,BTC-28MAR25-110000-C,57821.6,sell,0.5,0.5,,,,
47,300395565,2024-05-04 05:11:58,0,0.1065,0.1064238,68.14,BTC-28MAR25-110000-C,63210.51,buy,0.1,0.1,,,,
48,300398219,2024-05-04 05:49:18,0,0.107,0.10598381,68.33,BTC-28MAR25-110000-C,63172.99,buy,0.1,0.1,,,,
49,300398220,2024-05-04 05:49:21,0,0.1075,0.10595911,68.48,BTC-28MAR25-110000-C,63168.53,buy,0.1,0.1,,,,
50,300398235,2024-05-04 05:49:22,0,0.108,0.10595495,68.62,BTC-28MAR25-110000-C,63173.71,buy,0.1,0.1,,,,
51,300422471,2024-05-04 10:51:28,0,0.1085,0.10929504,67.84,BTC-28MAR25-110000-C,64030.95,buy,0.1,0.1,,,,
52,300424585,2024-05-04 10:58:13,0,0.109,0.10942205,67.89,BTC-28MAR25-110000-C,64123.92,buy,0.1,0.1,,,,
53,300424796,2024-05-04 10:58:26,0,0.1095,0.1095708,68.01,BTC-28MAR25-110000-C,64163.65,buy,0.1,0.1,,,,
54,300522680,2024-05-05 15:58:12,0,0.112,0.11602459,68.34,BTC-28MAR25-110000-C,64492.41,sell,2.8,2.8,,,,
55,300692876,2024-05-07 08:33:17,0,0.113,0.11314507,69.1,BTC-28MAR25-110000-C,64213.84,sell,0.5,0.5,,,,
56,300692877,2024-05-07 08:33:17,1,0.113,0.11314507,69.1,BTC-28MAR25-110000-C,64213.84,sell,1.0,1.0,,,,
57,300850361,2024-05-08 19:25:35,2,0.099,0.0994131,67.61,BTC-28MAR25-110000-C,61995.74,sell,0.2,0.2,,,,
58,301006384,2024-05-10 06:56:52,3,0.099,0.10169608,66.5,BTC-28MAR25-110000-C,63222.54,sell,3.0,3.0,,,,
59,301053265,2024-05-10 14:52:36,2,0.095,0.0968285,67.88,BTC-28MAR25-110000-C,61067.51,sell,0.2,0.2,,,,
60,301594464,2024-05-15 16:21:00,0,0.1235,0.12262098,71.89,BTC-28MAR25-110000-C,64985.3,sell,0.5,0.5,,,,
61,301594465,2024-05-15 16:21:00,1,0.1235,0.12262098,71.89,BTC-28MAR25-110000-C,64985.3,sell,0.5,0.5,,,,
62,301594466,2024-05-15 16:21:00,1,0.1235,0.12262098,71.89,BTC-28MAR25-110000-C,64985.3,sell,0.5,0.5,,,,
63,301594467,2024-05-15 16:21:00,1,0.1235,0.12262098,71.89,BTC-28MAR25-110000-C,64985.3,sell,0.5,0.5,,,,
64,301594468,2024-05-15 16:21:00,1,0.1235,0.12262098,71.89,BTC-28MAR25-110000-C,64984.41,sell,0.5,0.5,,,,
65,301608233,2024-05-15 17:53:17,2,0.1185,0.12131592,70.43,BTC-28MAR25-110000-C,65057.17,sell,5.0,5.0,,,,
66,301608234,2024-05-15 17:53:17,3,0.1185,0.12131592,70.43,BTC-28MAR25-110000-C,65057.17,sell,4.7,4.7,,,,
67,301609963,2024-05-15 18:02:12,2,0.118,0.120791,70.25,BTC-28MAR25-110000-C,65098.45,sell,4.3,4.3,,,,
68,301719872,2024-05-16 09:27:02,0,0.127,0.1254536,71.28,BTC-28MAR25-110000-C,66188.55,buy,5.0,5.0,,,,
69,301812884,2024-05-16 19:29:36,0,0.1315,0.13030304,73.21,BTC-28MAR25-110000-C,65542.65,sell,0.5,0.5,,,,
70,301816943,2024-05-16 20:38:36,2,0.1285,0.12855438,72.68,BTC-28MAR25-110000-C,65234.61,buy,0.4,0.4,,,,
71,301834411,2024-05-17 03:42:39,0,0.129,0.12860332,72.28,BTC-28MAR25-110000-C,65783.63,buy,0.1,0.1,,,,
72,302074800,2024-05-19 19:49:25,0,0.1335,0.13507583,73.35,BTC-28MAR25-110000-C,66048.99,sell,5.0,5.0,,,,
73,302096843,2024-05-20 03:21:43,0,0.137,0.13696805,73.59,BTC-28MAR25-110000-C,66598.79,sell,0.3,0.3,,,,
74,302145326,2024-05-20 15:02:38,2,0.1355,0.13563688,72.85,BTC-28MAR25-110000-C,66930.78,buy,0.4,0.4,,,,
75,302146356,2024-05-20 15:17:14,0,0.136,0.13594588,72.72,BTC-28MAR25-110000-C,67156.34,buy,0.5,0.5,,,,
76,302146357,2024-05-20 15:17:14,1,0.136,0.13594588,72.72,BTC-28MAR25-110000-C,67156.34,buy,1.0,1.0,,,,
77,302155577,2024-05-20 16:01:33,0,0.1375,0.13711566,72.78,BTC-28MAR25-110000-C,67507.4,buy,0.6,0.6,,,,
78,302565638,2024-05-22 11:28:23,0,0.1465,0.14497493,72.16,BTC-28MAR25-110000-C,70084.22,buy,4.9,4.9,,,,
79,302565639,2024-05-22 11:28:23,1,0.1465,0.14497493,72.16,BTC-28MAR25-110000-C,70084.22,buy,4.4,4.4,,,,
80,302565640,2024-05-22 11:28:23,1,0.1465,0.14497493,72.16,BTC-28MAR25-110000-C,70084.22,buy,0.7,0.7,,,,
81,302567499,2024-05-22 11:54:09,2,0.144,0.14429562,71.71,BTC-28MAR25-110000-C,69873.62,sell,0.1,0.1,,,,
82,302627520,2024-05-22 19:39:04,2,0.1415,0.14167053,71.07,BTC-28MAR25-110000-C,69718.12,buy,0.2,0.2,,,,
83,302627575,2024-05-22 19:39:24,2,0.141,0.14136088,71.0,BTC-28MAR25-110000-C,69651.95,buy,0.8,0.8,,,,
84,302751346,2024-05-23 14:48:41,2,0.132,0.13209625,70.7,BTC-28MAR25-110000-C,67735.53,buy,1.0,1.0,,,,
85,302767938,2024-05-23 16:59:37,0,0.1326,0.13217408,70.92,BTC-28MAR25-110000-C,67771.36,buy,25.0,25.0,,,142210,
86,302769120,2024-05-23 17:06:09,0,0.1345,0.13259516,71.41,BTC-28MAR25-110000-C,67834.61,buy,0.5,0.5,,,,
87,302769885,2024-05-23 17:13:40,0,0.135,0.1336508,71.43,BTC-28MAR25-110000-C,67920.78,buy,3.0,3.0,,,,
88,302898514,2024-05-24 07:05:08,2,0.1295,0.13091837,71.02,BTC-28MAR25-110000-C,66936.53,buy,0.2,0.2,,,,
89,302899157,2024-05-24 07:07:01,3,0.1295,0.13056566,71.11,BTC-28MAR25-110000-C,66863.81,buy,0.2,0.2,,,,
90,302899589,2024-05-24 07:09:32,3,0.1295,0.13089557,70.99,BTC-28MAR25-110000-C,66962.44,buy,0.1,0.1,,,,
91,302951396,2024-05-24 14:37:26,0,0.1315,0.13227245,70.47,BTC-28MAR25-110000-C,67906.84,buy,1.0,1.0,,,,
92,303009550,2024-05-25 03:12:38,0,0.133,0.13341179,70.35,BTC-28MAR25-110000-C,68730.67,buy,0.2,0.2,,,,
93,303074967,2024-05-26 11:31:40,0,0.1335,0.13497047,70.25,BTC-28MAR25-110000-C,69087.06,sell,0.5,0.5,,,,
94,303424974,2024-05-29 08:47:30,2,0.1305,0.13213684,70.76,BTC-28MAR25-110000-C,67746.6,sell,0.1,0.1,,,,
95,303835920,2024-06-02 14:24:17,2,0.119,0.1236658,67.46,BTC-28MAR25-110000-C,68153.43,sell,0.2,0.2,,,,
96,303936357,2024-06-03 11:45:53,0,0.1265,0.12827716,68.38,BTC-28MAR25-110000-C,69035.34,sell,0.1,0.1,,,,
97,303943505,2024-06-03 12:40:00,0,0.13,0.13031539,68.63,BTC-28MAR25-110000-C,69688.38,buy,0.2,0.2,,,,
98,304043918,2024-06-04 05:59:37,2,0.1269,0.12694508,68.89,BTC-28MAR25-110000-C,68938.64,sell,6.0,6.0,,,143315,
99,304070168,2024-06-04 13:40:55,0,0.127,0.12707508,68.44,BTC-28MAR25-110000-C,69482.92,buy,3.0,3.0,,,,
100,304148949,2024-06-04 20:50:26,0,0.129,0.12984664,67.98,BTC-28MAR25-110000-C,70453.0,sell,1.1,1.1,,,,
101,304587179,2024-06-08 06:28:02,2,0.118,0.12058152,66.49,BTC-28MAR25-110000-C,69356.45,sell,0.1,0.1,,,,
102,304601408,2024-06-08 14:36:16,0,0.12,0.11925498,67.08,BTC-28MAR25-110000-C,69385.07,buy,0.1,0.1,,,,
103,304601845,2024-06-08 14:55:56,1,0.12,0.11809097,67.08,BTC-28MAR25-110000-C,69410.03,buy,0.1,0.1,,,,
104,304616267,2024-06-09 03:52:14,0,0.1205,0.11951654,67.56,BTC-28MAR25-110000-C,69261.39,buy,0.1,0.1,,,,
105,304616268,2024-06-09 03:52:14,1,0.1205,0.11951654,67.56,BTC-28MAR25-110000-C,69261.39,buy,0.1,0.1,,,,
106,304823168,2024-06-11 05:22:52,2,0.1125,0.1125768,67.76,BTC-28MAR25-110000-C,67845.86,buy,1.0,1.0,,,,
107,304948783,2024-06-11 17:46:54,2,0.1105,0.10855512,68.87,BTC-28MAR25-110000-C,66510.25,buy,0.1,0.1,,,,
108,304948816,2024-06-11 17:47:38,3,0.1105,0.10856858,68.87,BTC-28MAR25-110000-C,66509.52,buy,1.6,1.6,,,,
109,304948916,2024-06-11 17:48:24,0,0.111,0.10862615,69.01,BTC-28MAR25-110000-C,66522.07,buy,5.0,5.0,,,,
110,304948917,2024-06-11 17:48:24,1,0.111,0.10862615,69.01,BTC-28MAR25-110000-C,66522.07,sell,0.3,0.3,,,,
111,304950179,2024-06-11 18:00:26,0,0.113,0.11032592,69.33,BTC-28MAR25-110000-C,66746.03,buy,2.3,2.3,,,,
112,304950180,2024-06-11 18:00:26,0,0.1135,0.11032592,69.48,BTC-28MAR25-110000-C,66746.03,buy,4.7,4.7,,,,
113,304973063,2024-06-12 00:28:53,2,0.113,0.11325782,68.66,BTC-28MAR25-110000-C,67226.56,buy,0.2,0.2,,,,
114,305362491,2024-06-14 16:34:18,2,0.1005,0.10087271,67.83,BTC-28MAR25-110000-C,65293.73,sell,0.4,0.4,,,,
115,305362900,2024-06-14 16:35:06,3,0.1005,0.10068615,67.91,BTC-28MAR25-110000-C,65240.65,sell,0.1,0.1,,,,
116,305430465,2024-06-15 16:43:39,2,0.1,0.10255979,66.73,BTC-28MAR25-110000-C,66228.26,sell,0.7,0.7,,,,
117,305430612,2024-06-15 16:48:49,2,0.0995,0.10232306,66.62,BTC-28MAR25-110000-C,66192.41,sell,0.7,0.7,,,,
118,305526184,2024-06-17 12:44:26,2,0.099,0.09853574,67.39,BTC-28MAR25-110000-C,65617.41,sell,0.2,0.2,,,,
119,305682364,2024-06-18 13:31:34,2,0.0975,0.09713239,68.44,BTC-28MAR25-110000-C,64776.53,sell,0.1,0.1,,,,
120,305938143,2024-06-20 11:04:46,0,0.1,0.09899869,67.77,BTC-28MAR25-110000-C,66192.48,buy,0.1,0.1,,,,
121,305938183,2024-06-20 11:05:05,0,0.1005,0.09913182,67.92,BTC-28MAR25-110000-C,66200.86,buy,1.0,1.0,,,,
122,305938215,2024-06-20 11:05:09,2,0.1,0.09921252,67.75,BTC-28MAR25-110000-C,66203.61,buy,0.2,0.2,,,,
123,305938221,2024-06-20 11:05:10,0,0.101,0.09922856,68.07,BTC-28MAR25-110000-C,66204.4,buy,0.1,0.1,,,,
124,305939549,2024-06-20 11:11:51,0,0.1015,0.1005189,68.09,BTC-28MAR25-110000-C,66309.39,buy,0.2,0.2,,,,
125,305941346,2024-06-20 11:30:17,0,0.1025,0.10127188,68.28,BTC-28MAR25-110000-C,66425.25,buy,0.1,0.1,,,,
126,306018817,2024-06-21 06:09:46,2,0.093,0.09539762,67.67,BTC-28MAR25-110000-C,64632.81,sell,0.1,0.1,,,,
127,306050969,2024-06-21 09:48:11,0,0.0935,0.09182084,68.63,BTC-28MAR25-110000-C,64045.19,buy,1.0,1.0,,,,
128,306051083,2024-06-21 09:49:10,0,0.094,0.09188551,68.77,BTC-28MAR25-110000-C,64068.95,buy,1.0,1.0,,,,
129,306140019,2024-06-22 21:56:33,2,0.0895,0.08948118,67.23,BTC-28MAR25-110000-C,64304.83,buy,0.2,0.2,,,,
130,306160783,2024-06-23 20:31:29,2,0.089,0.08774616,67.59,BTC-28MAR25-110000-C,63962.97,buy,0.1,0.1,,,,
131,306231009,2024-06-24 09:30:40,2,0.083,0.08265936,68.18,BTC-28MAR25-110000-C,61866.41,sell,1.0,1.0,,,,
132,306338840,2024-06-24 17:51:27,2,0.0785,0.07841817,68.45,BTC-28MAR25-110000-C,60091.48,sell,0.1,0.1,,,,
133,306344637,2024-06-24 18:24:05,2,0.078,0.07759268,68.23,BTC-28MAR25-110000-C,60150.98,buy,0.1,0.1,,,,
134,306344677,2024-06-24 18:24:07,3,0.078,0.07761905,68.21,BTC-28MAR25-110000-C,60200.67,buy,0.3,0.3,,,,
135,306344933,2024-06-24 18:25:52,3,0.078,0.07762961,68.19,BTC-28MAR25-110000-C,60226.47,buy,0.6,0.6,,,,
136,306500709,2024-06-25 18:43:49,0,0.086,0.08513248,68.82,BTC-28MAR25-110000-C,62025.91,buy,0.1,0.1,,,,
137,306503397,2024-06-25 18:57:43,2,0.084,0.08613446,67.93,BTC-28MAR25-110000-C,62204.83,sell,2.0,2.0,,,,
138,306687388,2024-06-27 13:15:03,2,0.0785,0.08062693,67.22,BTC-28MAR25-110000-C,61555.31,sell,1.0,1.0,,,,
139,306708888,2024-06-27 15:40:16,0,0.08,0.07866533,67.66,BTC-28MAR25-110000-C,61598.54,buy,1.0,1.0,,,,
140,306708889,2024-06-27 15:40:16,1,0.08,0.07866533,67.66,BTC-28MAR25-110000-C,61598.54,sell,0.4,0.4,,,,
141,306708908,2024-06-27 15:40:22,1,0.08,0.07867231,67.67,BTC-28MAR25-110000-C,61593.63,sell,0.6,0.6,,,,
142,306878262,2024-06-28 23:01:02,2,0.075,0.07455698,67.81,BTC-28MAR25-110000-C,60257.83,sell,0.1,0.1,,,,
143,306878520,2024-06-28 23:17:16,0,0.0765,0.07586052,68.26,BTC-28MAR25-110000-C,60304.42,buy,0.6,0.6,,,,
144,306878521,2024-06-28 23:17:17,1,0.0765,0.07586039,68.26,BTC-28MAR25-110000-C,60304.08,buy,0.3,0.3,,,,
145,306893704,2024-06-29 07:14:02,2,0.076,0.07536798,67.57,BTC-28MAR25-110000-C,60817.68,sell,0.1,0.1,,,,
146,307019430,2024-07-01 08:05:42,0,0.0785,0.07948513,65.69,BTC-28MAR25-110000-C,63192.22,buy,2.0,2.0,,,,
147,307019733,2024-07-01 08:09:21,2,0.0775,0.07827336,65.28,BTC-28MAR25-110000-C,63224.71,buy,2.0,2.0,,,,
148,307038324,2024-07-01 13:31:35,0,0.0785,0.07803777,66.14,BTC-28MAR25-110000-C,63000.63,buy,0.1,0.1,,,,
149,307038328,2024-07-01 13:31:40,1,0.0785,0.07800397,66.15,BTC-28MAR25-110000-C,62992.96,buy,0.1,0.1,,,,
150,307038329,2024-07-01 13:31:42,1,0.0785,0.078022,66.14,BTC-28MAR25-110000-C,62998.42,buy,0.1,0.1,,,,
151,307038331,2024-07-01 13:31:45,1,0.0785,0.07802992,66.14,BTC-28MAR25-110000-C,62998.1,buy,0.1,0.1,,,,
152,307038333,2024-07-01 13:31:47,1,0.0785,0.07802273,66.14,BTC-28MAR25-110000-C,62993.73,buy,0.1,0.1,,,,
153,307038335,2024-07-01 13:31:49,1,0.0785,0.07801423,66.15,BTC-28MAR25-110000-C,62992.77,buy,0.1,0.1,,,,
154,307056848,2024-07-01 17:41:40,1,0.0785,0.07857631,65.56,BTC-28MAR25-110000-C,63445.02,buy,0.1,0.1,,,,
155,307056975,2024-07-01 17:41:43,1,0.0785,0.07863413,65.53,BTC-28MAR25-110000-C,63470.42,buy,1.3,1.3,,,,
156,307094695,2024-07-02 07:04:10,2,0.076,0.0761679,65.69,BTC-28MAR25-110000-C,62707.71,sell,1.0,1.0,,,,
157,307142105,2024-07-02 16:17:28,2,0.07,0.07066504,64.91,BTC-28MAR25-110000-C,61760.23,sell,0.2,0.2,,,,
158,307208261,2024-07-03 08:40:29,2,0.0635,0.06325523,64.09,BTC-28MAR25-110000-C,60716.92,sell,1.0,1.0,,,,
159,307216385,2024-07-03 09:56:21,2,0.0605,0.0616463,63.33,BTC-28MAR25-110000-C,60509.0,sell,0.1,0.1,,,,
160,307216386,2024-07-03 09:56:21,3,0.0605,0.0616463,63.33,BTC-28MAR25-110000-C,60509.0,buy,0.9,0.9,,,,
161,307222548,2024-07-03 10:27:35,0,0.061,0.06019324,64.0,BTC-28MAR25-110000-C,60071.38,sell,0.2,0.2,,,,
162,307243705,2024-07-03 12:56:41,2,0.0595,0.06125191,63.51,BTC-28MAR25-110000-C,59994.36,sell,0.1,0.1,,,,
163,307243706,2024-07-03 12:56:41,3,0.0595,0.06125191,63.51,BTC-28MAR25-110000-C,59994.36,sell,0.9,0.9,,,,
164,307252920,2024-07-03 13:50:19,0,0.0625,0.06123069,64.13,BTC-28MAR25-110000-C,60382.07,buy,100.0,100.0,,,146715,
165,307260657,2024-07-03 14:55:06,2,0.059,0.05804687,63.01,BTC-28MAR25-110000-C,60209.68,sell,2.7,2.7,,,,
166,307320257,2024-07-04 01:48:19,2,0.0575,0.05719304,63.93,BTC-28MAR25-110000-C,59149.06,buy,2.0,2.0,,,,
167,307380300,2024-07-04 08:36:14,2,0.056,0.05631344,64.76,BTC-28MAR25-110000-C,57964.84,buy,1.2,1.2,,,,
168,307391740,2024-07-04 09:02:47,2,0.0555,0.05499363,64.98,BTC-28MAR25-110000-C,57628.08,buy,1.8,1.8,,,,
169,307431619,2024-07-04 13:06:23,2,0.053,0.05439561,64.61,BTC-28MAR25-110000-C,57138.25,sell,1.0,1.0,,,,
170,307454399,2024-07-04 15:01:25,0,0.056,0.05543287,65.52,BTC-28MAR25-110000-C,57393.24,sell,0.1,0.1,,,,
171,307456385,2024-07-04 15:16:44,1,0.056,0.05611053,65.44,BTC-28MAR25-110000-C,57452.37,sell,0.1,0.1,,,,
172,307475463,2024-07-04 19:21:00,0,0.0575,0.05721934,64.99,BTC-28MAR25-110000-C,58347.6,buy,0.1,0.1,,,,
173,307475592,2024-07-04 19:21:02,1,0.0575,0.05731986,64.93,BTC-28MAR25-110000-C,58398.3,buy,0.1,0.1,,,,
174,307490487,2024-07-04 23:41:30,2,0.054,0.05470079,64.69,BTC-28MAR25-110000-C,57420.59,buy,0.5,0.5,,,,
175,307520743,2024-07-05 02:50:22,0,0.0545,0.05512121,65.71,BTC-28MAR25-110000-C,56788.95,sell,0.2,0.2,,,,
176,307520744,2024-07-05 02:50:22,1,0.0545,0.05512121,65.71,BTC-28MAR25-110000-C,56788.95,buy,3.8,3.8,,,,
177,307550994,2024-07-05 03:47:28,2,0.0515,0.05098483,66.31,BTC-28MAR25-110000-C,55305.58,sell,1.7,1.7,,,,
178,307705021,2024-07-05 14:48:06,0,0.055,0.05436983,67.23,BTC-28MAR25-110000-C,55659.3,sell,5.0,5.0,,,,
179,307715080,2024-07-05 15:37:14,0,0.058,0.05712133,67.51,BTC-28MAR25-110000-C,56359.21,sell,1.0,1.0,,,,
180,307715098,2024-07-05 15:37:27,0,0.0585,0.05712183,67.71,BTC-28MAR25-110000-C,56359.59,buy,1.1,1.1,,,,
181,307715282,2024-07-05 15:39:09,1,0.0585,0.05740279,67.71,BTC-28MAR25-110000-C,56349.36,sell,1.0,1.0,,,,
182,307715566,2024-07-05 15:41:09,1,0.0585,0.05783182,67.64,BTC-28MAR25-110000-C,56406.52,sell,1.0,1.0,,,,
183,307850319,2024-07-07 02:56:19,0,0.062,0.06270598,66.79,BTC-28MAR25-110000-C,58325.21,sell,0.5,0.5,,,,
184,307938412,2024-07-08 01:33:34,2,0.054,0.05422381,68.53,BTC-28MAR25-110000-C,54527.04,sell,1.0,1.0,,,,
185,307963486,2024-07-08 05:37:15,0,0.055,0.05543549,67.88,BTC-28MAR25-110000-C,55335.51,sell,300.0,300.0,,BTC-CSR23-28MAR25-75000_110000,147332,
186,307965303,2024-07-08 05:56:05,1,0.055,0.05598119,67.66,BTC-28MAR25-110000-C,55510.22,sell,75.0,75.0,,,147339,
187,307965430,2024-07-08 05:57:06,0,0.0554,0.05596662,67.81,BTC-28MAR25-110000-C,55518.7,sell,75.0,75.0,,,147340,
188,307965622,2024-07-08 06:00:01,1,0.0554,0.055805,67.86,BTC-28MAR25-110000-C,55475.41,sell,75.0,75.0,,,147341,
189,307966153,2024-07-08 06:06:57,0,0.0565,0.05507185,68.6,BTC-28MAR25-110000-C,55243.02,sell,0.2,0.2,,,,
190,307974020,2024-07-08 07:45:01,1,0.0565,0.05662198,68.03,BTC-28MAR25-110000-C,55684.1,sell,1.0,1.0,,,,
191,308040185,2024-07-08 14:26:57,0,0.06,0.06069762,68.15,BTC-28MAR25-110000-C,56680.83,sell,1.0,1.0,,,,
192,308046022,2024-07-08 14:29:38,2,0.058,0.05845065,68.48,BTC-28MAR25-110000-C,55800.52,sell,2.0,2.0,,,,
193,308047819,2024-07-08 14:30:17,0,0.06,0.05869835,69.29,BTC-28MAR25-110000-C,55822.97,buy,0.6,0.6,,,,
194,308277086,2024-07-10 08:08:28,2,0.059,0.06100417,65.33,BTC-28MAR25-110000-C,58814.63,sell,0.1,0.1,,,,
195,308429332,2024-07-11 14:44:01,2,0.057,0.05780796,65.95,BTC-28MAR25-110000-C,57854.61,buy,1.0,1.0,,,,
196,308536255,2024-07-12 12:39:20,2,0.054,0.05429819,65.63,BTC-28MAR25-110000-C,57244.16,buy,0.5,0.5,,,,
197,308941679,2024-07-15 14:34:17,0,0.0725,0.07236323,65.77,BTC-28MAR25-110000-C,62970.04,sell,0.1,0.1,,,,
198,309093459,2024-07-16 07:53:22,2,0.0715,0.0721347,65.62,BTC-28MAR25-110000-C,62840.9,sell,0.1,0.1,,,,
199,309093771,2024-07-16 07:55:35,3,0.0715,0.07216334,65.54,BTC-28MAR25-110000-C,62910.05,buy,1.0,1.0,,,,
200,309093782,2024-07-16 07:55:37,3,0.0715,0.07217304,65.53,BTC-28MAR25-110000-C,62925.13,buy,2.7,2.7,,,,
201,309095472,2024-07-16 08:05:30,0,0.0725,0.07307376,65.68,BTC-28MAR25-110000-C,63098.6,buy,2.0,2.0,,,,
202,309096109,2024-07-16 08:09:40,2,0.072,0.07254342,65.6,BTC-28MAR25-110000-C,62985.21,sell,3.0,3.0,,,,
203,309098036,2024-07-16 08:23:01,2,0.0705,0.0711846,65.41,BTC-28MAR25-110000-C,62710.44,sell,0.1,0.1,,,,
204,309098037,2024-07-16 08:23:01,3,0.0705,0.0711846,65.41,BTC-28MAR25-110000-C,62710.44,buy,1.9,1.9,,,,
205,309099240,2024-07-16 08:31:50,3,0.0705,0.07103032,65.45,BTC-28MAR25-110000-C,62694.41,sell,0.1,0.1,,,,
206,309099248,2024-07-16 08:31:54,2,0.07,0.07096552,65.3,BTC-28MAR25-110000-C,62682.02,sell,2.9,2.9,,,,
207,309100109,2024-07-16 08:34:59,2,0.0695,0.07036906,65.24,BTC-28MAR25-110000-C,62568.78,buy,3.0,3.0,,,,
208,309278670,2024-07-17 04:18:12,0,0.09,0.09006593,68.36,BTC-28MAR25-110000-C,65769.69,sell,3.0,3.0,,,,
209,309285253,2024-07-17 05:08:14,0,0.092,0.09167637,68.89,BTC-28MAR25-110000-C,65868.29,sell,1.0,1.0,,,,
210,309339121,2024-07-17 11:51:02,2,0.0855,0.08552696,68.27,BTC-28MAR25-110000-C,64779.69,buy,3.0,3.0,,,,
211,309345534,2024-07-17 13:19:03,2,0.085,0.08615399,68.18,BTC-28MAR25-110000-C,64721.22,sell,1.0,1.0,,,,
212,309369172,2024-07-17 15:50:03,2,0.0845,0.08477093,67.91,BTC-28MAR25-110000-C,64855.82,sell,0.1,0.1,,,,
213,309411952,2024-07-17 22:44:48,2,0.0815,0.08221823,67.57,BTC-28MAR25-110000-C,64328.08,buy,4.8,4.8,,,,
214,309439715,2024-07-18 04:32:19,2,0.0805,0.08129109,67.0,BTC-28MAR25-110000-C,64619.13,sell,0.1,0.1,,,,
215,309441709,2024-07-18 05:12:05,0,0.081,0.0807495,67.33,BTC-28MAR25-110000-C,64519.16,sell,1.0,1.0,,,,
216,309466066,2024-07-18 11:06:45,2,0.0805,0.08139186,67.19,BTC-28MAR25-110000-C,64523.99,sell,1.0,1.0,,,,
217,309512688,2024-07-18 17:44:30,0,0.0835,0.08267095,69.12,BTC-28MAR25-110000-C,63668.31,buy,1.7,1.7,,,,
218,309512699,2024-07-18 17:44:30,1,0.0835,0.08267095,69.12,BTC-28MAR25-110000-C,63668.31,buy,1.7,1.7,,,,
219,309539320,2024-07-19 00:21:02,0,0.0855,0.08638889,69.81,BTC-28MAR25-110000-C,63646.0,sell,0.1,0.1,,,,
220,309839990,2024-07-21 02:22:02,0,0.106,0.10458952,72.37,BTC-28MAR25-110000-C,67370.74,buy,0.7,0.7,,,,
221,309839991,2024-07-21 02:22:02,1,0.106,0.10458952,72.37,BTC-28MAR25-110000-C,67370.74,sell,0.6,0.6,,,,
222,309839992,2024-07-21 02:22:02,1,0.106,0.10458952,72.37,BTC-28MAR25-110000-C,67370.74,sell,1.6,1.6,,,,
223,309839993,2024-07-21 02:22:02,1,0.106,0.10458952,72.37,BTC-28MAR25-110000-C,67370.74,sell,0.3,0.3,,,,
224,309840032,2024-07-21 02:22:11,1,0.106,0.10465355,72.36,BTC-28MAR25-110000-C,67379.2,sell,1.5,1.5,,,,
225,309840033,2024-07-21 02:22:11,1,0.106,0.10465355,72.36,BTC-28MAR25-110000-C,67379.2,sell,0.3,0.3,,,,
226,309883797,2024-07-21 15:42:49,2,0.103,0.10471632,71.53,BTC-28MAR25-110000-C,67342.85,sell,0.1,0.1,,,,
227,309883798,2024-07-21 15:42:49,3,0.103,0.10471632,71.53,BTC-28MAR25-110000-C,67342.85,buy,0.6,0.6,,,,
228,309883809,2024-07-21 15:43:12,2,0.1015,0.10458099,71.04,BTC-28MAR25-110000-C,67341.88,buy,0.6,0.6,,,,
229,309883810,2024-07-21 15:43:12,3,0.1015,0.10458099,71.04,BTC-28MAR25-110000-C,67341.88,buy,7.5,7.5,,,,
230,309883819,2024-07-21 15:43:15,3,0.1015,0.1045601,71.04,BTC-28MAR25-110000-C,67341.38,buy,2.7,2.7,,,,
231,309883820,2024-07-21 15:43:15,3,0.1015,0.1045601,71.04,BTC-28MAR25-110000-C,67341.38,buy,0.6,0.6,,,,
232,309883824,2024-07-21 15:43:18,2,0.101,0.10454809,70.87,BTC-28MAR25-110000-C,67343.33,sell,7.9,7.9,,,,
233,310002185,2024-07-22 06:46:23,3,0.101,0.1034385,70.79,BTC-28MAR25-110000-C,67338.69,sell,7.0,7.0,,,,
234,310023284,2024-07-22 09:48:04,0,0.103,0.10483175,71.55,BTC-28MAR25-110000-C,67284.3,sell,0.7,0.7,,,,
235,310144458,2024-07-23 05:50:20,2,0.102,0.10302968,72.41,BTC-28MAR25-110000-C,66450.55,sell,0.1,0.1,,,,
236,310303496,2024-07-24 02:25:08,2,0.0975,0.09761701,72.5,BTC-28MAR25-110000-C,65478.22,sell,0.9,0.9,,,,
237,310304614,2024-07-24 02:47:03,2,0.094,0.09712117,71.09,BTC-28MAR25-110000-C,65669.96,sell,0.6,0.6,,,,
238,310304617,2024-07-24 02:47:03,3,0.094,0.09712117,71.09,BTC-28MAR25-110000-C,65669.96,buy,0.8,0.8,,,,
239,310304619,2024-07-24 02:47:03,3,0.094,0.09712117,71.09,BTC-28MAR25-110000-C,65669.96,buy,4.0,4.0,,,,
240,310304620,2024-07-24 02:47:03,3,0.094,0.09712117,71.09,BTC-28MAR25-110000-C,65669.96,buy,0.2,0.2,,,,
241,310304621,2024-07-24 02:47:03,3,0.094,0.09712117,71.09,BTC-28MAR25-110000-C,65669.96,buy,4.8,4.8,,,,
242,310304622,2024-07-24 02:47:03,3,0.094,0.09712117,71.09,BTC-28MAR25-110000-C,65669.96,buy,0.8,0.8,,,,
243,310304623,2024-07-24 02:47:03,3,0.094,0.09712117,71.09,BTC-28MAR25-110000-C,65669.96,buy,1.0,1.0,,,,
244,310304624,2024-07-24 02:47:03,3,0.094,0.09712117,71.09,BTC-28MAR25-110000-C,65669.96,buy,2.8,2.8,,,,
245,310337481,2024-07-24 11:21:53,0,0.0965,0.09469291,71.02,BTC-28MAR25-110000-C,66554.58,buy,7.7,7.7,,,,
246,310431912,2024-07-25 01:36:04,2,0.088,0.08650114,71.07,BTC-28MAR25-110000-C,64359.13,buy,0.2,0.2,,,,
247,310562461,2024-07-25 16:01:57,2,0.086,0.0844713,70.26,BTC-28MAR25-110000-C,64830.11,buy,1.5,1.5,,,,
248,310725316,2024-07-26 13:30:34,0,0.092,0.09172204,69.19,BTC-28MAR25-110000-C,67381.32,buy,0.1,0.1,,,,
249,310750610,2024-07-26 15:03:56,2,0.0915,0.09217438,69.0,BTC-28MAR25-110000-C,67441.41,buy,3.0,3.0,,,,
250,310750636,2024-07-26 15:04:09,3,0.0915,0.09218383,68.99,BTC-28MAR25-110000-C,67445.6,buy,3.0,3.0,,,,
251,310751216,2024-07-26 15:08:01,3,0.0915,0.09241711,68.92,BTC-28MAR25-110000-C,67499.89,buy,3.0,3.0,,,,
252,310751250,2024-07-26 15:08:06,3,0.0915,0.09240513,68.91,BTC-28MAR25-110000-C,67503.7,buy,3.0,3.0,,,,
253,310751270,2024-07-26 15:08:17,3,0.0915,0.09253823,68.87,BTC-28MAR25-110000-C,67544.15,buy,3.0,3.0,,,,
254,310751607,2024-07-26 15:10:11,0,0.092,0.09262825,68.99,BTC-28MAR25-110000-C,67584.15,buy,5.0,5.0,,,,
255,310751609,2024-07-26 15:10:16,1,0.092,0.0925733,69.0,BTC-28MAR25-110000-C,67573.56,buy,2.0,2.0,,,,
256,310753358,2024-07-26 15:20:27,1,0.092,0.09204141,68.99,BTC-28MAR25-110000-C,67576.92,buy,0.1,0.1,,,,
257,310753369,2024-07-26 15:20:29,1,0.092,0.09210491,68.96,BTC-28MAR25-110000-C,67606.4,buy,0.6,0.6,,,,
258,310753730,2024-07-26 15:21:57,1,0.092,0.09236733,68.87,BTC-28MAR25-110000-C,67676.87,buy,0.3,0.3,,,,
259,310757941,2024-07-26 16:03:13,0,0.0925,0.09187848,69.11,BTC-28MAR25-110000-C,67637.73,buy,7.0,7.0,,,,
260,310840270,2024-07-27 13:35:33,0,0.093,0.09240756,67.55,BTC-28MAR25-110000-C,69001.01,buy,6.0,6.0,,,,
261,310842041,2024-07-27 13:45:18,0,0.0935,0.0934175,67.48,BTC-28MAR25-110000-C,69153.57,buy,0.2,0.2,,,,
262,310842042,2024-07-27 13:45:18,1,0.0935,0.0934175,67.48,BTC-28MAR25-110000-C,69153.57,buy,11.8,11.8,,,,
263,310842043,2024-07-27 13:45:18,1,0.0935,0.0934175,67.48,BTC-28MAR25-110000-C,69153.57,buy,12.0,12.0,,,,
264,310842044,2024-07-27 13:45:18,1,0.0935,0.0934175,67.48,BTC-28MAR25-110000-C,69153.57,buy,1.2,1.2,,,,
265,310989634,2024-07-28 03:22:18,2,0.0895,0.08915247,67.76,BTC-28MAR25-110000-C,68038.6,sell,0.1,0.1,,,,
266,311153606,2024-07-29 06:02:13,2,0.087,0.08808981,64.48,BTC-28MAR25-110000-C,69731.03,sell,11.0,11.0,,,,
267,311153607,2024-07-29 06:02:13,3,0.087,0.08808981,64.48,BTC-28MAR25-110000-C,69731.03,buy,9.0,9.0,,,,
268,311160253,2024-07-29 06:33:36,2,0.0865,0.08661992,64.31,BTC-28MAR25-110000-C,69728.65,sell,10.0,10.0,,,,
269,311160393,2024-07-29 06:34:50,0,0.0875,0.08652467,64.68,BTC-28MAR25-110000-C,69693.74,buy,20.0,20.0,,,,
270,311185027,2024-07-29 11:24:57,0,0.0885,0.08697937,65.06,BTC-28MAR25-110000-C,69785.9,buy,6.5,6.5,,,,
271,311197377,2024-07-29 13:16:31,0,0.09,0.08826075,65.46,BTC-28MAR25-110000-C,69924.21,buy,0.2,0.2,,,,
272,311197408,2024-07-29 13:17:02,2,0.0895,0.08817709,65.32,BTC-28MAR25-110000-C,69891.07,buy,0.2,0.2,,,,
273,311317468,2024-07-30 00:20:33,2,0.075,0.07528018,64.73,BTC-28MAR25-110000-C,66465.61,sell,0.2,0.2,,,,
274,311377084,2024-07-30 12:14:11,2,0.0684,0.06771517,62.28,BTC-28MAR25-110000-C,66563.45,buy,200.0,200.0,,,150431,
275,311402298,2024-07-30 15:51:14,2,0.0676,0.06713458,62.44,BTC-28MAR25-110000-C,66224.81,sell,250.0,250.0,,,150493,
276,311449190,2024-07-31 03:31:33,2,0.065,0.06651548,61.69,BTC-28MAR25-110000-C,66092.15,sell,1.2,1.2,,,,
277,311449191,2024-07-31 03:31:33,3,0.065,0.06651548,61.69,BTC-28MAR25-110000-C,66092.15,buy,1.1,1.1,,,,
278,311449193,2024-07-31 03:31:44,3,0.065,0.06615153,61.69,BTC-28MAR25-110000-C,66089.1,buy,1.3,1.3,,,,
279,311449194,2024-07-31 03:31:44,3,0.065,0.06615153,61.69,BTC-28MAR25-110000-C,66089.1,buy,0.3,0.3,,,,
280,311449196,2024-07-31 03:31:52,3,0.065,0.06609274,61.7,BTC-28MAR25-110000-C,66086.5,buy,1.3,1.3,,,,
281,311449197,2024-07-31 03:31:52,3,0.065,0.06609274,61.7,BTC-28MAR25-110000-C,66086.5,buy,0.3,0.3,,,,
282,311487054,2024-07-31 13:07:03,0,0.0678,0.0662184,62.73,BTC-28MAR25-110000-C,66195.84,buy,137.5,137.5,,,150564,
283,311586857,2024-08-01 01:35:49,2,0.06,0.06033594,62.36,BTC-28MAR25-110000-C,64229.37,sell,0.2,0.2,,,,
284,311713385,2024-08-01 16:56:41,2,0.053,0.0529384,61.64,BTC-28MAR25-110000-C,62829.46,buy,1.0,1.0,,,,
285,311889693,2024-08-02 13:50:09,0,0.059,0.05824612,61.41,BTC-28MAR25-110000-C,65357.83,sell,0.1,0.1,,,,
286,311964559,2024-08-02 20:27:40,2,0.05,0.05019234,61.54,BTC-28MAR25-110000-C,62179.33,sell,0.1,0.1,,,,
287,312045896,2024-08-03 09:50:28,2,0.048,0.04940589,61.54,BTC-28MAR25-110000-C,61608.85,buy,5.4,5.4,,,,
288,312045906,2024-08-03 09:51:11,3,0.048,0.04926926,61.54,BTC-28MAR25-110000-C,61609.0,buy,1.5,1.5,,,,
289,312045911,2024-08-03 09:51:21,3,0.048,0.04921159,61.55,BTC-28MAR25-110000-C,61604.15,buy,3.1,3.1,,,,
290,312046292,2024-08-03 09:56:59,3,0.048,0.04919234,61.55,BTC-28MAR25-110000-C,61653.29,buy,0.3,0.3,,,,
291,312046305,2024-08-03 09:57:09,3,0.048,0.04916467,61.54,BTC-28MAR25-110000-C,61657.48,buy,1.9,1.9,,,,
292,312046306,2024-08-03 09:57:09,3,0.048,0.04916467,61.54,BTC-28MAR25-110000-C,61657.48,buy,0.4,0.4,,,,
293,312046313,2024-08-03 09:57:12,3,0.048,0.04916679,61.54,BTC-28MAR25-110000-C,61663.79,buy,1.8,1.8,,,,
294,312046314,2024-08-03 09:57:12,3,0.048,0.04916679,61.54,BTC-28MAR25-110000-C,61663.79,buy,0.4,0.4,,,,
295,312046315,2024-08-03 09:57:13,3,0.048,0.04917399,61.54,BTC-28MAR25-110000-C,61663.79,buy,1.0,1.0,,,,
296,312046319,2024-08-03 09:57:14,3,0.048,0.04917567,61.54,BTC-28MAR25-110000-C,61665.14,buy,1.8,1.8,,,,
297,312046320,2024-08-03 09:57:14,3,0.048,0.04917567,61.54,BTC-28MAR25-110000-C,61665.14,buy,0.4,0.4,,,,
298,312047760,2024-08-03 10:24:42,3,0.048,0.04880625,61.51,BTC-28MAR25-110000-C,61637.29,buy,6.3,6.3,,,,
299,312047761,2024-08-03 10:24:42,3,0.048,0.04880625,61.51,BTC-28MAR25-110000-C,61637.29,buy,0.1,0.1,,,,
300,312048588,2024-08-03 10:57:28,3,0.048,0.04782055,61.32,BTC-28MAR25-110000-C,61795.9,buy,5.0,5.0,,,,
301,312048749,2024-08-03 11:02:21,3,0.048,0.04773883,61.33,BTC-28MAR25-110000-C,61790.7,buy,1.0,1.0,,,,
302,312048883,2024-08-03 11:11:15,3,0.048,0.04748633,61.37,BTC-28MAR25-110000-C,61765.77,buy,7.6,7.6,,,,
303,312186572,2024-08-04 17:17:08,2,0.041,0.04244864,62.4,BTC-28MAR25-110000-C,58425.54,buy,25.0,25.0,,,,
304,312186719,2024-08-04 17:17:40,3,0.041,0.04245195,62.41,BTC-28MAR25-110000-C,58410.04,buy,1.7,1.7,,,,
305,312378214,2024-08-05 02:33:39,2,0.04,0.03911331,66.68,BTC-28MAR25-110000-C,54467.87,sell,2.8,2.8,,,,
306,312378217,2024-08-05 02:33:39,3,0.04,0.03911331,66.68,BTC-28MAR25-110000-C,54467.87,sell,2.1,2.1,,,,
307,312378399,2024-08-05 02:34:09,3,0.04,0.03915261,66.72,BTC-28MAR25-110000-C,54436.18,sell,1.2,1.2,,,,
308,312439501,2024-08-05 05:50:35,0,0.0415,0.04047771,69.28,BTC-28MAR25-110000-C,52966.4,sell,0.1,0.1,,,,
309,312475661,2024-08-05 06:24:00,0,0.043,0.03957768,74.2,BTC-28MAR25-110000-C,50261.56,sell,3.0,3.0,,,,
310,312506728,2024-08-05 06:53:42,0,0.048,0.05003076,75.14,BTC-28MAR25-110000-C,51064.12,sell,0.2,0.2,,,,
311,312523184,2024-08-05 07:26:06,2,0.0455,0.04478712,71.99,BTC-28MAR25-110000-C,52515.69,sell,0.2,0.2,,,,
312,312523333,2024-08-05 07:26:13,0,0.046,0.04498002,72.16,BTC-28MAR25-110000-C,52566.29,buy,7.0,7.0,,,,
313,312523334,2024-08-05 07:26:13,1,0.046,0.04498002,72.16,BTC-28MAR25-110000-C,52566.29,sell,0.3,0.3,,,,
314,312523350,2024-08-05 07:26:14,1,0.046,0.04497675,72.17,BTC-28MAR25-110000-C,52555.88,sell,0.1,0.1,,,,
315,312523447,2024-08-05 07:26:30,1,0.046,0.04511437,72.11,BTC-28MAR25-110000-C,52596.3,sell,3.6,3.6,,,,
316,312523448,2024-08-05 07:26:30,1,0.046,0.04511437,72.11,BTC-28MAR25-110000-C,52596.3,sell,0.7,0.7,,,,
317,312523758,2024-08-05 07:27:12,1,0.046,0.0452538,72.11,BTC-28MAR25-110000-C,52599.29,sell,8.1,8.1,,,,
318,312570850,2024-08-05 09:47:33,2,0.04,0.03997359,69.7,BTC-28MAR25-110000-C,52107.69,sell,0.2,0.2,,,,
319,312613529,2024-08-05 11:36:02,2,0.039,0.03676451,70.59,BTC-28MAR25-110000-C,51000.94,buy,10.0,10.0,,,,
320,312613530,2024-08-05 11:36:02,3,0.039,0.03676451,70.59,BTC-28MAR25-110000-C,51000.94,sell,3.0,3.0,,,,
321,312782305,2024-08-05 16:33:24,0,0.043,0.04314897,67.31,BTC-28MAR25-110000-C,55138.24,sell,3.0,3.0,,,,
322,313265467,2024-08-07 19:49:21,0,0.0475,0.04742259,69.55,BTC-28MAR25-110000-C,54948.79,buy,0.1,0.1,,,,
323,313291273,2024-08-08 01:05:52,0,0.0485,0.04909117,69.47,BTC-28MAR25-110000-C,55443.44,buy,0.1,0.1,,,,
324,313508981,2024-08-08 22:55:47,0,0.0625,0.06131431,67.02,BTC-28MAR25-110000-C,62087.5,buy,0.7,0.7,,,,
325,313693500,2024-08-09 21:13:25,2,0.054,0.05438298,66.2,BTC-28MAR25-110000-C,60277.32,buy,0.1,0.1,,,,
326,313756117,2024-08-10 11:15:47,0,0.0575,0.05733669,66.42,BTC-28MAR25-110000-C,60883.2,sell,2.4,2.4,,,,
327,313756118,2024-08-10 11:15:47,1,0.0575,0.05733669,66.42,BTC-28MAR25-110000-C,60883.2,sell,0.2,0.2,,,,
328,313756343,2024-08-10 11:20:24,1,0.0575,0.05831764,66.31,BTC-28MAR25-110000-C,60961.65,sell,2.3,2.3,,,,
329,313756344,2024-08-10 11:20:24,1,0.0575,0.05831764,66.31,BTC-28MAR25-110000-C,60961.65,sell,0.1,0.1,,,,
330,313840734,2024-08-11 19:25:12,2,0.055,0.05503301,67.22,BTC-28MAR25-110000-C,59796.64,sell,0.1,0.1,,,,
331,313875954,2024-08-11 23:44:27,2,0.05,0.05068333,66.29,BTC-28MAR25-110000-C,58847.84,buy,0.1,0.1,,,,
332,314290751,2024-08-14 18:12:09,0,0.0545,0.05431696,68.35,BTC-28MAR25-110000-C,59293.68,sell,5.0,5.0,,,,
333,314314025,2024-08-14 23:33:56,2,0.052,0.05189886,67.79,BTC-28MAR25-110000-C,58909.45,buy,0.1,0.1,,,,
334,314506840,2024-08-16 03:35:58,2,0.0485,0.0490033,67.53,BTC-28MAR25-110000-C,58025.56,buy,1.0,1.0,,,,
335,314506841,2024-08-16 03:36:01,3,0.0485,0.04899965,67.53,BTC-28MAR25-110000-C,58028.6,buy,1.0,1.0,,,,
336,314506917,2024-08-16 03:36:20,2,0.048,0.04894029,67.34,BTC-28MAR25-110000-C,57997.59,buy,1.0,1.0,,,,
337,314653049,2024-08-17 18:54:02,0,0.0515,0.05183336,67.52,BTC-28MAR25-110000-C,59396.55,buy,0.7,0.7,,,,
338,314653842,2024-08-17 19:41:13,0,0.052,0.05245098,67.72,BTC-28MAR25-110000-C,59428.39,sell,0.1,0.1,,,,
339,314653843,2024-08-17 19:41:13,1,0.052,0.05245098,67.72,BTC-28MAR25-110000-C,59428.39,sell,0.1,0.1,,,,
340,314653844,2024-08-17 19:41:13,1,0.052,0.05245098,67.72,BTC-28MAR25-110000-C,59428.39,sell,0.1,0.1,,,,
341,314653845,2024-08-17 19:41:13,1,0.052,0.05245098,67.72,BTC-28MAR25-110000-C,59428.39,buy,0.4,0.4,,,,
342,314733357,2024-08-19 03:06:29,2,0.0515,0.05063285,68.63,BTC-28MAR25-110000-C,58725.1,buy,2.2,2.2,,,,
343,314733358,2024-08-19 03:06:29,3,0.0515,0.05063285,68.63,BTC-28MAR25-110000-C,58725.1,buy,6.0,6.0,,,,
344,314733359,2024-08-19 03:06:29,3,0.0515,0.05063285,68.63,BTC-28MAR25-110000-C,58725.1,sell,1.8,1.8,,,,
345,314794150,2024-08-19 20:21:51,2,0.051,0.05084547,68.19,BTC-28MAR25-110000-C,59074.2,sell,0.1,0.1,,,,
346,314794151,2024-08-19 20:21:53,3,0.051,0.05084642,68.18,BTC-28MAR25-110000-C,59074.2,sell,0.1,0.1,,,,
347,314794152,2024-08-19 20:21:55,3,0.051,0.0508509,68.18,BTC-28MAR25-110000-C,59074.2,sell,0.1,0.1,,,,
348,314824369,2024-08-20 02:24:36,0,0.0535,0.05354996,67.58,BTC-28MAR25-110000-C,60420.99,sell,0.4,0.4,,,,
349,314864340,2024-08-20 09:27:39,0,0.055,0.0542674,67.61,BTC-28MAR25-110000-C,60969.41,sell,10.0,10.0,,,,
350,314924527,2024-08-20 21:06:11,2,0.051,0.05069073,68.16,BTC-28MAR25-110000-C,59170.38,sell,0.1,0.1,,,,
351,314934253,2024-08-21 00:57:58,2,0.05,0.04991078,68.05,BTC-28MAR25-110000-C,58979.01,sell,0.1,0.1,,,,
352,315023768,2024-08-21 19:46:37,0,0.057,0.05650405,68.47,BTC-28MAR25-110000-C,61286.59,buy,0.1,0.1,,,,
353,315031909,2024-08-21 20:20:53,1,0.057,0.05716085,68.1,BTC-28MAR25-110000-C,61568.71,buy,0.1,0.1,,,,
354,315074698,2024-08-22 07:15:03,2,0.0545,0.05327734,68.1,BTC-28MAR25-110000-C,60770.11,buy,2.0,2.0,,,,
355,315074701,2024-08-22 07:15:03,3,0.0545,0.05327734,68.1,BTC-28MAR25-110000-C,60770.11,sell,8.0,8.0,,,,
356,315085036,2024-08-22 09:29:21,2,0.0535,0.05382794,67.52,BTC-28MAR25-110000-C,60961.91,buy,0.5,0.5,,,,
357,315090091,2024-08-22 10:57:18,0,0.054,0.05396356,67.25,BTC-28MAR25-110000-C,61367.98,buy,0.5,0.5,,,,
358,315091931,2024-08-22 11:28:44,0,0.0545,0.05419019,67.62,BTC-28MAR25-110000-C,61259.45,buy,0.1,0.1,,,,
359,315091933,2024-08-22 11:28:46,1,0.0545,0.05420085,67.61,BTC-28MAR25-110000-C,61266.83,buy,0.2,0.2,,,,
360,315092606,2024-08-22 11:40:29,1,0.0545,0.05435916,67.59,BTC-28MAR25-110000-C,61263.34,buy,0.2,0.2,,,,
361,315367126,2024-08-24 17:22:23,0,0.064,0.06306518,68.18,BTC-28MAR25-110000-C,64193.8,buy,0.7,0.7,,,,
362,315367550,2024-08-24 17:33:37,1,0.064,0.06310897,68.18,BTC-28MAR25-110000-C,64175.49,sell,1.0,1.0,,,,
363,315378820,2024-08-24 21:55:38,2,0.062,0.06204412,67.88,BTC-28MAR25-110000-C,63749.95,buy,0.1,0.1,,,,
364,315379301,2024-08-24 21:57:54,2,0.0615,0.06189528,67.72,BTC-28MAR25-110000-C,63724.23,buy,0.1,0.1,,,,
365,315379302,2024-08-24 21:57:55,3,0.0615,0.06189065,67.72,BTC-28MAR25-110000-C,63722.94,buy,0.1,0.1,,,,
366,315379892,2024-08-24 21:59:22,3,0.0615,0.06159536,67.79,BTC-28MAR25-110000-C,63661.93,buy,0.1,0.1,,,,
367,315379934,2024-08-24 21:59:38,3,0.0615,0.06171807,67.78,BTC-28MAR25-110000-C,63671.77,buy,0.1,0.1,,,,
368,315381227,2024-08-24 22:14:54,3,0.0615,0.06165541,67.73,BTC-28MAR25-110000-C,63704.71,buy,0.1,0.1,,,,
369,315381230,2024-08-24 22:14:55,3,0.0615,0.06165417,67.73,BTC-28MAR25-110000-C,63704.8,buy,0.1,0.1,,,,
370,315426847,2024-08-25 17:51:44,0,0.064,0.0626977,68.43,BTC-28MAR25-110000-C,64158.7,sell,1.0,1.0,,,,
371,315460579,2024-08-26 03:17:38,2,0.0579,0.05933461,65.73,BTC-28MAR25-110000-C,64112.27,sell,100.0,100.0,,,154416,
372,315462623,2024-08-26 03:54:51,0,0.058,0.05898052,65.82,BTC-28MAR25-110000-C,64100.82,sell,50.0,50.0,,,154420,
373,315524915,2024-08-26 15:30:14,2,0.057,0.05634432,66.82,BTC-28MAR25-110000-C,63384.75,sell,0.4,0.4,,,,
374,315569399,2024-08-27 02:33:36,2,0.055,0.0561807,66.19,BTC-28MAR25-110000-C,63121.89,sell,4.7,4.7,,,,
375,315569400,2024-08-27 02:33:36,3,0.055,0.0561807,66.19,BTC-28MAR25-110000-C,63121.89,sell,10.0,10.0,,,,
376,315569405,2024-08-27 02:33:36,3,0.055,0.0561807,66.19,BTC-28MAR25-110000-C,63121.89,buy,7.6,7.6,,,,
377,315569407,2024-08-27 02:33:36,3,0.055,0.0561807,66.19,BTC-28MAR25-110000-C,63121.89,buy,7.7,7.7,,,,
378,315653360,2024-08-27 20:57:08,2,0.0495,0.04925683,65.68,BTC-28MAR25-110000-C,61888.1,sell,0.1,0.1,,,,
379,315659241,2024-08-27 21:30:58,2,0.048,0.04788588,65.78,BTC-28MAR25-110000-C,61265.01,sell,0.1,0.1,,,,
380,315669075,2024-08-27 21:48:41,2,0.045,0.0451257,65.97,BTC-28MAR25-110000-C,60336.06,sell,0.1,0.1,,,,
381,315669820,2024-08-27 21:48:48,2,0.044,0.04467652,65.82,BTC-28MAR25-110000-C,60050.11,sell,0.1,0.1,,,,
382,315671255,2024-08-27 21:49:17,0,0.045,0.04496323,66.18,BTC-28MAR25-110000-C,60167.13,sell,0.1,0.1,,,,
383,315671279,2024-08-27 21:49:19,1,0.045,0.04497127,66.18,BTC-28MAR25-110000-C,60166.14,sell,0.1,0.1,,,,
384,315671288,2024-08-27 21:49:20,1,0.045,0.04497925,66.19,BTC-28MAR25-110000-C,60161.06,sell,0.1,0.1,,,,
385,315688985,2024-08-27 22:14:37,2,0.042,0.042266,66.43,BTC-28MAR25-110000-C,58832.71,sell,0.1,0.1,,,,
386,315691727,2024-08-27 22:15:16,3,0.042,0.04202039,66.78,BTC-28MAR25-110000-C,58550.42,sell,0.1,0.1,,,,
387,315691778,2024-08-27 22:15:19,3,0.042,0.04201396,66.76,BTC-28MAR25-110000-C,58550.42,sell,0.1,0.1,,,,
388,315693911,2024-08-27 22:16:41,0,0.0425,0.04261079,66.88,BTC-28MAR25-110000-C,58693.14,sell,0.1,0.1,,,,
389,315693917,2024-08-27 22:16:43,1,0.0425,0.04258122,66.85,BTC-28MAR25-110000-C,58720.52,sell,0.1,0.1,,,,
390,315697398,2024-08-27 22:22:41,0,0.0435,0.04352831,66.83,BTC-28MAR25-110000-C,59058.26,sell,0.1,0.1,,,,
391,315824760,2024-08-28 09:48:35,0,0.0445,0.04381197,66.83,BTC-28MAR25-110000-C,59531.14,buy,0.2,0.2,,,,
392,315824770,2024-08-28 09:48:37,1,0.0445,0.0438725,66.8,BTC-28MAR25-110000-C,59552.03,buy,0.4,0.4,,,,
393,315824810,2024-08-28 09:48:53,1,0.0445,0.04387956,66.8,BTC-28MAR25-110000-C,59557.44,buy,0.1,0.1,,,,
394,315824992,2024-08-28 09:50:20,1,0.0445,0.04383076,66.81,BTC-28MAR25-110000-C,59555.79,buy,0.3,0.3,,,,
395,315878858,2024-08-28 16:22:14,2,0.0415,0.04133656,67.1,BTC-28MAR25-110000-C,58055.67,sell,0.5,0.5,,,,
396,315931033,2024-08-29 05:25:03,0,0.0435,0.04271731,66.54,BTC-28MAR25-110000-C,59352.36,buy,0.1,0.1,,,,
397,315931037,2024-08-29 05:25:06,1,0.0435,0.04272593,66.53,BTC-28MAR25-110000-C,59362.96,buy,0.1,0.1,,,,
398,315933336,2024-08-29 06:04:20,1,0.0435,0.04376714,66.3,BTC-28MAR25-110000-C,59534.12,buy,0.4,0.4,,,,
399,315992160,2024-08-29 18:15:33,0,0.0445,0.04481635,66.46,BTC-28MAR25-110000-C,59887.89,sell,0.1,0.1,,,,
400,316039573,2024-08-30 03:24:40,2,0.0422,0.04247173,66.59,BTC-28MAR25-110000-C,58983.59,sell,200.0,200.0,,,155530,
401,316124159,2024-08-30 15:28:48,0,0.0425,0.04118952,67.91,BTC-28MAR25-110000-C,58119.25,buy,5.0,5.0,,,,
402,316124160,2024-08-30 15:28:48,1,0.0425,0.04118952,67.91,BTC-28MAR25-110000-C,58119.25,buy,3.8,3.8,,,,
403,316124161,2024-08-30 15:28:48,1,0.0425,0.04118952,67.91,BTC-28MAR25-110000-C,58119.25,sell,1.2,1.2,,,,
404,316197421,2024-09-01 05:27:41,2,0.0385,0.03875016,66.46,BTC-28MAR25-110000-C,57932.77,buy,0.1,0.1,,,,
405,316202181,2024-09-01 06:56:34,0,0.041,0.04013237,67.41,BTC-28MAR25-110000-C,58187.81,sell,1.0,1.0,,,,
406,316202182,2024-09-01 06:56:34,1,0.041,0.04013237,67.41,BTC-28MAR25-110000-C,58187.81,sell,0.2,0.2,,,,
407,316202183,2024-09-01 06:56:34,1,0.041,0.04013237,67.41,BTC-28MAR25-110000-C,58187.81,sell,1.8,1.8,,,,
408,316202293,2024-09-01 07:01:45,1,0.041,0.04033395,67.36,BTC-28MAR25-110000-C,58216.63,sell,2.8,2.8,,,,
409,316202295,2024-09-01 07:01:52,1,0.041,0.0403551,67.36,BTC-28MAR25-110000-C,58219.57,sell,0.2,0.2,,,,
410,316229929,2024-09-01 16:20:22,2,0.0395,0.04028744,66.65,BTC-28MAR25-110000-C,58241.73,buy,0.4,0.4,,,,
411,316259859,2024-09-02 01:46:18,2,0.0385,0.0392254,67.45,BTC-28MAR25-110000-C,57284.51,buy,10.0,10.0,,,,
412,316259888,2024-09-02 01:46:30,3,0.0385,0.03918066,67.47,BTC-28MAR25-110000-C,57267.8,buy,10.0,10.0,,,,
413,316270950,2024-09-02 07:16:44,0,0.04,0.03983818,67.85,BTC-28MAR25-110000-C,57635.51,buy,0.1,0.1,,,,
414,316270951,2024-09-02 07:16:47,1,0.04,0.03984448,67.83,BTC-28MAR25-110000-C,57646.83,buy,0.1,0.1,,,,
415,316270954,2024-09-02 07:16:48,1,0.04,0.03986785,67.83,BTC-28MAR25-110000-C,57646.52,buy,0.1,0.1,,,,
416,316315022,2024-09-02 21:23:01,0,0.0424,0.04374294,67.0,BTC-28MAR25-110000-C,59219.17,sell,100.0,100.0,,BTC-CDIAG-28MAR25_25OCT24-110000_73000,155940,
417,316348783,2024-09-03 08:42:33,0,0.0425,0.04261111,67.83,BTC-28MAR25-110000-C,58733.36,sell,3.0,3.0,,,,
418,316353509,2024-09-03 10:45:57,2,0.042,0.04163815,67.26,BTC-28MAR25-110000-C,59022.14,buy,0.1,0.1,,,,
419,316353518,2024-09-03 10:46:03,0,0.0425,0.04163931,67.5,BTC-28MAR25-110000-C,59020.34,buy,0.8,0.8,,,,
420,316366203,2024-09-03 13:51:44,2,0.0415,0.04125558,67.85,BTC-28MAR25-110000-C,58346.03,sell,2.5,2.5,,,,
421,316384399,2024-09-03 15:13:14,3,0.0415,0.04140788,68.47,BTC-28MAR25-110000-C,57909.03,sell,0.1,0.1,,,,
422,316384593,2024-09-03 15:14:30,0,0.042,0.0415604,68.65,BTC-28MAR25-110000-C,57943.54,sell,4.9,4.9,,,,
423,316384605,2024-09-03 15:14:37,1,0.042,0.04154948,68.66,BTC-28MAR25-110000-C,57938.1,sell,5.0,5.0,,,,
424,316398133,2024-09-03 18:29:38,2,0.04,0.04036042,67.74,BTC-28MAR25-110000-C,57891.81,buy,3.0,3.0,,,,
425,316401053,2024-09-03 19:21:11,0,0.041,0.04085543,67.85,BTC-28MAR25-110000-C,58216.03,buy,0.1,0.1,,,,
426,316404144,2024-09-03 20:07:56,1,0.041,0.0406203,67.98,BTC-28MAR25-110000-C,58099.36,sell,5.0,5.0,,,,
427,316409565,2024-09-03 22:56:52,2,0.04,0.04045836,67.79,BTC-28MAR25-110000-C,57869.56,buy,0.4,0.4,,,,
428,316424503,2024-09-04 01:03:46,2,0.039,0.03675234,69.67,BTC-28MAR25-110000-C,56067.97,buy,0.7,0.7,,,,
429,316426660,2024-09-04 01:04:57,3,0.039,0.03620019,70.18,BTC-28MAR25-110000-C,55672.53,buy,0.6,0.6,,,,
430,316426827,2024-09-04 01:05:04,3,0.039,0.03622171,70.23,BTC-28MAR25-110000-C,55632.38,buy,5.0,5.0,,,,
431,316441350,2024-09-04 02:16:44,3,0.039,0.03966825,68.82,BTC-28MAR25-110000-C,56722.46,buy,1.2,1.2,,,,
432,316453566,2024-09-04 06:53:00,2,0.038,0.03761237,68.7,BTC-28MAR25-110000-C,56437.59,buy,5.0,5.0,,,,
433,316453623,2024-09-04 06:53:17,3,0.038,0.03766527,68.67,BTC-28MAR25-110000-C,56459.64,buy,3.5,3.5,,,,
434,316472666,2024-09-04 13:16:28,0,0.0385,0.03926279,68.85,BTC-28MAR25-110000-C,56532.28,sell,5.0,5.0,,,,
435,316472667,2024-09-04 13:16:28,1,0.0385,0.03926279,68.85,BTC-28MAR25-110000-C,56532.28,sell,1.0,1.0,,,,
436,316520008,2024-09-04 18:54:37,0,0.0405,0.04072241,68.43,BTC-28MAR25-110000-C,57681.95,buy,0.4,0.4,,,,
437,316615483,2024-09-05 21:05:08,2,0.037,0.03701239,68.94,BTC-28MAR25-110000-C,56059.86,sell,0.1,0.1,,,,
438,316615484,2024-09-05 21:05:10,3,0.037,0.03701627,68.94,BTC-28MAR25-110000-C,56059.92,sell,0.1,0.1,,,,
439,316615485,2024-09-05 21:05:12,3,0.037,0.03701665,68.94,BTC-28MAR25-110000-C,56060.03,sell,0.1,0.1,,,,
440,316615500,2024-09-05 21:05:14,3,0.037,0.03701729,68.94,BTC-28MAR25-110000-C,56060.61,sell,0.1,0.1,,,,
441,316616099,2024-09-05 21:35:01,3,0.037,0.03699295,68.96,BTC-28MAR25-110000-C,56047.56,sell,0.1,0.1,,,,
442,316620047,2024-09-05 22:19:02,2,0.0365,0.03674501,68.88,BTC-28MAR25-110000-C,55888.63,buy,0.4,0.4,,,,
443,316735974,2024-09-06 15:29:41,2,0.0335,0.03388453,69.61,BTC-28MAR25-110000-C,54177.75,sell,0.4,0.4,,,,
444,316739582,2024-09-06 15:50:23,0,0.0345,0.03404072,70.23,BTC-28MAR25-110000-C,54135.12,sell,0.3,0.3,,,,
445,316849609,2024-09-07 20:56:02,2,0.033,0.03394648,69.55,BTC-28MAR25-110000-C,54172.47,buy,0.1,0.1,,,,
446,316849610,2024-09-07 20:56:05,3,0.033,0.0339479,69.55,BTC-28MAR25-110000-C,54174.27,buy,0.1,0.1,,,,
447,316849611,2024-09-07 20:56:05,3,0.033,0.0339479,69.55,BTC-28MAR25-110000-C,54174.27,buy,0.1,0.1,,,,
448,316849612,2024-09-07 20:56:06,3,0.033,0.03394637,69.55,BTC-28MAR25-110000-C,54174.25,buy,0.1,0.1,,,,
449,316849613,2024-09-07 20:56:07,3,0.033,0.0339448,69.55,BTC-28MAR25-110000-C,54174.25,buy,0.1,0.1,,,,
450,316861560,2024-09-08 03:01:55,3,0.033,0.03411744,69.41,BTC-28MAR25-110000-C,54325.56,sell,0.1,0.1,,,,
451,316889768,2024-09-08 16:11:19,3,0.033,0.03356685,70.27,BTC-28MAR25-110000-C,53781.98,buy,0.8,0.8,,,,
452,316959348,2024-09-09 10:04:56,0,0.035,0.03541486,69.77,BTC-28MAR25-110000-C,55149.83,buy,0.1,0.1,,,,
453,317010405,2024-09-09 18:02:36,0,0.039,0.03853839,70.2,BTC-28MAR25-110000-C,56570.52,buy,0.1,0.1,,,,
454,317014243,2024-09-09 18:26:01,2,0.0385,0.03870985,70.04,BTC-28MAR25-110000-C,56498.26,buy,0.4,0.4,,,,
455,317055951,2024-09-10 00:33:39,2,0.0375,0.03873855,69.15,BTC-28MAR25-110000-C,56819.31,sell,0.2,0.2,,,,
456,317094518,2024-09-10 12:11:36,0,0.0395,0.03936351,69.68,BTC-28MAR25-110000-C,57285.59,buy,0.1,0.1,,,,
457,317138707,2024-09-10 17:38:53,2,0.039,0.03929545,69.66,BTC-28MAR25-110000-C,57139.62,buy,0.1,0.1,,,,
458,317168380,2024-09-10 22:15:24,0,0.0415,0.04096039,70.25,BTC-28MAR25-110000-C,57653.13,buy,1.2,1.2,,,,
459,317168381,2024-09-10 22:15:24,1,0.0415,0.04096039,70.25,BTC-28MAR25-110000-C,57653.13,sell,3.8,3.8,,,,
460,317173989,2024-09-11 01:04:27,2,0.04,0.04035347,69.58,BTC-28MAR25-110000-C,57576.92,buy,10.0,10.0,,,,
461,317211561,2024-09-11 07:42:51,2,0.0353,0.035948,68.49,BTC-28MAR25-110000-C,56598.32,sell,500.0,500.0,,,157345,
462,317214396,2024-09-11 08:07:28,2,0.035,0.03572792,68.29,BTC-28MAR25-110000-C,56625.04,sell,100.0,100.0,,,157351,
463,317214434,2024-09-11 08:08:01,2,0.0348,0.03568002,68.19,BTC-28MAR25-110000-C,56617.31,sell,100.0,100.0,,,157352,
464,317214716,2024-09-11 08:12:38,2,0.0343,0.0353428,67.95,BTC-28MAR25-110000-C,56591.42,sell,100.0,100.0,,,157356,
465,317290080,2024-09-11 17:39:28,0,0.0385,0.03813632,68.84,BTC-28MAR25-110000-C,57713.38,buy,0.1,0.1,,,,
466,317333776,2024-09-12 02:15:33,2,0.0365,0.03715792,67.53,BTC-28MAR25-110000-C,57996.47,sell,2.0,2.0,,,,
467,317335777,2024-09-12 02:38:39,2,0.0356,0.03650462,67.18,BTC-28MAR25-110000-C,57897.95,sell,300.0,300.0,,BTC-CDIAG-28MAR25_27DEC24-110000_95000,157473,
468,317335974,2024-09-12 02:42:48,0,0.0362,0.03679374,67.31,BTC-28MAR25-110000-C,58041.18,sell,25.0,25.0,,BTC-CDIAG-28MAR25_27DEC24-110000_95000,157474,
469,317336084,2024-09-12 02:44:56,2,0.036,0.03670455,67.24,BTC-28MAR25-110000-C,58025.81,sell,50.0,50.0,,BTC-CDIAG-28MAR25_27DEC24-110000_95000,157475,
470,317336214,2024-09-12 02:46:46,2,0.0357,0.03683303,66.99,BTC-28MAR25-110000-C,58076.85,sell,50.0,50.0,,BTC-CDIAG-28MAR25_27DEC24-110000_95000,157476,
471,317363863,2024-09-12 12:34:34,0,0.0365,0.03663317,67.67,BTC-28MAR25-110000-C,57913.09,sell,1.0,1.0,,,,
472,317448119,2024-09-13 07:21:43,2,0.036,0.0362781,67.44,BTC-28MAR25-110000-C,57912.73,sell,1.0,1.0,,,,
473,317457496,2024-09-13 08:53:39,3,0.036,0.03573766,67.41,BTC-28MAR25-110000-C,57977.03,sell,1.0,1.0,,,,
474,317470281,2024-09-13 12:25:02,3,0.036,0.03589694,67.81,BTC-28MAR25-110000-C,57690.98,sell,1.0,1.0,,,,
475,317482147,2024-09-13 14:30:29,3,0.036,0.03586782,67.43,BTC-28MAR25-110000-C,57992.69,sell,1.0,1.0,,,,
476,317509760,2024-09-13 16:38:40,0,0.0395,0.0394791,67.49,BTC-28MAR25-110000-C,59420.25,sell,1.5,1.5,,,,
477,317515026,2024-09-13 17:46:14,1,0.0395,0.03933782,66.93,BTC-28MAR25-110000-C,59835.39,buy,1.0,1.0,,,,
478,317515027,2024-09-13 17:46:14,1,0.0395,0.03933782,66.93,BTC-28MAR25-110000-C,59835.39,buy,1.6,1.6,,,,
479,317515028,2024-09-13 17:46:14,1,0.0395,0.03933782,66.93,BTC-28MAR25-110000-C,59835.39,buy,0.1,0.1,,,,
480,317515029,2024-09-13 17:46:14,1,0.0395,0.03933782,66.93,BTC-28MAR25-110000-C,59835.39,buy,0.1,0.1,,,,
481,317568607,2024-09-14 05:58:54,0,0.0405,0.04052784,67.43,BTC-28MAR25-110000-C,59979.2,sell,0.1,0.1,,,,
482,317568656,2024-09-14 05:59:25,1,0.0405,0.04049521,67.45,BTC-28MAR25-110000-C,59963.09,sell,0.1,0.1,,,,
483,317568657,2024-09-14 05:59:26,1,0.0405,0.04049521,67.46,BTC-28MAR25-110000-C,59963.09,sell,0.1,0.1,,,,
484,317574643,2024-09-14 08:24:05,1,0.0405,0.04066704,67.36,BTC-28MAR25-110000-C,60049.0,sell,0.7,0.7,,,,
485,317583736,2024-09-14 12:53:05,2,0.0395,0.04041882,67.18,BTC-28MAR25-110000-C,59847.39,sell,0.5,0.5,,,,
486,317584809,2024-09-14 13:31:24,2,0.039,0.03971001,67.11,BTC-28MAR25-110000-C,59680.67,sell,0.5,0.5,,,,
487,317626371,2024-09-15 13:22:10,0,0.04,0.04101397,67.1,BTC-28MAR25-110000-C,60310.11,sell,0.5,0.5,,,,
488,317631056,2024-09-15 15:36:06,2,0.0395,0.04024592,66.98,BTC-28MAR25-110000-C,60222.89,sell,0.1,0.1,,,,
489,317634257,2024-09-15 17:10:29,3,0.0395,0.03968895,67.45,BTC-28MAR25-110000-C,59830.92,sell,0.3,0.3,,,,
490,317634421,2024-09-15 17:10:49,3,0.0395,0.03958467,67.54,BTC-28MAR25-110000-C,59780.48,sell,0.1,0.1,,,,
491,317650737,2024-09-15 23:04:03,2,0.0375,0.03791982,67.12,BTC-28MAR25-110000-C,59351.68,sell,0.5,0.5,,,,
492,317658251,2024-09-15 23:35:16,2,0.0365,0.03690113,66.9,BTC-28MAR25-110000-C,59055.49,sell,1.0,1.0,,,,
493,317674366,2024-09-16 02:55:13,2,0.0345,0.03469546,66.89,BTC-28MAR25-110000-C,58212.24,sell,0.5,0.5,,,,
494,317692039,2024-09-16 08:26:14,0,0.036,0.03623488,66.7,BTC-28MAR25-110000-C,59083.19,sell,0.5,0.5,,,,
495,317695589,2024-09-16 09:20:30,2,0.0355,0.03560627,66.69,BTC-28MAR25-110000-C,58876.9,sell,0.5,0.5,,,,
496,317707208,2024-09-16 13:28:48,3,0.0355,0.03532077,67.16,BTC-28MAR25-110000-C,58523.21,sell,0.5,0.5,,,,
497,317711185,2024-09-16 13:44:56,2,0.035,0.03492393,67.41,BTC-28MAR25-110000-C,58118.01,sell,0.5,0.5,,,,
498,317713189,2024-09-16 14:01:30,0,0.0355,0.03521169,67.28,BTC-28MAR25-110000-C,58433.84,sell,1.0,1.0,,,,
499,317714368,2024-09-16 14:15:44,2,0.035,0.03501671,67.12,BTC-28MAR25-110000-C,58334.99,sell,0.3,0.3,,,,
500,317715751,2024-09-16 14:29:17,2,0.0345,0.03450853,67.27,BTC-28MAR25-110000-C,58003.49,sell,0.8,0.8,,,,
501,317722477,2024-09-16 15:00:19,2,0.034,0.03397524,67.52,BTC-28MAR25-110000-C,57587.65,sell,0.1,0.1,,,,
502,317729054,2024-09-16 16:37:21,3,0.034,0.03428321,67.29,BTC-28MAR25-110000-C,57776.73,sell,0.9,0.9,,,,
503,317751288,2024-09-16 23:33:19,0,0.0345,0.03466533,67.02,BTC-28MAR25-110000-C,58260.12,sell,0.5,0.5,,,,
504,317754775,2024-09-17 00:54:56,2,0.034,0.03393068,67.36,BTC-28MAR25-110000-C,57790.43,sell,0.5,0.5,,,,
505,317758508,2024-09-17 02:11:51,3,0.034,0.033915,67.32,BTC-28MAR25-110000-C,57845.07,sell,0.5,0.5,,,,
506,317762606,2024-09-17 04:20:42,0,0.035,0.03483286,67.5,BTC-28MAR25-110000-C,58149.67,sell,1.1,1.1,,,,
507,317762624,2024-09-17 04:20:54,1,0.035,0.03482656,67.5,BTC-28MAR25-110000-C,58149.16,sell,1.1,1.1,,,,
508,317766475,2024-09-17 05:54:23,0,0.036,0.03599526,67.29,BTC-28MAR25-110000-C,58736.34,sell,1.0,1.0,,,,
509,317775244,2024-09-17 08:44:59,1,0.036,0.03603594,67.21,BTC-28MAR25-110000-C,58817.88,sell,0.5,0.5,,,,
510,317777108,2024-09-17 09:10:47,1,0.036,0.03618952,67.11,BTC-28MAR25-110000-C,58931.25,sell,1.0,1.0,,,,
511,317777117,2024-09-17 09:10:59,1,0.036,0.03616375,67.12,BTC-28MAR25-110000-C,58923.41,sell,1.0,1.0,,,,
512,317777402,2024-09-17 09:14:20,1,0.036,0.03599445,67.26,BTC-28MAR25-110000-C,58812.8,sell,1.0,1.0,,,,
513,317779627,2024-09-17 09:56:32,1,0.036,0.03633755,66.94,BTC-28MAR25-110000-C,59049.54,sell,1.0,1.0,,,,
514,317784206,2024-09-17 11:07:28,0,0.0365,0.03668965,67.09,BTC-28MAR25-110000-C,59183.18,sell,1.0,1.0,,,,
515,317786320,2024-09-17 12:02:57,0,0.037,0.03703492,67.36,BTC-28MAR25-110000-C,59176.09,sell,1.0,1.0,,,,
516,317788694,2024-09-17 12:45:38,1,0.037,0.03711314,67.18,BTC-28MAR25-110000-C,59336.92,sell,1.0,1.0,,,,
517,317789373,2024-09-17 12:53:47,1,0.037,0.03721025,67.06,BTC-28MAR25-110000-C,59416.73,sell,0.1,0.1,,,,
518,317789400,2024-09-17 12:53:55,1,0.037,0.03724649,67.05,BTC-28MAR25-110000-C,59428.9,sell,0.1,0.1,,,,
519,317789464,2024-09-17 12:54:14,1,0.037,0.03724986,67.04,BTC-28MAR25-110000-C,59431.8,sell,0.1,0.1,,,,
520,317789486,2024-09-17 12:54:20,1,0.037,0.03724444,67.05,BTC-28MAR25-110000-C,59429.41,sell,0.1,0.1,,,,
521,317789493,2024-09-17 12:54:23,1,0.037,0.03720864,67.07,BTC-28MAR25-110000-C,59412.3,sell,0.1,0.1,,,,
522,317789506,2024-09-17 12:54:27,1,0.037,0.0371895,67.08,BTC-28MAR25-110000-C,59406.16,sell,0.1,0.1,,,,
523,317789507,2024-09-17 12:54:29,1,0.037,0.03717449,67.09,BTC-28MAR25-110000-C,59397.0,sell,0.4,0.4,,,,
524,317799883,2024-09-17 14:12:01,0,0.038,0.03780439,67.53,BTC-28MAR25-110000-C,59551.29,sell,1.0,1.0,,,,
525,317799940,2024-09-17 14:12:16,2,0.0375,0.03784947,67.23,BTC-28MAR25-110000-C,59573.26,sell,1.0,1.0,,,,
526,317809738,2024-09-17 14:35:36,0,0.038,0.03789623,67.11,BTC-28MAR25-110000-C,59886.26,sell,1.0,1.0,,,,
527,317816282,2024-09-17 14:58:17,0,0.0385,0.03843919,66.85,BTC-28MAR25-110000-C,60263.77,sell,0.5,0.5,,,,
528,317834035,2024-09-17 15:33:14,0,0.04,0.04002421,66.69,BTC-28MAR25-110000-C,61045.09,sell,1.0,1.0,,,,
529,317836988,2024-09-17 15:48:48,2,0.0395,0.03953881,66.67,BTC-28MAR25-110000-C,60862.4,sell,0.5,0.5,,,,
530,317836993,2024-09-17 15:48:50,3,0.0395,0.039506,66.68,BTC-28MAR25-110000-C,60851.16,sell,0.1,0.1,,,,
531,317837033,2024-09-17 15:49:02,3,0.0395,0.03949344,66.69,BTC-28MAR25-110000-C,60847.38,sell,0.1,0.1,,,,
532,317837110,2024-09-17 15:49:29,3,0.0395,0.03946501,66.71,BTC-28MAR25-110000-C,60833.92,sell,0.3,0.3,,,,
533,317853694,2024-09-17 16:41:39,3,0.0395,0.03908537,66.69,BTC-28MAR25-110000-C,61008.11,buy,5.0,5.0,,,,
534,317853695,2024-09-17 16:41:39,3,0.0395,0.03908537,66.69,BTC-28MAR25-110000-C,61008.11,buy,4.6,4.6,,,,
535,317853696,2024-09-17 16:41:39,3,0.0395,0.03908537,66.69,BTC-28MAR25-110000-C,61008.11,sell,0.4,0.4,,,,
536,317854030,2024-09-17 16:42:04,3,0.0395,0.03919193,66.65,BTC-28MAR25-110000-C,61048.46,sell,10.0,10.0,,,,
537,317876360,2024-09-17 19:41:25,2,0.038,0.03790231,66.97,BTC-28MAR25-110000-C,60225.07,sell,0.3,0.3,,,,
538,317877145,2024-09-17 19:45:44,3,0.038,0.03786247,67.11,BTC-28MAR25-110000-C,60105.85,sell,0.3,0.3,,,,
539,317877251,2024-09-17 19:46:02,3,0.038,0.03779872,67.19,BTC-28MAR25-110000-C,60051.16,sell,2.5,2.5,,,,
540,317877263,2024-09-17 19:46:02,3,0.038,0.03779872,67.19,BTC-28MAR25-110000-C,60051.16,sell,0.1,0.1,,,,
541,317877273,2024-09-17 19:46:02,3,0.038,0.03779872,67.19,BTC-28MAR25-110000-C,60044.89,sell,0.1,0.1,,,,
542,317877361,2024-09-17 19:46:17,3,0.038,0.03782447,67.19,BTC-28MAR25-110000-C,60045.46,sell,2.6,2.6,,,,
543,317877362,2024-09-17 19:46:17,3,0.038,0.03782447,67.19,BTC-28MAR25-110000-C,60045.46,sell,0.3,0.3,,,,
544,317877390,2024-09-17 19:46:18,3,0.038,0.0378238,67.2,BTC-28MAR25-110000-C,60045.46,sell,0.1,0.1,,,,
545,317877391,2024-09-17 19:46:18,3,0.038,0.0378238,67.2,BTC-28MAR25-110000-C,60045.46,sell,0.1,0.1,,,,
546,317877405,2024-09-17 19:46:18,3,0.038,0.0378238,67.2,BTC-28MAR25-110000-C,60045.46,sell,0.1,0.1,,,,
547,317877406,2024-09-17 19:46:18,3,0.038,0.0378238,67.2,BTC-28MAR25-110000-C,60045.46,sell,3.5,3.5,,,,
548,317879027,2024-09-17 19:50:20,2,0.037,0.03691463,67.1,BTC-28MAR25-110000-C,59686.69,buy,0.8,0.8,,,,
549,317879028,2024-09-17 19:50:20,3,0.037,0.03691463,67.1,BTC-28MAR25-110000-C,59686.69,buy,5.0,5.0,,,,
550,317879029,2024-09-17 19:50:20,3,0.037,0.03691463,67.1,BTC-28MAR25-110000-C,59686.69,sell,4.2,4.2,,,,
551,317892120,2024-09-17 23:07:41,0,0.0375,0.0372772,66.88,BTC-28MAR25-110000-C,60062.85,sell,0.5,0.5,,,,
552,317914251,2024-09-18 07:45:57,1,0.0375,0.03759925,66.44,BTC-28MAR25-110000-C,60422.31,sell,0.5,0.5,,,,
553,317920117,2024-09-18 09:11:30,2,0.037,0.03707061,66.64,BTC-28MAR25-110000-C,60037.82,sell,0.5,0.5,,,,
554,317922208,2024-09-18 09:42:55,3,0.037,0.03682252,66.75,BTC-28MAR25-110000-C,59926.83,sell,0.5,0.5,,,,
555,317925337,2024-09-18 10:13:54,2,0.0365,0.03634236,66.85,BTC-28MAR25-110000-C,59655.23,sell,0.4,0.4,,,,
556,317933178,2024-09-18 12:15:32,3,0.0365,0.03653646,66.8,BTC-28MAR25-110000-C,59752.04,sell,1.0,1.0,,,,
557,317934302,2024-09-18 12:41:36,0,0.037,0.0368509,66.92,BTC-28MAR25-110000-C,59895.48,sell,1.0,1.0,,,,
558,317934751,2024-09-18 13:00:25,0,0.0375,0.03728792,67.09,BTC-28MAR25-110000-C,59983.92,sell,0.3,0.3,,,,
559,317934752,2024-09-18 13:00:26,1,0.0375,0.03729247,67.09,BTC-28MAR25-110000-C,59983.92,sell,2.7,2.7,,,,
560,317935204,2024-09-18 13:07:39,1,0.0375,0.03742932,67.08,BTC-28MAR25-110000-C,60007.07,sell,0.3,0.3,,,,
561,317935261,2024-09-18 13:07:49,1,0.0375,0.03729482,67.16,BTC-28MAR25-110000-C,59942.79,sell,0.3,0.3,,,,
562,317935315,2024-09-18 13:07:59,1,0.0375,0.03723115,67.21,BTC-28MAR25-110000-C,59899.24,sell,0.3,0.3,,,,
563,317935389,2024-09-18 13:08:50,1,0.0375,0.03731575,67.19,BTC-28MAR25-110000-C,59926.19,sell,0.7,0.7,,,,
564,317935583,2024-09-18 13:12:14,2,0.037,0.03710886,67.02,BTC-28MAR25-110000-C,59830.74,sell,1.0,1.0,,,,
565,317936151,2024-09-18 13:23:12,0,0.0375,0.03760819,67.04,BTC-28MAR25-110000-C,60048.94,sell,1.5,1.5,,,,
566,317938181,2024-09-18 13:46:49,2,0.037,0.03673123,67.4,BTC-28MAR25-110000-C,59555.56,sell,0.5,0.5,,,,
567,317946019,2024-09-18 14:57:58,2,0.0365,0.03646354,67.17,BTC-28MAR25-110000-C,59512.29,sell,1.0,1.0,,,,
568,317948683,2024-09-18 15:45:15,2,0.036,0.03615202,67.03,BTC-28MAR25-110000-C,59410.64,sell,1.0,1.0,,,,
569,317974289,2024-09-18 18:16:15,0,0.037,0.03696642,66.42,BTC-28MAR25-110000-C,60303.66,sell,0.5,0.5,,,,
570,317981211,2024-09-18 18:36:04,0,0.0385,0.03853834,66.31,BTC-28MAR25-110000-C,61007.56,sell,1.0,1.0,,,,
571,317983449,2024-09-18 18:39:26,2,0.038,0.03853785,66.02,BTC-28MAR25-110000-C,61031.47,buy,10.0,10.0,,,,
572,317990588,2024-09-18 18:58:56,2,0.0375,0.0375863,66.23,BTC-28MAR25-110000-C,60670.81,sell,1.0,1.0,,,,
573,317996162,2024-09-18 19:20:57,2,0.0365,0.03641365,66.19,BTC-28MAR25-110000-C,60304.39,sell,1.0,1.0,,,,
574,317999869,2024-09-18 19:29:04,3,0.0365,0.03658245,66.05,BTC-28MAR25-110000-C,60417.75,sell,1.0,1.0,,,,
575,318004905,2024-09-18 19:50:37,2,0.036,0.03581693,66.04,BTC-28MAR25-110000-C,60247.2,sell,2.0,2.0,,,,
576,318007140,2024-09-18 20:01:00,2,0.0355,0.03522086,66.13,BTC-28MAR25-110000-C,59966.62,sell,0.5,0.5,,,,
577,318044414,2024-09-19 00:02:39,0,0.0405,0.04011012,65.78,BTC-28MAR25-110000-C,62014.14,sell,7.3,7.3,,,,
578,318045183,2024-09-19 00:03:18,1,0.0405,0.04001199,65.86,BTC-28MAR25-110000-C,61935.35,sell,2.7,2.7,,,,
579,318099384,2024-09-19 06:24:09,2,0.038,0.03909742,64.71,BTC-28MAR25-110000-C,62015.41,sell,500.0,500.0,,,158157,
580,318125826,2024-09-19 10:37:51,0,0.04,0.03956485,65.44,BTC-28MAR25-110000-C,62355.45,sell,1.0,1.0,,,,
581,318189287,2024-09-19 17:29:11,0,0.0435,0.0425799,66.02,BTC-28MAR25-110000-C,63371.63,buy,8.0,8.0,,,,
582,318189350,2024-09-19 17:29:39,0,0.044,0.043086,66.26,BTC-28MAR25-110000-C,63384.9,buy,2.0,2.0,,,,
583,318193749,2024-09-19 17:51:55,1,0.044,0.04419107,65.69,BTC-28MAR25-110000-C,63819.41,buy,0.5,0.5,,,,
584,318193823,2024-09-19 17:52:19,2,0.0435,0.0441573,65.48,BTC-28MAR25-110000-C,63786.25,sell,0.3,0.3,,,,
585,318193849,2024-09-19 17:52:21,3,0.0435,0.04411786,65.5,BTC-28MAR25-110000-C,63773.72,sell,2.6,2.6,,,,
586,318207139,2024-09-19 19:22:11,2,0.0425,0.04246839,65.6,BTC-28MAR25-110000-C,63310.42,sell,0.5,0.5,,,,
587,318241696,2024-09-20 02:47:22,2,0.0398,0.04117675,64.72,BTC-28MAR25-110000-C,62941.88,sell,200.0,200.0,,,158369,
588,318244956,2024-09-20 03:21:32,0,0.04,0.04191663,64.36,BTC-28MAR25-110000-C,63343.89,sell,500.0,500.0,,,158370,
589,318258003,2024-09-20 04:57:35,0,0.042,0.04141313,64.79,BTC-28MAR25-110000-C,63828.19,sell,2.0,2.0,,,,
590,318270193,2024-09-20 07:34:06,2,0.041,0.04124173,64.7,BTC-28MAR25-110000-C,63499.44,sell,0.3,0.3,,,,
591,318293176,2024-09-20 10:52:42,0,0.0425,0.04131903,65.32,BTC-28MAR25-110000-C,63598.7,buy,0.1,0.1,,,,
592,318296794,2024-09-20 11:45:52,1,0.0425,0.04258391,65.61,BTC-28MAR25-110000-C,63377.55,buy,0.1,0.1,,,,
593,318301571,2024-09-20 13:07:08,1,0.0425,0.0424459,65.8,BTC-28MAR25-110000-C,63214.35,sell,0.4,0.4,,,,
594,318341900,2024-09-20 17:56:21,2,0.0405,0.04068334,65.55,BTC-28MAR25-110000-C,62643.04,sell,1.0,1.0,,,,
595,318396606,2024-09-21 23:18:54,0,0.041,0.0403707,65.28,BTC-28MAR25-110000-C,63250.5,sell,0.1,0.1,,,,
596,318446754,2024-09-22 23:02:39,1,0.041,0.04150124,64.67,BTC-28MAR25-110000-C,63900.65,sell,1.0,1.0,,,,
597,318531790,2024-09-23 16:22:05,0,0.0415,0.04141013,65.81,BTC-28MAR25-110000-C,63316.43,sell,1.0,1.0,,,,
598,318535815,2024-09-23 17:23:59,2,0.0405,0.04080193,65.5,BTC-28MAR25-110000-C,63163.6,sell,1.0,1.0,,,,
599,318535816,2024-09-23 17:23:59,3,0.0405,0.04080193,65.5,BTC-28MAR25-110000-C,63163.6,sell,0.1,0.1,,,,
600,318547364,2024-09-23 22:01:11,0,0.0415,0.04059942,65.82,BTC-28MAR25-110000-C,63325.78,buy,0.1,0.1,,,,
601,318547401,2024-09-23 22:02:38,1,0.0415,0.04056107,65.84,BTC-28MAR25-110000-C,63304.45,buy,0.1,0.1,,,,
602,318553444,2024-09-24 00:40:16,2,0.04,0.03988214,65.38,BTC-28MAR25-110000-C,63067.7,sell,0.3,0.3,,,,
603,318559577,2024-09-24 01:33:02,2,0.0395,0.03968866,65.45,BTC-28MAR25-110000-C,62851.83,sell,0.5,0.5,,,,
604,318585526,2024-09-24 11:02:19,0,0.0405,0.04057595,65.2,BTC-28MAR25-110000-C,63465.54,sell,0.5,0.5,,,,
605,318585527,2024-09-24 11:02:19,1,0.0405,0.04057595,65.2,BTC-28MAR25-110000-C,63465.54,sell,0.1,0.1,,,,
606,318585986,2024-09-24 11:05:34,2,0.04,0.04054223,64.95,BTC-28MAR25-110000-C,63452.37,sell,0.2,0.2,,,,
607,318596749,2024-09-24 13:59:53,0,0.0405,0.04039631,65.11,BTC-28MAR25-110000-C,63532.76,sell,0.4,0.4,,,,
608,318633186,2024-09-24 19:23:12,1,0.0405,0.04039485,64.72,BTC-28MAR25-110000-C,63854.17,sell,0.1,0.1,,,,
609,318667834,2024-09-25 00:53:27,0,0.0415,0.0416106,64.95,BTC-28MAR25-110000-C,64283.11,sell,0.2,0.2,,,,
610,318685315,2024-09-25 03:46:41,2,0.041,0.04156175,64.56,BTC-28MAR25-110000-C,64362.13,sell,1.0,1.0,,,,
611,318693996,2024-09-25 06:24:16,2,0.04,0.03992962,64.62,BTC-28MAR25-110000-C,63913.89,sell,0.2,0.2,,,,
612,318700464,2024-09-25 07:20:01,2,0.0395,0.03954113,64.61,BTC-28MAR25-110000-C,63674.68,sell,0.4,0.4,,,,
613,318705741,2024-09-25 08:15:53,3,0.0395,0.03968422,64.42,BTC-28MAR25-110000-C,63827.51,sell,0.3,0.3,,,,
614,318737655,2024-09-25 15:29:48,2,0.039,0.03910643,64.22,BTC-28MAR25-110000-C,63810.5,sell,0.2,0.2,,,,
615,318762930,2024-09-25 21:01:54,2,0.0385,0.03775548,64.46,BTC-28MAR25-110000-C,63453.64,sell,0.1,0.1,,,,
616,318772172,2024-09-26 00:16:13,2,0.0372,0.0369867,64.13,BTC-28MAR25-110000-C,63194.21,sell,9.7,9.7,,,159048,
617,318782235,2024-09-26 02:39:17,0,0.0385,0.03786576,64.71,BTC-28MAR25-110000-C,63234.63,buy,0.5,0.5,,,,
618,318787634,2024-09-26 04:57:09,2,0.0365,0.03650892,63.54,BTC-28MAR25-110000-C,63357.38,buy,0.2,0.2,,,,
619,318787658,2024-09-26 04:57:49,3,0.0365,0.03652412,63.52,BTC-28MAR25-110000-C,63374.43,buy,0.6,0.6,,,,
620,318787659,2024-09-26 04:57:49,3,0.0365,0.03652412,63.52,BTC-28MAR25-110000-C,63374.43,buy,4.4,4.4,,,,
621,318796532,2024-09-26 07:45:41,0,0.0375,0.0380394,63.53,BTC-28MAR25-110000-C,63793.11,sell,0.5,0.5,,,,
622,318804895,2024-09-26 09:19:35,2,0.0365,0.03665962,63.19,BTC-28MAR25-110000-C,63631.22,buy,0.8,0.8,,,,
623,318876348,2024-09-26 15:10:02,0,0.0385,0.03860771,63.14,BTC-28MAR25-110000-C,64571.21,buy,0.1,0.1,,,,
624,318900198,2024-09-26 16:42:07,0,0.042,0.04129215,63.92,BTC-28MAR25-110000-C,65410.22,buy,0.1,0.1,,,,
625,318902816,2024-09-26 17:04:20,0,0.043,0.04233546,64.05,BTC-28MAR25-110000-C,65692.34,buy,0.1,0.1,,,,
626,318919189,2024-09-26 19:43:53,2,0.041,0.04107266,63.94,BTC-28MAR25-110000-C,65073.78,sell,0.1,0.1,,,,
627,318919197,2024-09-26 19:43:55,3,0.041,0.04106195,63.95,BTC-28MAR25-110000-C,65065.67,sell,0.2,0.2,,,,
628,318919205,2024-09-26 19:44:12,3,0.041,0.04106757,63.94,BTC-28MAR25-110000-C,65071.38,sell,0.2,0.2,,,,
629,319040800,2024-09-27 14:06:48,2,0.04,0.04115619,62.51,BTC-28MAR25-110000-C,65864.3,sell,2.0,2.0,,,,
630,319045477,2024-09-27 14:21:51,0,0.041,0.04167861,62.68,BTC-28MAR25-110000-C,66168.04,sell,0.1,0.1,,,,
631,319045478,2024-09-27 14:21:51,1,0.041,0.04167861,62.68,BTC-28MAR25-110000-C,66168.04,sell,0.9,0.9,,,,
632,319060996,2024-09-27 15:17:29,0,0.0425,0.04197846,62.9,BTC-28MAR25-110000-C,66378.53,sell,0.1,0.1,,,,
633,319109945,2024-09-28 04:45:17,2,0.042,0.04072171,63.21,BTC-28MAR25-110000-C,66060.09,buy,1.7,1.7,,,,
634,319109946,2024-09-28 04:45:17,3,0.042,0.04072171,63.21,BTC-28MAR25-110000-C,66060.09,buy,3.3,3.3,,,,
635,319110205,2024-09-28 05:10:01,2,0.0415,0.04146638,63.02,BTC-28MAR25-110000-C,66007.96,sell,0.2,0.2,,,,
636,319144978,2024-09-28 21:19:28,2,0.039,0.03928674,62.73,BTC-28MAR25-110000-C,65470.0,sell,0.1,0.1,,,,
637,319145092,2024-09-28 21:20:38,2,0.0385,0.03925279,62.48,BTC-28MAR25-110000-C,65466.02,sell,0.3,0.3,,,,
638,319145093,2024-09-28 21:20:38,3,0.0385,0.03925279,62.48,BTC-28MAR25-110000-C,65466.02,sell,0.1,0.1,,,,
639,319160258,2024-09-29 07:35:20,0,0.0395,0.03898844,62.95,BTC-28MAR25-110000-C,65543.88,sell,0.5,0.5,,,,
640,319160271,2024-09-29 07:35:25,1,0.0395,0.03896488,62.96,BTC-28MAR25-110000-C,65534.28,sell,0.1,0.1,,,,
641,319160279,2024-09-29 07:35:28,1,0.0395,0.03896385,62.97,BTC-28MAR25-110000-C,65531.68,sell,0.1,0.1,,,,
642,319160289,2024-09-29 07:35:35,1,0.0395,0.03896586,62.97,BTC-28MAR25-110000-C,65531.02,sell,0.1,0.1,,,,
643,319160300,2024-09-29 07:35:37,1,0.0395,0.0389679,62.98,BTC-28MAR25-110000-C,65524.17,sell,1.8,1.8,,,,
644,319160311,2024-09-29 07:35:40,1,0.0395,0.03895327,62.99,BTC-28MAR25-110000-C,65518.01,sell,0.3,0.3,,,,
645,319160315,2024-09-29 07:35:56,1,0.0395,0.03895955,62.99,BTC-28MAR25-110000-C,65517.1,sell,1.0,1.0,,,,
646,319160450,2024-09-29 07:38:34,1,0.0395,0.03918717,62.98,BTC-28MAR25-110000-C,65529.27,sell,0.1,0.1,,,,
647,319160472,2024-09-29 07:39:03,1,0.0395,0.03921275,62.98,BTC-28MAR25-110000-C,65528.62,sell,0.1,0.1,,,,
648,319160550,2024-09-29 07:39:39,1,0.0395,0.039255,62.98,BTC-28MAR25-110000-C,65529.05,sell,0.1,0.1,,,,
649,319160557,2024-09-29 07:39:42,1,0.0395,0.03924638,62.99,BTC-28MAR25-110000-C,65520.0,sell,0.9,0.9,,,,
650,319160785,2024-09-29 07:42:52,1,0.0395,0.03938942,62.99,BTC-28MAR25-110000-C,65521.79,sell,0.1,0.1,,,,
651,319160929,2024-09-29 07:45:57,1,0.0395,0.03950089,62.99,BTC-28MAR25-110000-C,65521.36,sell,0.1,0.1,,,,
652,319160944,2024-09-29 07:46:07,1,0.0395,0.03950292,62.99,BTC-28MAR25-110000-C,65520.68,sell,1.3,1.3,,,,
653,319160945,2024-09-29 07:46:19,1,0.0395,0.03951118,62.99,BTC-28MAR25-110000-C,65522.26,sell,0.1,0.1,,,,
654,319160947,2024-09-29 07:46:23,1,0.0395,0.03951212,62.99,BTC-28MAR25-110000-C,65521.77,sell,0.1,0.1,,,,
655,319160948,2024-09-29 07:46:26,1,0.0395,0.03951374,62.99,BTC-28MAR25-110000-C,65520.83,sell,0.1,0.1,,,,
656,319160949,2024-09-29 07:46:31,1,0.0395,0.03951402,62.99,BTC-28MAR25-110000-C,65521.29,sell,0.1,0.1,,,,
657,319160950,2024-09-29 07:46:36,1,0.0395,0.03951707,62.99,BTC-28MAR25-110000-C,65521.39,sell,0.1,0.1,,,,
658,319160951,2024-09-29 07:46:41,1,0.0395,0.03952048,62.99,BTC-28MAR25-110000-C,65521.83,sell,0.1,0.1,,,,
659,319160952,2024-09-29 07:46:50,1,0.0395,0.03952677,62.99,BTC-28MAR25-110000-C,65522.19,sell,0.2,0.2,,,,
660,319161073,2024-09-29 07:48:37,1,0.0395,0.03955696,63.0,BTC-28MAR25-110000-C,65518.73,sell,0.2,0.2,,,,
661,319161080,2024-09-29 07:48:40,1,0.0395,0.03955735,63.0,BTC-28MAR25-110000-C,65518.77,sell,0.3,0.3,,,,
662,319161082,2024-09-29 07:48:43,1,0.0395,0.03955609,63.0,BTC-28MAR25-110000-C,65518.86,sell,0.6,0.6,,,,
663,319161084,2024-09-29 07:48:47,1,0.0395,0.0395573,63.0,BTC-28MAR25-110000-C,65518.81,sell,0.3,0.3,,,,
664,319161085,2024-09-29 07:48:49,1,0.0395,0.03955758,63.0,BTC-28MAR25-110000-C,65518.81,sell,0.2,0.2,,,,
665,319161086,2024-09-29 07:48:52,1,0.0395,0.03955911,63.0,BTC-28MAR25-110000-C,65518.77,sell,0.4,0.4,,,,
666,319161087,2024-09-29 07:48:55,1,0.0395,0.03955957,63.0,BTC-28MAR25-110000-C,65518.31,sell,0.5,0.5,,,,
667,319161088,2024-09-29 07:48:58,1,0.0395,0.0395605,63.0,BTC-28MAR25-110000-C,65518.97,sell,0.3,0.3,,,,
668,319161089,2024-09-29 07:49:00,1,0.0395,0.03956113,63.0,BTC-28MAR25-110000-C,65518.97,sell,0.6,0.6,,,,
669,319161090,2024-09-29 07:49:03,1,0.0395,0.03956259,63.0,BTC-28MAR25-110000-C,65518.01,sell,0.1,0.1,,,,
670,319161091,2024-09-29 07:49:06,1,0.0395,0.03956073,63.0,BTC-28MAR25-110000-C,65518.76,sell,0.5,0.5,,,,
671,319161102,2024-09-29 07:49:08,1,0.0395,0.0395639,63.0,BTC-28MAR25-110000-C,65518.68,sell,1.0,1.0,,,,
672,319161108,2024-09-29 07:49:13,1,0.0395,0.03956471,63.0,BTC-28MAR25-110000-C,65518.64,sell,0.4,0.4,,,,
673,319161109,2024-09-29 07:49:16,1,0.0395,0.03956482,63.0,BTC-28MAR25-110000-C,65518.68,sell,0.2,0.2,,,,
674,319161111,2024-09-29 07:49:18,1,0.0395,0.03956597,63.0,BTC-28MAR25-110000-C,65518.68,sell,0.6,0.6,,,,
675,319161112,2024-09-29 07:49:21,1,0.0395,0.03956715,63.0,BTC-28MAR25-110000-C,65518.68,sell,0.3,0.3,,,,
676,319161117,2024-09-29 07:49:23,1,0.0395,0.03956788,63.0,BTC-28MAR25-110000-C,65518.68,sell,0.3,0.3,,,,
677,319161121,2024-09-29 07:49:26,1,0.0395,0.03956897,63.0,BTC-28MAR25-110000-C,65518.68,sell,0.4,0.4,,,,
678,319161132,2024-09-29 07:49:29,1,0.0395,0.03957005,63.0,BTC-28MAR25-110000-C,65518.68,sell,0.4,0.4,,,,
679,319161146,2024-09-29 07:49:32,1,0.0395,0.03957148,63.0,BTC-28MAR25-110000-C,65516.8,sell,0.6,0.6,,,,
680,319161165,2024-09-29 07:49:34,1,0.0395,0.03956664,63.0,BTC-28MAR25-110000-C,65515.83,sell,0.5,0.5,,,,
681,319161179,2024-09-29 07:49:37,1,0.0395,0.03956414,63.0,BTC-28MAR25-110000-C,65515.4,sell,0.3,0.3,,,,
682,319161194,2024-09-29 07:49:39,1,0.0395,0.0395634,63.0,BTC-28MAR25-110000-C,65515.12,sell,0.3,0.3,,,,
683,319161204,2024-09-29 07:49:42,1,0.0395,0.03956339,63.01,BTC-28MAR25-110000-C,65508.9,sell,1.3,1.3,,,,
684,319161218,2024-09-29 07:49:45,1,0.0395,0.03954388,63.02,BTC-28MAR25-110000-C,65506.19,sell,0.2,0.2,,,,
685,319161228,2024-09-29 07:49:48,1,0.0395,0.03953249,63.02,BTC-28MAR25-110000-C,65499.57,sell,0.5,0.5,,,,
686,319161231,2024-09-29 07:49:51,1,0.0395,0.03952905,63.02,BTC-28MAR25-110000-C,65499.51,sell,0.1,0.1,,,,
687,319161232,2024-09-29 07:49:54,1,0.0395,0.03952654,63.03,BTC-28MAR25-110000-C,65498.82,sell,0.4,0.4,,,,
688,319161234,2024-09-29 07:49:56,1,0.0395,0.03952705,63.03,BTC-28MAR25-110000-C,65498.92,sell,0.1,0.1,,,,
689,319161239,2024-09-29 07:50:12,1,0.0395,0.0395278,63.03,BTC-28MAR25-110000-C,65498.57,sell,0.1,0.1,,,,
690,319161252,2024-09-29 07:50:15,1,0.0395,0.03952943,63.03,BTC-28MAR25-110000-C,65493.29,sell,0.3,0.3,,,,
691,319161303,2024-09-29 07:50:30,1,0.0395,0.03951499,63.04,BTC-28MAR25-110000-C,65490.5,sell,0.1,0.1,,,,
692,319161311,2024-09-29 07:50:33,1,0.0395,0.03951114,63.05,BTC-28MAR25-110000-C,65483.03,sell,0.2,0.2,,,,
693,319181126,2024-09-29 19:53:13,0,0.0405,0.04002423,62.88,BTC-28MAR25-110000-C,65932.66,sell,0.1,0.1,,,,
694,319194806,2024-09-30 00:27:32,2,0.039,0.03908486,62.86,BTC-28MAR25-110000-C,65446.7,sell,0.1,0.1,,,,
695,319209096,2024-09-30 02:11:41,2,0.0375,0.03713478,63.16,BTC-28MAR25-110000-C,64473.72,sell,0.3,0.3,,,,
696,319221414,2024-09-30 04:16:46,2,0.037,0.03694582,62.93,BTC-28MAR25-110000-C,64457.7,sell,0.1,0.1,,,,
697,319226679,2024-09-30 06:57:19,2,0.0365,0.03661842,62.83,BTC-28MAR25-110000-C,64376.76,sell,0.1,0.1,,,,
698,319235157,2024-09-30 08:28:03,2,0.0359,0.03613114,62.71,BTC-28MAR25-110000-C,64290.44,buy,0.9,0.9,,BTC-CS-28MAR25-75000_110000,,319235156
699,319253679,2024-09-30 10:01:08,2,0.0348,0.03488797,63.39,BTC-28MAR25-110000-C,63497.6,buy,0.9,0.9,,BTC-CS-28MAR25-75000_110000,,319253678
700,319283961,2024-09-30 12:49:35,0,0.0365,0.03603137,63.75,BTC-28MAR25-110000-C,63923.39,buy,5.0,5.0,,,,
701,319283962,2024-09-30 12:49:35,1,0.0365,0.03603137,63.75,BTC-28MAR25-110000-C,63923.39,sell,10.0,10.0,,,,
702,319286181,2024-09-30 12:51:37,0,0.037,0.03684616,63.57,BTC-28MAR25-110000-C,64095.92,sell,12.6,12.6,,,,
703,319286663,2024-09-30 12:53:06,1,0.037,0.03686911,63.61,BTC-28MAR25-110000-C,64075.42,sell,1.6,1.6,,,,
704,319286693,2024-09-30 12:53:09,1,0.037,0.03682696,63.63,BTC-28MAR25-110000-C,64056.78,sell,5.1,5.1,,,,
705,319286764,2024-09-30 12:53:15,1,0.037,0.03685395,63.62,BTC-28MAR25-110000-C,64072.59,sell,0.3,0.3,,,,
706,319286875,2024-09-30 12:53:37,1,0.037,0.03691871,63.59,BTC-28MAR25-110000-C,64098.15,sell,0.2,0.2,,,,
707,319286889,2024-09-30 12:53:41,1,0.037,0.03690747,63.59,BTC-28MAR25-110000-C,64094.83,sell,0.2,0.2,,,,
708,319286903,2024-09-30 12:53:56,1,0.037,0.03690205,63.6,BTC-28MAR25-110000-C,64090.4,sell,2.1,2.1,,,,
709,319286905,2024-09-30 12:54:01,1,0.037,0.03689989,63.6,BTC-28MAR25-110000-C,64090.99,sell,5.0,5.0,,,,
710,319286914,2024-09-30 12:54:18,1,0.037,0.03689031,63.61,BTC-28MAR25-110000-C,64083.32,sell,1.0,1.0,,,,
711,319286948,2024-09-30 12:54:18,1,0.037,0.03689031,63.61,BTC-28MAR25-110000-C,64083.32,sell,0.2,0.2,,,,
712,319286953,2024-09-30 12:54:20,1,0.037,0.03688653,63.63,BTC-28MAR25-110000-C,64073.04,sell,1.3,1.3,,,,
713,319286960,2024-09-30 12:54:25,1,0.037,0.0368661,63.63,BTC-28MAR25-110000-C,64073.94,sell,1.0,1.0,,,,
714,319287000,2024-09-30 12:54:30,1,0.037,0.03687749,63.62,BTC-28MAR25-110000-C,64079.89,sell,1.4,1.4,,,,
715,319289146,2024-09-30 13:10:35,1,0.037,0.03672881,63.71,BTC-28MAR25-110000-C,64066.25,buy,100.0,100.0,,,159605,
716,319307161,2024-09-30 15:07:46,2,0.0353,0.03568617,63.36,BTC-28MAR25-110000-C,63808.33,sell,40.0,40.0,,,159623,
717,319345865,2024-09-30 22:24:57,0,0.0355,0.03486143,63.85,BTC-28MAR25-110000-C,63641.7,sell,0.5,0.5,,,,
718,319345882,2024-09-30 22:25:39,0,0.036,0.03487401,64.13,BTC-28MAR25-110000-C,63639.44,buy,0.1,0.1,,,,
719,319345941,2024-09-30 22:26:52,1,0.036,0.03483598,64.18,BTC-28MAR25-110000-C,63593.96,buy,0.1,0.1,,,,
720,319345946,2024-09-30 22:27:05,1,0.036,0.03483617,64.17,BTC-28MAR25-110000-C,63595.92,buy,1.0,1.0,,,,
721,319345958,2024-09-30 22:27:18,1,0.036,0.03486996,64.16,BTC-28MAR25-110000-C,63604.23,buy,1.0,1.0,,,,
722,319345978,2024-09-30 22:27:57,1,0.036,0.03482892,64.19,BTC-28MAR25-110000-C,63586.16,buy,0.5,0.5,,,,
723,319345998,2024-09-30 22:28:58,1,0.036,0.03488777,64.17,BTC-28MAR25-110000-C,63599.31,buy,0.2,0.2,,,,
724,319346028,2024-09-30 22:29:39,2,0.0355,0.03483169,63.94,BTC-28MAR25-110000-C,63567.58,sell,1.0,1.0,,,,
725,319346126,2024-09-30 22:34:21,0,0.036,0.03514838,64.11,BTC-28MAR25-110000-C,63645.21,buy,0.1,0.1,,,,
726,319346315,2024-09-30 22:42:49,2,0.034,0.0351317,63.08,BTC-28MAR25-110000-C,63586.65,sell,0.1,0.1,,,,
727,319348789,2024-09-30 23:29:11,0,0.035,0.03452788,63.95,BTC-28MAR25-110000-C,63347.85,sell,1.0,1.0,,,,
728,319353975,2024-10-01 00:03:22,0,0.0355,0.03437466,64.36,BTC-28MAR25-110000-C,63262.02,buy,0.1,0.1,,,,
729,319356818,2024-10-01 00:31:53,1,0.0355,0.03482172,64.24,BTC-28MAR25-110000-C,63387.29,buy,0.2,0.2,,,,
730,319360661,2024-10-01 01:18:15,0,0.037,0.03566131,64.83,BTC-28MAR25-110000-C,63519.57,buy,1.2,1.2,,,,
731,319360811,2024-10-01 01:20:48,1,0.037,0.03564904,64.89,BTC-28MAR25-110000-C,63472.29,buy,0.2,0.2,,,,
732,319361238,2024-10-01 01:27:48,2,0.0365,0.0358118,64.64,BTC-28MAR25-110000-C,63445.27,buy,2.5,2.5,,,,
733,319361239,2024-10-01 01:27:48,3,0.0365,0.0358118,64.64,BTC-28MAR25-110000-C,63445.27,sell,5.5,5.5,,,,
734,319361687,2024-10-01 01:34:02,0,0.037,0.03588457,64.86,BTC-28MAR25-110000-C,63515.47,buy,3.0,3.0,,,,
735,319372804,2024-10-01 06:27:17,2,0.0365,0.03740977,63.97,BTC-28MAR25-110000-C,63982.55,sell,0.1,0.1,,,,
736,319372805,2024-10-01 06:27:17,3,0.0365,0.03740977,63.97,BTC-28MAR25-110000-C,63982.55,sell,3.4,3.4,,,,
737,319372806,2024-10-01 06:27:17,3,0.0365,0.03740977,63.97,BTC-28MAR25-110000-C,63982.55,buy,2.2,2.2,,,,
738,319372807,2024-10-01 06:27:17,3,0.0365,0.03740977,63.97,BTC-28MAR25-110000-C,63982.55,buy,0.3,0.3,,,,
739,319390096,2024-10-01 11:16:07,3,0.0365,0.03677523,64.11,BTC-28MAR25-110000-C,63897.4,sell,587.5,587.5,,,159743,
740,319406204,2024-10-01 13:41:30,2,0.034,0.03369156,64.37,BTC-28MAR25-110000-C,62630.32,buy,10.0,10.0,,,,
741,319453312,2024-10-01 16:22:19,3,0.034,0.03263302,64.59,BTC-28MAR25-110000-C,62429.97,buy,0.1,0.1,,,,
742,319459960,2024-10-01 16:36:41,2,0.033,0.03215266,64.43,BTC-28MAR25-110000-C,62249.66,sell,1.0,1.0,,,,
743,319494228,2024-10-01 18:01:29,3,0.033,0.03186788,64.68,BTC-28MAR25-110000-C,62143.23,buy,0.1,0.1,,,,
744,319514992,2024-10-01 20:08:22,2,0.031,0.03001792,64.3,BTC-28MAR25-110000-C,61433.6,buy,0.1,0.1,,,,
745,319515547,2024-10-01 20:09:32,2,0.0285,0.02982678,62.92,BTC-28MAR25-110000-C,61341.67,sell,0.1,0.1,,,,
746,319540276,2024-10-01 22:04:32,0,0.03,0.02914004,64.37,BTC-28MAR25-110000-C,60868.02,buy,0.1,0.1,,,,
747,319558120,2024-10-02 02:39:48,0,0.031,0.03124592,64.0,BTC-28MAR25-110000-C,61661.45,sell,350.0,350.0,,BTC-CDIAG-28MAR25_27DEC24-110000_95000,160036,
748,319561988,2024-10-02 03:22:41,0,0.0313,0.03149495,64.07,BTC-28MAR25-110000-C,61793.55,sell,150.0,150.0,,BTC-CDIAG-28MAR25_27DEC24-110000_95000,160051,
749,319569858,2024-10-02 05:51:51,2,0.0305,0.03057283,64.12,BTC-28MAR25-110000-C,61403.69,buy,0.1,0.1,,,,
750,319571090,2024-10-02 06:16:29,0,0.0315,0.03076453,64.6,BTC-28MAR25-110000-C,61491.02,buy,0.2,0.2,,,,
751,319609907,2024-10-02 13:48:13,2,0.03,0.02993321,64.13,BTC-28MAR25-110000-C,61103.96,buy,0.1,0.1,,,,
752,319610308,2024-10-02 13:50:04,0,0.0305,0.0300284,64.31,BTC-28MAR25-110000-C,61204.19,buy,0.1,0.1,,,,
753,319613651,2024-10-02 13:57:55,0,0.031,0.03046903,64.35,BTC-28MAR25-110000-C,61413.04,buy,0.1,0.1,,,,
754,319630190,2024-10-02 15:34:08,2,0.03,0.03047564,63.37,BTC-28MAR25-110000-C,61769.57,sell,0.1,0.1,,,,
755,319639394,2024-10-02 16:48:25,3,0.03,0.03065665,63.23,BTC-28MAR25-110000-C,61885.04,sell,0.1,0.1,,,,
756,319652221,2024-10-02 18:51:05,2,0.0285,0.02885444,63.44,BTC-28MAR25-110000-C,60976.77,sell,0.2,0.2,,,,
757,319669034,2024-10-02 20:08:32,2,0.0265,0.02757316,62.97,BTC-28MAR25-110000-C,60304.88,sell,0.1,0.1,,,,
758,319671518,2024-10-02 20:28:53,0,0.027,0.02779097,63.24,BTC-28MAR25-110000-C,60333.0,sell,5.0,5.0,,,,
759,319671792,2024-10-02 20:31:09,1,0.027,0.02789849,63.17,BTC-28MAR25-110000-C,60387.63,sell,5.0,5.0,,,,
760,319671836,2024-10-02 20:31:37,1,0.027,0.02779046,63.22,BTC-28MAR25-110000-C,60348.72,sell,0.1,0.1,,,,
761,319671837,2024-10-02 20:31:37,1,0.027,0.02779046,63.22,BTC-28MAR25-110000-C,60348.72,sell,4.9,4.9,,,,
762,319687362,2024-10-02 23:19:00,0,0.0285,0.02826654,63.63,BTC-28MAR25-110000-C,60778.77,sell,0.1,0.1,,,,
763,319687589,2024-10-02 23:24:34,2,0.028,0.02821464,63.38,BTC-28MAR25-110000-C,60721.63,buy,0.1,0.1,,,,
764,319689450,2024-10-03 00:02:49,0,0.0285,0.02818592,63.8,BTC-28MAR25-110000-C,60633.29,sell,0.1,0.1,,,,
765,319729850,2024-10-03 10:41:02,0,0.029,0.02848091,63.87,BTC-28MAR25-110000-C,60879.63,buy,0.3,0.3,,,,
766,319763982,2024-10-03 15:05:20,2,0.0265,0.02719678,63.26,BTC-28MAR25-110000-C,60156.36,sell,0.3,0.3,,,,
767,319770342,2024-10-03 15:54:06,0,0.028,0.02799701,63.63,BTC-28MAR25-110000-C,60621.37,sell,2.5,2.5,,,,
768,319790707,2024-10-03 19:44:25,0,0.0285,0.02870172,63.74,BTC-28MAR25-110000-C,60813.83,buy,0.1,0.1,,,,
769,319794271,2024-10-03 20:23:47,1,0.0285,0.02889548,63.67,BTC-28MAR25-110000-C,60873.99,sell,0.5,0.5,,,,
770,319794272,2024-10-03 20:23:47,1,0.0285,0.02889548,63.67,BTC-28MAR25-110000-C,60873.99,sell,0.1,0.1,,,,
771,319796305,2024-10-03 21:06:19,1,0.0285,0.0283497,63.96,BTC-28MAR25-110000-C,60641.63,sell,0.1,0.1,,,,
772,319839558,2024-10-04 08:59:37,0,0.029,0.02961083,63.36,BTC-28MAR25-110000-C,61463.62,sell,0.1,0.1,,,,
773,319869456,2024-10-04 14:53:46,2,0.028,0.0288974,63.1,BTC-28MAR25-110000-C,61216.02,sell,0.1,0.1,,,,
774,319887704,2024-10-04 18:00:07,0,0.0295,0.02935024,63.06,BTC-28MAR25-110000-C,61985.78,sell,0.2,0.2,,,,
775,319888198,2024-10-04 18:08:24,2,0.029,0.02929482,62.76,BTC-28MAR25-110000-C,61968.24,buy,0.1,0.1,,,,
776,319898812,2024-10-04 20:51:47,0,0.0305,0.03021118,63.12,BTC-28MAR25-110000-C,62414.31,sell,0.5,0.5,,,,
777,319898933,2024-10-04 20:54:53,1,0.0305,0.03022498,63.1,BTC-28MAR25-110000-C,62432.24,sell,0.8,0.8,,,,
778,319898934,2024-10-04 20:55:02,1,0.0305,0.03023345,63.09,BTC-28MAR25-110000-C,62437.6,sell,0.5,0.5,,,,
779,319914394,2024-10-05 04:18:46,2,0.028,0.02849199,62.35,BTC-28MAR25-110000-C,61835.9,buy,1.0,1.0,,,,
780,319927692,2024-10-05 10:37:03,0,0.0285,0.02810858,62.26,BTC-28MAR25-110000-C,62219.87,buy,1.0,1.0,,,,
781,319933214,2024-10-05 14:16:52,1,0.0285,0.02978088,62.35,BTC-28MAR25-110000-C,62144.71,buy,5.0,5.0,,,,
782,319933816,2024-10-05 14:45:37,0,0.029,0.02865362,62.58,BTC-28MAR25-110000-C,62201.98,buy,10.0,10.0,,,,
783,319938181,2024-10-05 17:03:18,2,0.0285,0.02927578,62.7,BTC-28MAR25-110000-C,61918.77,sell,1.0,1.0,,,,
784,319938182,2024-10-05 17:03:18,3,0.0285,0.02927578,62.7,BTC-28MAR25-110000-C,61918.77,sell,0.1,0.1,,,,
785,319949155,2024-10-06 00:35:53,2,0.0275,0.02792197,62.17,BTC-28MAR25-110000-C,61895.51,sell,0.1,0.1,,,,
786,319950900,2024-10-06 01:36:04,3,0.0275,0.02806159,61.89,BTC-28MAR25-110000-C,62101.99,sell,0.4,0.4,,,,
787,319950987,2024-10-06 01:38:56,3,0.0275,0.02774495,61.91,BTC-28MAR25-110000-C,62088.95,buy,0.1,0.1,,,,
788,319953905,2024-10-06 04:35:39,2,0.027,0.02701102,61.88,BTC-28MAR25-110000-C,61893.73,sell,0.1,0.1,,,,
789,319959753,2024-10-06 08:31:51,0,0.0275,0.02720208,61.96,BTC-28MAR25-110000-C,62064.5,buy,0.1,0.1,,,,
790,319960146,2024-10-06 08:46:22,2,0.027,0.02701772,61.76,BTC-28MAR25-110000-C,61995.55,sell,0.1,0.1,,,,
791,319961174,2024-10-06 09:47:45,0,0.0275,0.02716566,61.9,BTC-28MAR25-110000-C,62136.95,buy,0.1,0.1,,,,
792,319961597,2024-10-06 10:11:26,2,0.027,0.02702084,61.69,BTC-28MAR25-110000-C,62044.34,sell,0.1,0.1,,,,
793,319961640,2024-10-06 10:15:52,0,0.0275,0.02705329,61.99,BTC-28MAR25-110000-C,62064.77,buy,0.1,0.1,,,,
794,319966221,2024-10-06 13:03:33,1,0.0275,0.02724441,61.69,BTC-28MAR25-110000-C,62292.83,buy,3.2,3.2,,,,
795,319967394,2024-10-06 13:34:45,1,0.0275,0.02726232,61.73,BTC-28MAR25-110000-C,62287.28,buy,6.0,6.0,,,,
796,319977359,2024-10-06 15:54:01,0,0.028,0.02894023,61.47,BTC-28MAR25-110000-C,62688.26,buy,0.2,0.2,,,,
797,319977954,2024-10-06 16:02:41,0,0.0285,0.02859394,61.68,BTC-28MAR25-110000-C,62775.07,buy,0.2,0.2,,,,
798,320005705,2024-10-07 00:42:29,0,0.032,0.03104117,63.2,BTC-28MAR25-110000-C,63305.75,buy,0.1,0.1,,,,
799,320028850,2024-10-07 05:10:46,2,0.0315,0.03109308,62.58,BTC-28MAR25-110000-C,63584.05,sell,1.3,1.3,,,,
800,320133332,2024-10-07 22:34:40,2,0.0285,0.02871622,61.57,BTC-28MAR25-110000-C,63092.91,sell,0.2,0.2,,,,
801,320133333,2024-10-07 22:34:40,3,0.0285,0.02871622,61.57,BTC-28MAR25-110000-C,63092.91,sell,0.1,0.1,,,,
802,320179572,2024-10-08 07:19:53,2,0.0265,0.0265515,61.57,BTC-28MAR25-110000-C,62121.06,sell,0.5,0.5,,,,
803,320263901,2024-10-08 21:12:16,3,0.0265,0.02643494,61.51,BTC-28MAR25-110000-C,62298.5,buy,0.5,0.5,,,,
804,320297970,2024-10-09 08:35:49,2,0.026,0.02623393,61.55,BTC-28MAR25-110000-C,62039.89,sell,0.1,0.1,,,,
805,320298482,2024-10-09 08:40:36,0,0.0265,0.02643277,61.77,BTC-28MAR25-110000-C,62118.25,sell,0.1,0.1,,,,
806,320332420,2024-10-09 16:01:52,2,0.026,0.02620683,61.31,BTC-28MAR25-110000-C,62273.16,buy,1.0,1.0,,,,
807,320343197,2024-10-09 18:11:52,2,0.0255,0.02544024,61.82,BTC-28MAR25-110000-C,61615.78,sell,0.1,0.1,,,,
808,320397365,2024-10-10 06:50:32,2,0.023,0.02364021,61.04,BTC-28MAR25-110000-C,60983.56,sell,0.1,0.1,,,,
809,320397366,2024-10-10 06:50:32,3,0.023,0.02364021,61.04,BTC-28MAR25-110000-C,60983.56,sell,0.9,0.9,,,,
810,320406676,2024-10-10 09:05:02,0,0.0235,0.02355318,61.7,BTC-28MAR25-110000-C,60778.14,sell,0.2,0.2,,,,
811,320418830,2024-10-10 12:21:55,0,0.024,0.02377052,61.59,BTC-28MAR25-110000-C,61140.91,buy,0.6,0.6,,,,
812,320419249,2024-10-10 12:27:24,1,0.024,0.02407385,61.53,BTC-28MAR25-110000-C,61173.38,sell,0.1,0.1,,,,
813,320422597,2024-10-10 12:35:18,1,0.024,0.02380506,61.88,BTC-28MAR25-110000-C,60908.04,buy,0.1,0.1,,,,
814,320424608,2024-10-10 12:43:58,1,0.024,0.02387063,61.94,BTC-28MAR25-110000-C,60855.3,sell,0.1,0.1,,,,
815,320424653,2024-10-10 12:44:39,1,0.024,0.02389196,61.93,BTC-28MAR25-110000-C,60863.87,sell,0.1,0.1,,,,
816,320445188,2024-10-10 15:41:33,2,0.0225,0.02272643,61.38,BTC-28MAR25-110000-C,60490.57,sell,1.9,1.9,,,,
817,320449695,2024-10-10 16:29:34,3,0.0225,0.02246318,61.4,BTC-28MAR25-110000-C,60483.15,sell,0.1,0.1,,,,
818,320540612,2024-10-11 08:00:20,0,0.023,0.02327281,61.7,BTC-28MAR25-110000-C,60627.07,sell,0.1,0.1,,,,
819,320540613,2024-10-11 08:00:20,1,0.023,0.02327281,61.7,BTC-28MAR25-110000-C,60627.07,buy,0.4,0.4,,,,
820,320719450,2024-10-13 10:35:05,0,0.0275,0.02775004,62.35,BTC-28MAR25-110000-C,62785.02,buy,0.1,0.1,,,,
821,320796548,2024-10-14 07:16:01,0,0.0305,0.03130719,62.58,BTC-28MAR25-110000-C,64063.82,buy,1.0,1.0,,,,
822,320796772,2024-10-14 07:17:39,2,0.0295,0.03061394,62.0,BTC-28MAR25-110000-C,64062.61,sell,5.0,5.0,,,,
823,320796773,2024-10-14 07:17:39,3,0.0295,0.03061394,62.0,BTC-28MAR25-110000-C,64062.61,sell,0.1,0.1,,,,
824,320812928,2024-10-14 08:27:56,0,0.031,0.03082672,62.25,BTC-28MAR25-110000-C,64578.55,sell,0.1,0.1,,,,
825,320820634,2024-10-14 09:47:30,1,0.031,0.03106119,62.09,BTC-28MAR25-110000-C,64726.07,buy,0.5,0.5,,,,
826,320842110,2024-10-14 13:02:58,0,0.0315,0.03157047,62.32,BTC-28MAR25-110000-C,64769.98,sell,0.3,0.3,,,,
827,320842111,2024-10-14 13:02:58,1,0.0315,0.03157047,62.32,BTC-28MAR25-110000-C,64769.98,sell,0.1,0.1,,,,
828,320849671,2024-10-14 13:47:32,0,0.032,0.03214283,62.22,BTC-28MAR25-110000-C,65090.57,buy,0.3,0.3,,,,
829,320849823,2024-10-14 13:48:09,0,0.033,0.03226601,62.74,BTC-28MAR25-110000-C,65146.74,buy,3.2,3.2,,,,
830,320849824,2024-10-14 13:48:09,1,0.033,0.03226601,62.74,BTC-28MAR25-110000-C,65146.74,buy,1.5,1.5,,,,
831,320849825,2024-10-14 13:48:09,1,0.033,0.03226601,62.74,BTC-28MAR25-110000-C,65146.74,sell,1.3,1.3,,,,
832,320896516,2024-10-14 15:52:12,2,0.0326,0.03325661,61.51,BTC-28MAR25-110000-C,65884.46,sell,100.0,100.0,,BTC-STRG-28MAR25-45000_110000,161729,
833,320913950,2024-10-14 18:31:57,0,0.0332,0.0332574,62.09,BTC-28MAR25-110000-C,65765.45,sell,100.0,100.0,,BTC-STRG-28MAR25-45000_110000,161779,
834,320962930,2024-10-15 01:16:13,0,0.034,0.03381574,62.34,BTC-28MAR25-110000-C,65901.17,sell,0.1,0.1,,,,
835,320964779,2024-10-15 01:41:48,1,0.034,0.03376096,62.53,BTC-28MAR25-110000-C,65759.22,sell,0.1,0.1,,,,
836,320964780,2024-10-15 01:41:52,1,0.034,0.03375595,62.53,BTC-28MAR25-110000-C,65755.0,sell,0.1,0.1,,,,
837,320964781,2024-10-15 01:41:54,1,0.034,0.0337486,62.53,BTC-28MAR25-110000-C,65759.08,sell,0.1,0.1,,,,
838,320964782,2024-10-15 01:41:57,1,0.034,0.03375804,62.53,BTC-28MAR25-110000-C,65757.57,sell,0.1,0.1,,,,
839,320964783,2024-10-15 01:41:59,1,0.034,0.03375531,62.52,BTC-28MAR25-110000-C,65760.29,sell,0.1,0.1,,,,
840,320971266,2024-10-15 03:39:10,2,0.0315,0.03213579,61.61,BTC-28MAR25-110000-C,65377.59,sell,5.0,5.0,,,,
841,320971567,2024-10-15 03:41:44,2,0.031,0.03213244,61.21,BTC-28MAR25-110000-C,65472.62,sell,7.3,7.3,,,,
842,320971568,2024-10-15 03:41:44,3,0.031,0.03213244,61.21,BTC-28MAR25-110000-C,65472.62,sell,5.0,5.0,,,,
843,320971569,2024-10-15 03:41:44,3,0.031,0.03213244,61.21,BTC-28MAR25-110000-C,65472.62,sell,2.2,2.2,,,,
844,320971570,2024-10-15 03:41:44,3,0.031,0.03213244,61.21,BTC-28MAR25-110000-C,65472.62,sell,4.0,4.0,,,,
845,320972206,2024-10-15 03:52:10,0,0.0311,0.03147553,61.27,BTC-28MAR25-110000-C,65481.82,sell,500.0,500.0,,,161854,
846,320980611,2024-10-15 06:38:35,2,0.0305,0.03074004,60.97,BTC-28MAR25-110000-C,65431.39,sell,0.2,0.2,,,,
847,320980612,2024-10-15 06:38:35,3,0.0305,0.03074004,60.97,BTC-28MAR25-110000-C,65431.39,sell,0.1,0.1,,,,
848,320981659,2024-10-15 07:00:55,0,0.031,0.03057051,61.12,BTC-28MAR25-110000-C,65547.32,buy,0.5,0.5,,,,
849,320981671,2024-10-15 07:01:04,1,0.031,0.03059204,61.12,BTC-28MAR25-110000-C,65540.35,buy,0.5,0.5,,,,
850,320981706,2024-10-15 07:01:53,1,0.031,0.03063265,61.1,BTC-28MAR25-110000-C,65559.1,sell,0.5,0.5,,,,
851,321025171,2024-10-15 13:57:54,0,0.036,0.03519317,61.58,BTC-28MAR25-110000-C,67469.39,buy,0.1,0.1,,,,
852,321045953,2024-10-15 14:31:05,2,0.034,0.03383166,61.52,BTC-28MAR25-110000-C,66725.9,sell,0.5,0.5,,,,
853,321176338,2024-10-16 02:08:12,0,0.036,0.03587728,61.93,BTC-28MAR25-110000-C,67511.58,sell,0.3,0.3,,,,
854,321176414,2024-10-16 02:08:32,1,0.036,0.0358216,62.0,BTC-28MAR25-110000-C,67469.07,sell,0.3,0.3,,,,
855,321176692,2024-10-16 02:11:34,1,0.036,0.0360548,61.97,BTC-28MAR25-110000-C,67497.79,buy,2.0,2.0,,,,
856,321180810,2024-10-16 03:05:19,2,0.034,0.03378832,61.13,BTC-28MAR25-110000-C,67252.16,buy,1.0,1.0,,,,
857,321181264,2024-10-16 03:12:20,3,0.034,0.03369967,61.15,BTC-28MAR25-110000-C,67234.21,buy,1.0,1.0,,,,
858,321206482,2024-10-16 08:36:12,2,0.0325,0.03317887,60.52,BTC-28MAR25-110000-C,67147.49,sell,1.8,1.8,,,,
859,321207202,2024-10-16 08:42:36,0,0.033,0.03304879,60.77,BTC-28MAR25-110000-C,67179.54,sell,1.0,1.0,,,,
860,321218716,2024-10-16 10:17:04,0,0.0345,0.03484548,60.87,BTC-28MAR25-110000-C,67755.76,buy,0.2,0.2,,,,
861,321220087,2024-10-16 10:23:58,1,0.0345,0.03480829,60.92,BTC-28MAR25-110000-C,67715.74,sell,1.5,1.5,,,,
862,321240220,2024-10-16 11:46:48,0,0.038,0.03777154,61.89,BTC-28MAR25-110000-C,68347.98,buy,0.1,0.1,,,,
863,321241281,2024-10-16 11:48:31,1,0.038,0.03751623,62.08,BTC-28MAR25-110000-C,68205.47,sell,0.4,0.4,,,,
864,321297852,2024-10-16 20:29:10,2,0.037,0.03629969,62.1,BTC-28MAR25-110000-C,67868.1,buy,0.2,0.2,,,,
865,321297853,2024-10-16 20:29:13,3,0.037,0.03630443,62.1,BTC-28MAR25-110000-C,67868.14,buy,0.2,0.2,,,,
866,321297865,2024-10-16 20:29:54,3,0.037,0.03630255,62.12,BTC-28MAR25-110000-C,67855.68,buy,0.1,0.1,,,,
867,321363554,2024-10-17 13:02:21,2,0.034,0.03365674,61.54,BTC-28MAR25-110000-C,67176.49,sell,2.5,2.5,,,,
868,321434446,2024-10-18 03:49:49,2,0.0335,0.03349114,60.59,BTC-28MAR25-110000-C,67738.19,sell,2.0,2.0,,,,
869,321436763,2024-10-18 04:08:30,2,0.0319,0.03297641,59.85,BTC-28MAR25-110000-C,67629.76,sell,150.0,150.0,,,162402,
870,321437049,2024-10-18 04:15:40,0,0.0325,0.03282674,60.21,BTC-28MAR25-110000-C,67634.14,buy,1.0,1.0,,,,
871,321441102,2024-10-18 05:54:18,0,0.034,0.03373504,60.56,BTC-28MAR25-110000-C,68000.7,buy,5.0,5.0,,,,
872,321441103,2024-10-18 05:54:18,1,0.034,0.03373504,60.56,BTC-28MAR25-110000-C,68000.7,buy,0.9,0.9,,,,
873,321475197,2024-10-18 12:42:59,2,0.033,0.03284136,60.35,BTC-28MAR25-110000-C,67666.62,sell,25.0,25.0,,BTC-RR-28MAR25-60000_110000,162465,
874,321475293,2024-10-18 12:46:34,2,0.0328,0.03283752,60.23,BTC-28MAR25-110000-C,67674.58,sell,50.0,50.0,,BTC-RR-28MAR25-60000_110000,162472,
875,321484059,2024-10-18 14:05:02,0,0.0345,0.034084,60.53,BTC-28MAR25-110000-C,68206.22,buy,0.1,0.1,,,,
876,321489477,2024-10-18 14:18:43,0,0.035,0.03441564,60.91,BTC-28MAR25-110000-C,68120.96,buy,5.0,5.0,,,,
877,321489478,2024-10-18 14:18:43,1,0.035,0.03441564,60.91,BTC-28MAR25-110000-C,68120.96,buy,0.9,0.9,,,,
878,321489479,2024-10-18 14:18:43,1,0.035,0.03441564,60.91,BTC-28MAR25-110000-C,68120.96,buy,10.0,10.0,,,,
879,321491429,2024-10-18 14:31:48,2,0.0349,0.03510138,60.66,BTC-28MAR25-110000-C,68303.71,buy,200.0,200.0,,,162577,
880,321529299,2024-10-18 20:44:13,2,0.0345,0.03532099,60.27,BTC-28MAR25-110000-C,68548.37,sell,1.0,1.0,,,,
881,321559413,2024-10-19 12:36:51,3,0.0345,0.03513034,60.76,BTC-28MAR25-110000-C,68232.03,sell,6.0,6.0,,,,
882,321613427,2024-10-20 22:13:27,0,0.035,0.03567029,60.62,BTC-28MAR25-110000-C,68613.21,sell,1.0,1.0,,,,
883,321613428,2024-10-20 22:13:27,1,0.035,0.03567029,60.62,BTC-28MAR25-110000-C,68613.21,sell,6.0,6.0,,,,
884,321613429,2024-10-20 22:13:27,1,0.035,0.03567029,60.62,BTC-28MAR25-110000-C,68613.21,sell,0.1,0.1,,,,
885,321613430,2024-10-20 22:13:27,1,0.035,0.03567029,60.62,BTC-28MAR25-110000-C,68613.21,buy,2.9,2.9,,,,
886,321613433,2024-10-20 22:13:32,0,0.0355,0.03564986,60.9,BTC-28MAR25-110000-C,68610.04,buy,6.6,6.6,,,,
887,321613435,2024-10-20 22:13:34,1,0.0355,0.03564763,60.89,BTC-28MAR25-110000-C,68610.04,buy,0.1,0.1,,,,
888,321613438,2024-10-20 22:13:34,1,0.0355,0.03564763,60.89,BTC-28MAR25-110000-C,68610.04,buy,0.1,0.1,,,,
889,321624650,2024-10-20 23:29:41,0,0.0375,0.03736283,61.31,BTC-28MAR25-110000-C,69101.39,sell,0.1,0.1,,,,
890,321631695,2024-10-21 00:39:05,2,0.037,0.03751981,60.81,BTC-28MAR25-110000-C,69258.93,buy,1.0,1.0,,,,
891,321654566,2024-10-21 06:56:27,3,0.037,0.03702056,61.4,BTC-28MAR25-110000-C,68883.36,sell,0.3,0.3,,,,
892,321654574,2024-10-21 06:56:27,3,0.037,0.03702056,61.4,BTC-28MAR25-110000-C,68883.36,sell,0.2,0.2,,,,
893,321657245,2024-10-21 07:24:07,2,0.036,0.03613989,61.14,BTC-28MAR25-110000-C,68659.89,buy,2.5,2.5,,,,
894,321675057,2024-10-21 10:20:34,2,0.0345,0.03450487,60.73,BTC-28MAR25-110000-C,68387.43,sell,0.3,0.3,,,,
895,321684461,2024-10-21 12:44:51,2,0.034,0.03384741,60.92,BTC-28MAR25-110000-C,68054.99,buy,1.0,1.0,,,,
896,321726039,2024-10-21 15:44:58,2,0.0315,0.03188548,61.12,BTC-28MAR25-110000-C,66896.44,sell,1.0,1.0,,,,
897,321726047,2024-10-21 15:45:06,3,0.0315,0.03187998,61.13,BTC-28MAR25-110000-C,66896.03,sell,4.0,4.0,,,,
898,321726048,2024-10-21 15:45:06,3,0.0315,0.03187998,61.13,BTC-28MAR25-110000-C,66896.03,sell,5.8,5.8,,,,
899,321726049,2024-10-21 15:45:06,3,0.0315,0.03187998,61.13,BTC-28MAR25-110000-C,66896.03,sell,0.2,0.2,,,,
900,321735319,2024-10-21 17:14:49,0,0.0325,0.03251121,60.99,BTC-28MAR25-110000-C,67420.08,sell,100.0,100.0,,,162909,
901,321778914,2024-10-22 03:17:52,2,0.0315,0.03230311,60.37,BTC-28MAR25-110000-C,67396.26,sell,1.0,1.0,,,,
902,321844486,2024-10-22 16:04:18,3,0.0315,0.03120517,60.89,BTC-28MAR25-110000-C,67148.91,sell,1.0,1.0,,,,
903,321885038,2024-10-23 03:19:48,2,0.0305,0.03004867,60.61,BTC-28MAR25-110000-C,66959.98,buy,5.0,5.0,,,,
904,321885039,2024-10-23 03:19:48,3,0.0305,0.03004867,60.61,BTC-28MAR25-110000-C,66959.98,sell,0.9,0.9,,,,
905,321885040,2024-10-23 03:19:48,3,0.0305,0.03004867,60.61,BTC-28MAR25-110000-C,66959.98,sell,0.2,0.2,,,,
906,321885041,2024-10-23 03:19:48,3,0.0305,0.03004867,60.61,BTC-28MAR25-110000-C,66959.98,sell,3.9,3.9,,,,
907,321901428,2024-10-23 08:19:00,2,0.03,0.02978974,60.62,BTC-28MAR25-110000-C,66730.87,sell,0.3,0.3,,,,
908,321905426,2024-10-23 08:58:39,2,0.0295,0.02913758,60.68,BTC-28MAR25-110000-C,66435.23,buy,0.1,0.1,,,,
909,321918014,2024-10-23 12:04:17,2,0.0285,0.02846972,60.25,BTC-28MAR25-110000-C,66314.29,buy,0.1,0.1,,,,
910,321919396,2024-10-23 12:18:19,2,0.028,0.0279791,59.95,BTC-28MAR25-110000-C,66314.27,buy,2.1,2.1,,,,
911,321932800,2024-10-23 14:17:30,0,0.0285,0.02866253,59.98,BTC-28MAR25-110000-C,66546.33,buy,1.5,1.5,,,,
912,322021425,2024-10-24 01:05:14,0,0.0305,0.03038401,60.16,BTC-28MAR25-110000-C,67357.05,buy,0.3,0.3,,,,
913,322092018,2024-10-24 15:50:20,2,0.0298,0.03026986,59.43,BTC-28MAR25-110000-C,67699.19,sell,200.0,200.0,,,163531,
914,322092199,2024-10-24 15:51:20,3,0.0298,0.03022638,59.47,BTC-28MAR25-110000-C,67672.68,sell,200.0,200.0,,,163535,
915,322092354,2024-10-24 15:52:33,3,0.0298,0.03017371,59.51,BTC-28MAR25-110000-C,67650.6,sell,200.0,200.0,,,163536,
916,322093034,2024-10-24 15:58:36,0,0.0299,0.03027015,59.54,BTC-28MAR25-110000-C,67664.59,sell,200.0,200.0,,,163537,
917,322149581,2024-10-25 01:16:32,1,0.0299,0.03053147,59.41,BTC-28MAR25-110000-C,67843.93,sell,100.0,100.0,,BTC-RR-28MAR25-55000_110000,163591,
918,322149611,2024-10-25 01:16:53,0,0.03,0.030582,59.45,BTC-28MAR25-110000-C,67858.79,sell,100.0,100.0,,BTC-RR-28MAR25-55000_110000,163592,
919,322149880,2024-10-25 01:22:50,1,0.03,0.03057189,59.43,BTC-28MAR25-110000-C,67883.23,sell,25.0,25.0,,BTC-RR-28MAR25-55000_110000,163593,
920,322149882,2024-10-25 01:22:50,2,0.0271,0.03057189,57.64,BTC-28MAR25-110000-C,67883.23,sell,50.0,50.0,,BTC-RR-28MAR25-55000_110000,163594,
921,322154619,2024-10-25 02:30:14,0,0.03,0.03027198,59.4,BTC-28MAR25-110000-C,67923.34,sell,25.0,25.0,,BTC-RR-28MAR25-55000_110000,163605,
922,322159611,2024-10-25 04:00:00,0,0.0305,0.03001053,59.65,BTC-28MAR25-110000-C,67967.77,buy,3.0,3.0,,,,
923,322161760,2024-10-25 04:28:19,2,0.03,0.0298559,59.7,BTC-28MAR25-110000-C,67708.15,sell,0.2,0.2,,,,
924,322219648,2024-10-25 14:06:54,3,0.03,0.02960071,59.18,BTC-28MAR25-110000-C,68200.27,buy,0.3,0.3,,,,
925,322219655,2024-10-25 14:06:56,3,0.03,0.02966184,59.13,BTC-28MAR25-110000-C,68234.76,buy,1.3,1.3,,,,
926,322219674,2024-10-25 14:07:02,3,0.03,0.02971267,59.12,BTC-28MAR25-110000-C,68240.91,buy,0.1,0.1,,,,
