trade_seq,trade_id,timestamp,tick_direction,price,mark_price,iv,instrument_name,index_price,direction,contracts,amount,combo_id,block_trade_id,combo_trade_id,liquidation
7757,325301301,2024-11-11 13:59:42,1,0.0205,0.02056385,55.11,BTC-27DEC24-100000-C,81899.85,buy,0.1,0.1,,,,
7758,325306994,2024-11-11 14:30:44,2,0.02,0.02033773,55.24,BTC-27DEC24-100000-C,81665.58,sell,0.2,0.2,,,,
7759,325308616,2024-11-11 14:33:57,0,0.0215,0.0212751,54.99,BTC-27DEC24-100000-C,82436.91,buy,10.0,10.0,,,,
7760,325315737,2024-11-11 14:42:12,1,0.0215,0.02190257,54.69,BTC-27DEC24-100000-C,82578.26,sell,9.6,9.6,,,,
7761,325321289,2024-11-11 14:51:24,2,0.0205,0.02121924,54.17,BTC-27DEC24-100000-C,82379.45,sell,0.8,0.8,,,,
7762,325323783,2024-11-11 14:58:36,0,0.022,0.02165063,55.2,BTC-27DEC24-100000-C,82561.7,sell,2.5,2.5,,,,
7763,325326637,2024-11-11 15:04:35,1,0.022,0.0218873,54.93,BTC-27DEC24-100000-C,82699.0,buy,1.0,1.0,,,,
7764,325327121,2024-11-11 15:05:56,0,0.0225,0.02228302,55.09,BTC-27DEC24-100000-C,82839.3,buy,15.0,15.0,,,,
7765,325327318,2024-11-11 15:06:11,1,0.0225,0.02233639,55.1,BTC-27DEC24-100000-C,82834.9,sell,0.5,0.5,,,,
7766,325328575,2024-11-11 15:08:11,2,0.022,0.02167434,55.34,BTC-27DEC24-100000-C,82513.04,sell,0.3,0.3,,,,
7767,325331508,2024-11-11 15:14:21,0,0.023,0.02281708,55.21,BTC-27DEC24-100000-C,82976.39,buy,0.1,0.1,,,,
7768,325331509,2024-11-11 15:14:21,1,0.023,0.02281708,55.21,BTC-27DEC24-100000-C,82976.39,buy,3.3,3.3,,,,
7769,325331510,2024-11-11 15:14:21,1,0.023,0.02281708,55.21,BTC-27DEC24-100000-C,82976.39,buy,0.3,0.3,,,,
7770,325331511,2024-11-11 15:14:21,1,0.023,0.02281708,55.21,BTC-27DEC24-100000-C,82976.39,buy,0.3,0.3,,,,
7771,325331512,2024-11-11 15:14:21,1,0.023,0.02281708,55.21,BTC-27DEC24-100000-C,82976.39,buy,0.4,0.4,,,,
7772,325331513,2024-11-11 15:14:21,1,0.023,0.02281708,55.21,BTC-27DEC24-100000-C,82976.39,buy,0.2,0.2,,,,
7773,325331514,2024-11-11 15:14:21,1,0.023,0.02281708,55.21,BTC-27DEC24-100000-C,82976.39,buy,0.8,0.8,,,,
7774,325331515,2024-11-11 15:14:21,1,0.023,0.02281708,55.21,BTC-27DEC24-100000-C,82976.39,buy,0.4,0.4,,,,
7775,325331516,2024-11-11 15:14:21,1,0.023,0.02281708,55.21,BTC-27DEC24-100000-C,82976.39,buy,0.3,0.3,,,,
7776,325331517,2024-11-11 15:14:21,1,0.023,0.02281708,55.21,BTC-27DEC24-100000-C,82976.39,buy,0.2,0.2,,,,
7777,325332673,2024-11-11 15:16:41,0,0.0235,0.02332501,55.44,BTC-27DEC24-100000-C,83073.65,buy,0.5,0.5,,,,
7778,325333294,2024-11-11 15:17:58,1,0.0235,0.02356726,55.11,BTC-27DEC24-100000-C,83218.0,buy,6.6,6.6,,,,
7779,325333582,2024-11-11 15:18:09,1,0.0235,0.02365675,54.95,BTC-27DEC24-100000-C,83284.01,buy,12.9,12.9,,,,
7780,325338816,2024-11-11 15:26:18,0,0.0245,0.0245793,55.16,BTC-27DEC24-100000-C,83624.72,buy,1.0,1.0,,,,
7781,325340425,2024-11-11 15:29:23,0,0.025,0.02505678,55.14,BTC-27DEC24-100000-C,83818.24,buy,1.4,1.4,,,,
7782,325340426,2024-11-11 15:29:24,1,0.025,0.02505678,55.14,BTC-27DEC24-100000-C,83818.24,buy,8.7,8.7,,,,
7783,325340427,2024-11-11 15:29:24,1,0.025,0.02505678,55.14,BTC-27DEC24-100000-C,83818.24,buy,0.2,0.2,,,,
7784,325340428,2024-11-11 15:29:24,1,0.025,0.02505678,55.14,BTC-27DEC24-100000-C,83818.24,buy,0.1,0.1,,,,
7785,325340436,2024-11-11 15:29:25,1,0.025,0.02506123,55.12,BTC-27DEC24-100000-C,83826.89,buy,2.9,2.9,,,,
7786,325340545,2024-11-11 15:29:33,1,0.025,0.02499251,55.17,BTC-27DEC24-100000-C,83805.82,buy,0.3,0.3,,,,
7787,325340556,2024-11-11 15:29:36,1,0.025,0.02501574,55.15,BTC-27DEC24-100000-C,83816.42,buy,1.4,1.4,,,,
7788,325340557,2024-11-11 15:29:36,1,0.025,0.02501574,55.15,BTC-27DEC24-100000-C,83816.42,buy,0.5,0.5,,,,
7789,325341501,2024-11-11 15:31:27,0,0.0255,0.02536427,55.39,BTC-27DEC24-100000-C,83901.55,sell,0.1,0.1,,,,
7790,325341504,2024-11-11 15:31:28,1,0.0255,0.02536427,55.39,BTC-27DEC24-100000-C,83903.14,sell,0.1,0.1,,,,
7791,325341508,2024-11-11 15:31:28,1,0.0255,0.02536427,55.39,BTC-27DEC24-100000-C,83903.14,sell,0.1,0.1,,,,
7792,325341513,2024-11-11 15:31:29,1,0.0255,0.02536427,55.39,BTC-27DEC24-100000-C,83903.14,sell,0.1,0.1,,,,
7793,325341530,2024-11-11 15:31:31,1,0.0255,0.02532943,55.41,BTC-27DEC24-100000-C,83895.0,sell,0.1,0.1,,,,
7794,325341658,2024-11-11 15:31:57,0,0.026,0.02535689,55.88,BTC-27DEC24-100000-C,83889.53,buy,1.0,1.0,,,,
7795,325342747,2024-11-11 15:33:52,1,0.026,0.02579893,55.56,BTC-27DEC24-100000-C,84018.51,sell,1.0,1.0,,,,
7796,325353221,2024-11-11 15:51:21,2,0.0255,0.02593838,55.23,BTC-27DEC24-100000-C,83946.65,sell,0.2,0.2,,,,
7797,325353222,2024-11-11 15:51:21,3,0.0255,0.02593838,55.23,BTC-27DEC24-100000-C,83946.65,sell,1.8,1.8,,,,
7798,325355302,2024-11-11 15:56:13,0,0.027,0.02653434,56.18,BTC-27DEC24-100000-C,84115.48,sell,0.1,0.1,,,,
7799,325355306,2024-11-11 15:56:16,1,0.027,0.02650854,56.19,BTC-27DEC24-100000-C,84111.12,sell,0.1,0.1,,,,
7800,325355310,2024-11-11 15:56:17,1,0.027,0.02650854,56.19,BTC-27DEC24-100000-C,84111.12,sell,0.1,0.1,,,,
7801,325355311,2024-11-11 15:56:17,1,0.027,0.02650854,56.19,BTC-27DEC24-100000-C,84111.12,sell,0.1,0.1,,,,
7802,325355488,2024-11-11 15:56:39,0,0.0275,0.0266556,56.57,BTC-27DEC24-100000-C,84135.1,buy,0.1,0.1,,,,
7803,325355489,2024-11-11 15:56:39,1,0.0275,0.0266556,56.57,BTC-27DEC24-100000-C,84135.1,buy,9.2,9.2,,,,
7804,325355490,2024-11-11 15:56:39,1,0.0275,0.0266556,56.57,BTC-27DEC24-100000-C,84135.1,buy,5.8,5.8,,,,
7805,325355491,2024-11-11 15:56:39,1,0.0275,0.0266556,56.57,BTC-27DEC24-100000-C,84135.1,buy,4.9,4.9,,,,
7806,325355702,2024-11-11 15:57:03,0,0.028,0.02689685,56.93,BTC-27DEC24-100000-C,84169.23,buy,9.2,9.2,,,,
7807,325355703,2024-11-11 15:57:03,1,0.028,0.02689685,56.93,BTC-27DEC24-100000-C,84169.23,buy,10.8,10.8,,,,
7808,325356290,2024-11-11 15:59:25,1,0.028,0.02707418,57.05,BTC-27DEC24-100000-C,84128.09,buy,5.0,5.0,,,,
7809,325356698,2024-11-11 16:00:26,1,0.028,0.02733402,56.94,BTC-27DEC24-100000-C,84171.42,buy,0.1,0.1,,,,
7810,325357141,2024-11-11 16:01:18,2,0.027,0.02741007,55.92,BTC-27DEC24-100000-C,84227.62,sell,1.1,1.1,,,,
7811,325357317,2024-11-11 16:01:28,0,0.0275,0.02760275,56.17,BTC-27DEC24-100000-C,84301.95,buy,0.1,0.1,,,,
7812,325357318,2024-11-11 16:01:28,1,0.0275,0.02760275,56.17,BTC-27DEC24-100000-C,84301.95,buy,0.1,0.1,,,,
7813,325357432,2024-11-11 16:01:38,1,0.0275,0.02774769,56.06,BTC-27DEC24-100000-C,84347.54,buy,0.1,0.1,,,,
7814,325362172,2024-11-11 16:06:43,0,0.029,0.02899399,56.29,BTC-27DEC24-100000-C,84795.99,buy,0.2,0.2,,,,
7815,325365030,2024-11-11 16:09:42,0,0.0295,0.02911795,56.71,BTC-27DEC24-100000-C,84796.12,buy,1.0,1.0,,,,
7816,325365133,2024-11-11 16:09:48,2,0.029,0.02902355,56.4,BTC-27DEC24-100000-C,84746.59,sell,0.1,0.1,,,,
7817,325365841,2024-11-11 16:11:12,2,0.0285,0.02875299,56.13,BTC-27DEC24-100000-C,84695.32,sell,1.1,1.1,,,,
7818,325365844,2024-11-11 16:11:12,3,0.0285,0.02875299,56.13,BTC-27DEC24-100000-C,84695.32,sell,0.1,0.1,,,,
7819,325366002,2024-11-11 16:11:30,3,0.0285,0.02890606,55.99,BTC-27DEC24-100000-C,84750.36,sell,2.0,2.0,,,,
7820,325366327,2024-11-11 16:11:59,0,0.029,0.02892193,56.44,BTC-27DEC24-100000-C,84746.75,sell,1.3,1.3,,,,
7821,325367244,2024-11-11 16:13:49,0,0.03,0.02937634,56.86,BTC-27DEC24-100000-C,84920.41,buy,5.0,5.0,,,,
7822,325367245,2024-11-11 16:13:49,1,0.03,0.02937634,56.86,BTC-27DEC24-100000-C,84920.41,buy,0.1,0.1,,,,
7823,325367246,2024-11-11 16:13:49,1,0.03,0.02937634,56.86,BTC-27DEC24-100000-C,84920.41,buy,10.0,10.0,,,,
7824,325367247,2024-11-11 16:13:49,1,0.03,0.02937634,56.86,BTC-27DEC24-100000-C,84920.41,buy,4.9,4.9,,,,
7825,325367513,2024-11-11 16:14:17,2,0.0295,0.02918069,56.63,BTC-27DEC24-100000-C,84843.18,buy,1.0,1.0,,,,
7826,325367514,2024-11-11 16:14:17,3,0.0295,0.02918069,56.63,BTC-27DEC24-100000-C,84843.18,buy,0.1,0.1,,,,
7827,325368316,2024-11-11 16:15:35,3,0.0295,0.02909909,56.86,BTC-27DEC24-100000-C,84746.91,buy,1.0,1.0,,,,
7828,325368978,2024-11-11 16:16:52,3,0.0295,0.02909647,56.81,BTC-27DEC24-100000-C,84737.21,buy,0.2,0.2,,,,
7829,325369394,2024-11-11 16:17:52,2,0.029,0.02942327,56.16,BTC-27DEC24-100000-C,84825.24,sell,0.1,0.1,,,,
7830,325369763,2024-11-11 16:18:41,0,0.0295,0.02934034,56.73,BTC-27DEC24-100000-C,84754.74,sell,1.0,1.0,,,,
7831,325370112,2024-11-11 16:19:29,1,0.0295,0.02930363,56.78,BTC-27DEC24-100000-C,84728.76,sell,1.0,1.0,,,,
7832,325371098,2024-11-11 16:21:12,2,0.029,0.02969457,56.0,BTC-27DEC24-100000-C,84879.69,sell,1.2,1.2,,,,
7833,325372022,2024-11-11 16:23:11,0,0.03,0.02964948,56.83,BTC-27DEC24-100000-C,84901.07,buy,0.1,0.1,,,,
7834,325372023,2024-11-11 16:23:11,1,0.03,0.02964948,56.83,BTC-27DEC24-100000-C,84901.07,buy,0.1,0.1,,,,
7835,325372024,2024-11-11 16:23:11,1,0.03,0.02964948,56.83,BTC-27DEC24-100000-C,84901.07,buy,0.1,0.1,,,,
7836,325372222,2024-11-11 16:23:24,1,0.03,0.02977767,56.8,BTC-27DEC24-100000-C,84912.48,buy,9.0,9.0,,,,
7837,325372533,2024-11-11 16:23:54,1,0.03,0.02993157,56.68,BTC-27DEC24-100000-C,84960.3,buy,9.0,9.0,,,,
7838,325372898,2024-11-11 16:24:24,1,0.03,0.02992478,56.65,BTC-27DEC24-100000-C,84964.41,buy,7.0,7.0,,,,
7839,325374318,2024-11-11 16:26:34,2,0.029,0.02883045,56.81,BTC-27DEC24-100000-C,84535.06,buy,9.0,9.0,,,,
7840,325374319,2024-11-11 16:26:34,3,0.029,0.02883045,56.81,BTC-27DEC24-100000-C,84535.06,buy,0.1,0.1,,,,
7841,325375405,2024-11-11 16:28:51,3,0.029,0.0290051,56.76,BTC-27DEC24-100000-C,84550.95,buy,1.0,1.0,,,,
7842,325376390,2024-11-11 16:31:12,2,0.0285,0.02848044,56.79,BTC-27DEC24-100000-C,84362.69,buy,0.1,0.1,,,,
7843,325376418,2024-11-11 16:31:13,3,0.0285,0.0284155,56.79,BTC-27DEC24-100000-C,84360.96,buy,1.1,1.1,,,,
7844,325378485,2024-11-11 16:35:45,3,0.0285,0.02827722,57.01,BTC-27DEC24-100000-C,84261.24,buy,1.5,1.5,,,,
7845,325380204,2024-11-11 16:41:12,0,0.029,0.02902495,56.78,BTC-27DEC24-100000-C,84557.97,buy,1.2,1.2,,,,
7846,325380902,2024-11-11 16:43:22,2,0.0285,0.02843281,56.89,BTC-27DEC24-100000-C,84323.19,buy,9.1,9.1,,,,
7847,325380903,2024-11-11 16:43:22,3,0.0285,0.02843281,56.89,BTC-27DEC24-100000-C,84323.19,buy,0.1,0.1,,,,
7848,325380913,2024-11-11 16:43:24,3,0.0285,0.02840893,56.9,BTC-27DEC24-100000-C,84318.35,buy,1.0,1.0,,,,
7849,325381179,2024-11-11 16:44:12,0,0.029,0.02870573,57.06,BTC-27DEC24-100000-C,84426.91,buy,9.0,9.0,,,,
7850,325381406,2024-11-11 16:45:26,2,0.0285,0.02840924,56.9,BTC-27DEC24-100000-C,84316.73,buy,4.3,4.3,,,,
7851,325382649,2024-11-11 16:49:29,0,0.029,0.02820612,57.55,BTC-27DEC24-100000-C,84258.28,buy,0.1,0.1,,,,
7852,325384160,2024-11-11 16:53:03,2,0.0275,0.02771859,56.66,BTC-27DEC24-100000-C,84087.92,sell,0.1,0.1,,,,
7853,325387187,2024-11-11 17:02:50,3,0.0275,0.02828817,55.72,BTC-27DEC24-100000-C,84491.98,sell,5.0,5.0,,,,
7854,325387188,2024-11-11 17:02:50,3,0.0275,0.02828817,55.72,BTC-27DEC24-100000-C,84491.98,sell,9.1,9.1,,,,
7855,325387189,2024-11-11 17:02:50,3,0.0275,0.02828817,55.72,BTC-27DEC24-100000-C,84491.98,sell,3.6,3.6,,,,
7856,325387190,2024-11-11 17:02:50,3,0.0275,0.02828817,55.72,BTC-27DEC24-100000-C,84491.98,sell,8.0,8.0,,,,
7857,325387191,2024-11-11 17:02:50,3,0.0275,0.02828817,55.72,BTC-27DEC24-100000-C,84491.98,buy,9.1,9.1,,,,
7858,325387192,2024-11-11 17:02:50,3,0.0275,0.02828817,55.72,BTC-27DEC24-100000-C,84491.98,buy,1.0,1.0,,,,
7859,325387193,2024-11-11 17:02:50,3,0.0275,0.02828817,55.72,BTC-27DEC24-100000-C,84491.98,buy,0.1,0.1,,,,
7860,325389747,2024-11-11 17:11:06,0,0.028,0.02842623,55.48,BTC-27DEC24-100000-C,84795.14,sell,0.4,0.4,,,,
7861,325397836,2024-11-11 17:48:27,1,0.028,0.02820321,55.43,BTC-27DEC24-100000-C,84854.26,sell,0.1,0.1,,,,
7862,325402884,2024-11-11 18:03:55,2,0.026,0.02659523,54.64,BTC-27DEC24-100000-C,84477.02,sell,0.1,0.1,,,,
7863,325403403,2024-11-11 18:04:23,3,0.026,0.02667374,54.56,BTC-27DEC24-100000-C,84501.72,sell,0.1,0.1,,,,
7864,325403492,2024-11-11 18:04:38,0,0.0265,0.02671716,55.0,BTC-27DEC24-100000-C,84502.74,sell,0.1,0.1,,,,
7865,325403593,2024-11-11 18:04:53,2,0.026,0.026622,54.63,BTC-27DEC24-100000-C,84470.84,sell,0.1,0.1,,,,
7866,325406466,2024-11-11 18:13:36,0,0.0265,0.02653735,55.01,BTC-27DEC24-100000-C,84512.91,sell,2.0,2.0,,,,
7867,325409637,2024-11-11 18:29:01,0,0.027,0.02725666,54.73,BTC-27DEC24-100000-C,84820.14,buy,0.3,0.3,,,,
7868,325410640,2024-11-11 18:34:19,0,0.0275,0.02745397,54.92,BTC-27DEC24-100000-C,84936.48,buy,0.1,0.1,,,,
7869,325410641,2024-11-11 18:34:19,1,0.0275,0.02745397,54.92,BTC-27DEC24-100000-C,84936.48,buy,0.9,0.9,,,,
7870,325410993,2024-11-11 18:36:14,2,0.0274,0.0274257,54.85,BTC-27DEC24-100000-C,84934.69,sell,15.0,15.0,,167120,,
7871,325414398,2024-11-11 18:40:57,0,0.0285,0.02866102,54.73,BTC-27DEC24-100000-C,85382.75,buy,0.1,0.1,,,,
7872,325417033,2024-11-11 18:45:11,1,0.0285,0.02866647,54.93,BTC-27DEC24-100000-C,85277.67,sell,0.5,0.5,,,,
7873,325417760,2024-11-11 18:46:28,0,0.029,0.02847365,55.59,BTC-27DEC24-100000-C,85174.21,buy,0.2,0.2,,,,
7874,325418205,2024-11-11 18:48:08,0,0.0295,0.02911119,55.75,BTC-27DEC24-100000-C,85280.53,buy,0.1,0.1,,,,
7875,325419893,2024-11-11 18:50:46,0,0.0305,0.0303604,55.89,BTC-27DEC24-100000-C,85565.51,buy,0.3,0.3,,,,
7876,325420586,2024-11-11 18:52:26,0,0.031,0.03065227,56.08,BTC-27DEC24-100000-C,85658.91,buy,1.0,1.0,,,,
7877,325420602,2024-11-11 18:52:26,1,0.031,0.03065227,55.94,BTC-27DEC24-100000-C,85715.52,buy,1.0,1.0,,,,
7878,325420612,2024-11-11 18:52:27,1,0.031,0.03065227,55.94,BTC-27DEC24-100000-C,85715.52,buy,1.0,1.0,,,,
7879,325420798,2024-11-11 18:52:32,1,0.031,0.03086651,55.8,BTC-27DEC24-100000-C,85766.08,buy,0.7,0.7,,,,
7880,325420961,2024-11-11 18:52:44,1,0.031,0.03091813,55.86,BTC-27DEC24-100000-C,85738.4,buy,0.3,0.3,,,,
7881,325420962,2024-11-11 18:52:44,1,0.031,0.03091813,55.86,BTC-27DEC24-100000-C,85738.4,sell,1.0,1.0,,,,
7882,325420963,2024-11-11 18:52:44,1,0.031,0.03091813,55.86,BTC-27DEC24-100000-C,85738.4,sell,1.0,1.0,,,,
7883,325420964,2024-11-11 18:52:44,1,0.031,0.03091813,55.86,BTC-27DEC24-100000-C,85738.4,sell,1.0,1.0,,,,
7884,325420965,2024-11-11 18:52:44,1,0.031,0.03091813,55.86,BTC-27DEC24-100000-C,85738.4,sell,1.0,1.0,,,,
7885,325420967,2024-11-11 18:52:44,1,0.031,0.03091813,55.86,BTC-27DEC24-100000-C,85738.4,sell,1.0,1.0,,,,
7886,325420968,2024-11-11 18:52:44,1,0.031,0.03091813,55.86,BTC-27DEC24-100000-C,85738.4,sell,1.0,1.0,,,,
7887,325420969,2024-11-11 18:52:44,1,0.031,0.03091813,55.86,BTC-27DEC24-100000-C,85738.4,sell,1.0,1.0,,,,
7888,325420970,2024-11-11 18:52:44,1,0.031,0.03091813,55.86,BTC-27DEC24-100000-C,85738.4,sell,1.0,1.0,,,,
7889,325420971,2024-11-11 18:52:44,1,0.031,0.03091813,55.86,BTC-27DEC24-100000-C,85738.4,sell,1.0,1.0,,,,
7890,325420972,2024-11-11 18:52:44,1,0.031,0.03091813,55.86,BTC-27DEC24-100000-C,85738.4,sell,1.0,1.0,,,,
7891,325420973,2024-11-11 18:52:44,1,0.031,0.03091813,55.86,BTC-27DEC24-100000-C,85738.4,sell,1.0,1.0,,,,
7892,325420974,2024-11-11 18:52:44,1,0.031,0.03091813,55.86,BTC-27DEC24-100000-C,85738.4,sell,1.0,1.0,,,,
7893,325420975,2024-11-11 18:52:44,1,0.031,0.03091813,55.86,BTC-27DEC24-100000-C,85738.4,sell,1.0,1.0,,,,
7894,325420976,2024-11-11 18:52:44,1,0.031,0.03091813,55.86,BTC-27DEC24-100000-C,85738.4,sell,1.0,1.0,,,,
7895,325420977,2024-11-11 18:52:44,1,0.031,0.03091813,55.86,BTC-27DEC24-100000-C,85738.4,sell,1.0,1.0,,,,
7896,325420978,2024-11-11 18:52:44,1,0.031,0.03091813,55.86,BTC-27DEC24-100000-C,85738.4,sell,1.0,1.0,,,,
7897,325420979,2024-11-11 18:52:44,1,0.031,0.03091813,55.86,BTC-27DEC24-100000-C,85738.4,sell,1.0,1.0,,,,
7898,325420980,2024-11-11 18:52:44,1,0.031,0.03091813,55.86,BTC-27DEC24-100000-C,85738.4,sell,1.0,1.0,,,,
7899,325421012,2024-11-11 18:52:45,1,0.031,0.03093284,55.86,BTC-27DEC24-100000-C,85740.66,sell,1.0,1.0,,,,
7900,325421013,2024-11-11 18:52:45,1,0.031,0.03093284,55.86,BTC-27DEC24-100000-C,85740.66,sell,1.0,1.0,,,,
7901,325421014,2024-11-11 18:52:45,1,0.031,0.03093284,55.86,BTC-27DEC24-100000-C,85740.66,sell,1.0,1.0,,,,
7902,325421015,2024-11-11 18:52:45,1,0.031,0.03093284,55.86,BTC-27DEC24-100000-C,85740.66,sell,1.0,1.0,,,,
7903,325421016,2024-11-11 18:52:45,1,0.031,0.03093284,55.86,BTC-27DEC24-100000-C,85740.66,sell,1.0,1.0,,,,
7904,325421030,2024-11-11 18:52:46,1,0.031,0.03093997,55.85,BTC-27DEC24-100000-C,85745.84,sell,1.0,1.0,,,,
7905,325421031,2024-11-11 18:52:46,1,0.031,0.03093997,55.85,BTC-27DEC24-100000-C,85745.84,sell,0.7,0.7,,,,
7906,325421092,2024-11-11 18:52:57,1,0.031,0.03098194,55.81,BTC-27DEC24-100000-C,85757.76,buy,0.3,0.3,,,,
7907,325421093,2024-11-11 18:52:57,1,0.031,0.03098194,55.81,BTC-27DEC24-100000-C,85757.76,buy,1.0,1.0,,,,
7908,325421094,2024-11-11 18:52:57,1,0.031,0.03098194,55.81,BTC-27DEC24-100000-C,85757.76,buy,1.0,1.0,,,,
7909,325421095,2024-11-11 18:52:57,1,0.031,0.03098194,55.81,BTC-27DEC24-100000-C,85757.76,sell,1.0,1.0,,,,
7910,325421096,2024-11-11 18:52:57,1,0.031,0.03098194,55.81,BTC-27DEC24-100000-C,85757.76,sell,1.0,1.0,,,,
7911,325421097,2024-11-11 18:52:57,1,0.031,0.03098194,55.81,BTC-27DEC24-100000-C,85757.76,sell,1.0,1.0,,,,
7912,325421098,2024-11-11 18:52:57,1,0.031,0.03098194,55.81,BTC-27DEC24-100000-C,85757.76,sell,1.0,1.0,,,,
7913,325422056,2024-11-11 18:54:26,1,0.031,0.03068785,56.07,BTC-27DEC24-100000-C,85666.01,buy,1.0,1.0,,,,
7914,325422057,2024-11-11 18:54:26,1,0.031,0.03068785,56.07,BTC-27DEC24-100000-C,85666.01,buy,0.5,0.5,,,,
7915,325422194,2024-11-11 18:54:27,1,0.031,0.03069507,56.07,BTC-27DEC24-100000-C,85666.01,buy,1.0,1.0,,,,
7916,325422197,2024-11-11 18:54:27,1,0.031,0.03069507,56.07,BTC-27DEC24-100000-C,85666.01,buy,1.0,1.0,,,,
7917,325422209,2024-11-11 18:54:28,1,0.031,0.03069507,56.07,BTC-27DEC24-100000-C,85666.01,buy,1.0,1.0,,,,
7918,325422213,2024-11-11 18:54:28,1,0.031,0.03069507,56.07,BTC-27DEC24-100000-C,85666.01,buy,1.0,1.0,,,,
7919,325422216,2024-11-11 18:54:28,1,0.031,0.03069507,56.07,BTC-27DEC24-100000-C,85666.01,buy,1.0,1.0,,,,
7920,325422219,2024-11-11 18:54:28,1,0.031,0.03069507,56.07,BTC-27DEC24-100000-C,85666.01,buy,0.1,0.1,,,,
7921,325422220,2024-11-11 18:54:28,1,0.031,0.03069507,56.07,BTC-27DEC24-100000-C,85666.01,buy,0.9,0.9,,,,
7922,325422223,2024-11-11 18:54:28,1,0.031,0.03069507,56.07,BTC-27DEC24-100000-C,85666.01,buy,1.0,1.0,,,,
7923,325422224,2024-11-11 18:54:28,1,0.031,0.03069507,56.07,BTC-27DEC24-100000-C,85666.01,buy,1.0,1.0,,,,
7924,325422225,2024-11-11 18:54:28,1,0.031,0.03069507,56.07,BTC-27DEC24-100000-C,85666.01,buy,0.8,0.8,,,,
7925,325422234,2024-11-11 18:54:28,1,0.031,0.03069507,56.07,BTC-27DEC24-100000-C,85666.01,buy,0.2,0.2,,,,
7926,325422241,2024-11-11 18:54:28,1,0.031,0.03069507,55.83,BTC-27DEC24-100000-C,85762.09,buy,1.0,1.0,,,,
7927,325422243,2024-11-11 18:54:28,1,0.031,0.03069507,55.83,BTC-27DEC24-100000-C,85762.09,buy,1.0,1.0,,,,
7928,325422244,2024-11-11 18:54:28,1,0.031,0.03069507,55.83,BTC-27DEC24-100000-C,85762.09,buy,1.0,1.0,,,,
7929,325422246,2024-11-11 18:54:28,1,0.031,0.03069507,55.83,BTC-27DEC24-100000-C,85762.09,buy,1.0,1.0,,,,
7930,325422248,2024-11-11 18:54:29,1,0.031,0.03069507,55.83,BTC-27DEC24-100000-C,85762.09,buy,1.0,1.0,,,,
7931,325422249,2024-11-11 18:54:29,1,0.031,0.03069507,55.83,BTC-27DEC24-100000-C,85762.09,buy,1.0,1.0,,,,
7932,325422253,2024-11-11 18:54:29,1,0.031,0.03069507,55.83,BTC-27DEC24-100000-C,85762.09,buy,1.0,1.0,,,,
7933,325422255,2024-11-11 18:54:29,1,0.031,0.03069507,55.83,BTC-27DEC24-100000-C,85762.09,buy,1.0,1.0,,,,
7934,325422257,2024-11-11 18:54:29,1,0.031,0.03069507,55.83,BTC-27DEC24-100000-C,85762.09,buy,1.0,1.0,,,,
7935,325422258,2024-11-11 18:54:29,1,0.031,0.03069507,55.83,BTC-27DEC24-100000-C,85762.09,buy,1.0,1.0,,,,
7936,325422293,2024-11-11 18:54:30,1,0.031,0.03100801,55.8,BTC-27DEC24-100000-C,85772.44,buy,0.7,0.7,,,,
7937,325422333,2024-11-11 18:54:32,1,0.031,0.03100729,55.82,BTC-27DEC24-100000-C,85766.9,buy,0.3,0.3,,,,
7938,325422421,2024-11-11 18:54:37,1,0.031,0.03089703,55.91,BTC-27DEC24-100000-C,85729.59,buy,1.0,1.0,,,,
7939,325422435,2024-11-11 18:54:40,1,0.031,0.03087663,55.86,BTC-27DEC24-100000-C,85752.05,buy,1.0,1.0,,,,
7940,325422494,2024-11-11 18:54:42,1,0.031,0.03095468,55.8,BTC-27DEC24-100000-C,85775.89,buy,1.0,1.0,,,,
7941,325422500,2024-11-11 18:54:45,1,0.031,0.03101234,55.74,BTC-27DEC24-100000-C,85798.47,buy,1.0,1.0,,,,
7942,325422580,2024-11-11 18:54:47,1,0.031,0.03108206,55.73,BTC-27DEC24-100000-C,85800.3,buy,1.0,1.0,,,,
7943,325422581,2024-11-11 18:54:47,1,0.031,0.03108574,55.71,BTC-27DEC24-100000-C,85809.06,buy,0.9,0.9,,,,
7944,325422585,2024-11-11 18:54:48,1,0.031,0.03108574,55.71,BTC-27DEC24-100000-C,85809.06,buy,0.1,0.1,,,,
7945,325422594,2024-11-11 18:54:48,1,0.031,0.03108574,55.71,BTC-27DEC24-100000-C,85809.06,buy,1.0,1.0,,,,
7946,325422600,2024-11-11 18:54:48,1,0.031,0.03108574,55.71,BTC-27DEC24-100000-C,85809.06,buy,1.0,1.0,,,,
7947,325422602,2024-11-11 18:54:48,1,0.031,0.03108574,55.71,BTC-27DEC24-100000-C,85809.06,buy,0.3,0.3,,,,
7948,325422624,2024-11-11 18:54:49,1,0.031,0.03111759,55.62,BTC-27DEC24-100000-C,85844.92,buy,0.7,0.7,,,,
7949,325422625,2024-11-11 18:54:49,1,0.031,0.03111759,55.62,BTC-27DEC24-100000-C,85844.92,buy,1.0,1.0,,,,
7950,325422631,2024-11-11 18:54:49,1,0.031,0.03111717,55.58,BTC-27DEC24-100000-C,85860.67,buy,1.0,1.0,,,,
7951,325422632,2024-11-11 18:54:49,1,0.031,0.03111717,55.58,BTC-27DEC24-100000-C,85860.67,buy,1.0,1.0,,,,
7952,325422646,2024-11-11 18:54:50,1,0.031,0.03111717,55.58,BTC-27DEC24-100000-C,85860.67,buy,1.0,1.0,,,,
7953,325422661,2024-11-11 18:54:50,1,0.031,0.03111717,55.58,BTC-27DEC24-100000-C,85860.67,buy,1.0,1.0,,,,
7954,325422669,2024-11-11 18:54:50,1,0.031,0.03122366,55.54,BTC-27DEC24-100000-C,85872.82,buy,1.0,1.0,,,,
7955,325422675,2024-11-11 18:54:51,1,0.031,0.03122366,55.54,BTC-27DEC24-100000-C,85872.82,buy,1.0,1.0,,,,
7956,325422719,2024-11-11 18:54:52,1,0.031,0.03127135,55.52,BTC-27DEC24-100000-C,85881.03,buy,1.0,1.0,,,,
7957,325422720,2024-11-11 18:54:52,1,0.031,0.03127135,55.52,BTC-27DEC24-100000-C,85881.03,sell,1.0,1.0,,,,
7958,325422721,2024-11-11 18:54:52,1,0.031,0.03127135,55.52,BTC-27DEC24-100000-C,85881.03,sell,1.0,1.0,,,,
7959,325422722,2024-11-11 18:54:52,1,0.031,0.03127135,55.52,BTC-27DEC24-100000-C,85881.03,sell,1.0,1.0,,,,
7960,325422723,2024-11-11 18:54:52,1,0.031,0.03127135,55.52,BTC-27DEC24-100000-C,85881.03,sell,1.0,1.0,,,,
7961,325422724,2024-11-11 18:54:52,1,0.031,0.03127135,55.52,BTC-27DEC24-100000-C,85881.03,sell,1.0,1.0,,,,
7962,325422725,2024-11-11 18:54:52,1,0.031,0.03127135,55.52,BTC-27DEC24-100000-C,85881.03,sell,1.0,1.0,,,,
7963,325422726,2024-11-11 18:54:52,1,0.031,0.03127135,55.52,BTC-27DEC24-100000-C,85881.03,sell,1.0,1.0,,,,
7964,325422727,2024-11-11 18:54:52,1,0.031,0.03127135,55.52,BTC-27DEC24-100000-C,85881.03,sell,1.0,1.0,,,,
7965,325422728,2024-11-11 18:54:52,1,0.031,0.03127135,55.52,BTC-27DEC24-100000-C,85881.03,sell,1.0,1.0,,,,
7966,325422736,2024-11-11 18:54:52,1,0.031,0.03127135,55.52,BTC-27DEC24-100000-C,85881.03,sell,1.0,1.0,,,,
7967,325422737,2024-11-11 18:54:52,1,0.031,0.03127135,55.52,BTC-27DEC24-100000-C,85881.03,sell,1.0,1.0,,,,
7968,325422739,2024-11-11 18:54:52,1,0.031,0.03127135,55.52,BTC-27DEC24-100000-C,85881.03,sell,1.0,1.0,,,,
7969,325422740,2024-11-11 18:54:52,1,0.031,0.03127135,55.52,BTC-27DEC24-100000-C,85881.03,sell,1.0,1.0,,,,
7970,325422741,2024-11-11 18:54:52,1,0.031,0.03127135,55.52,BTC-27DEC24-100000-C,85881.03,sell,1.0,1.0,,,,
7971,325422742,2024-11-11 18:54:52,1,0.031,0.03127135,55.52,BTC-27DEC24-100000-C,85881.03,sell,1.0,1.0,,,,
7972,325422744,2024-11-11 18:54:52,1,0.031,0.03127135,55.52,BTC-27DEC24-100000-C,85881.03,sell,1.0,1.0,,,,
7973,325422745,2024-11-11 18:54:52,1,0.031,0.03127135,55.52,BTC-27DEC24-100000-C,85881.03,sell,1.0,1.0,,,,
7974,325422746,2024-11-11 18:54:52,1,0.031,0.03127135,55.52,BTC-27DEC24-100000-C,85881.03,sell,1.0,1.0,,,,
7975,325422748,2024-11-11 18:54:53,1,0.031,0.03130957,55.57,BTC-27DEC24-100000-C,85861.35,sell,1.0,1.0,,,,
7976,325422749,2024-11-11 18:54:53,1,0.031,0.03130957,55.57,BTC-27DEC24-100000-C,85861.35,buy,1.0,1.0,,,,
7977,325422760,2024-11-11 18:54:56,1,0.031,0.03127647,55.58,BTC-27DEC24-100000-C,85857.39,buy,1.0,1.0,,,,
7978,325422761,2024-11-11 18:54:58,1,0.031,0.03126736,55.6,BTC-27DEC24-100000-C,85847.0,buy,1.0,1.0,,,,
7979,325422765,2024-11-11 18:54:58,1,0.031,0.03126736,55.6,BTC-27DEC24-100000-C,85847.0,buy,1.0,1.0,,,,
7980,325422767,2024-11-11 18:54:58,1,0.031,0.03124738,55.61,BTC-27DEC24-100000-C,85844.93,buy,1.0,1.0,,,,
7981,325422774,2024-11-11 18:55:01,1,0.031,0.03123091,55.6,BTC-27DEC24-100000-C,85846.44,buy,1.0,1.0,,,,
7982,325422777,2024-11-11 18:55:01,1,0.031,0.03123363,55.61,BTC-27DEC24-100000-C,85843.27,buy,0.1,0.1,,,,
7983,325422819,2024-11-11 18:55:03,1,0.031,0.03123602,55.64,BTC-27DEC24-100000-C,85830.06,buy,0.9,0.9,,,,
7984,325422878,2024-11-11 18:55:05,1,0.031,0.03114001,55.78,BTC-27DEC24-100000-C,85772.12,buy,0.1,0.1,,,,
7985,325422943,2024-11-11 18:55:13,1,0.031,0.0310549,55.77,BTC-27DEC24-100000-C,85775.82,buy,0.1,0.1,,,,
7986,325422956,2024-11-11 18:55:16,1,0.031,0.03103083,55.75,BTC-27DEC24-100000-C,85784.17,buy,0.1,0.1,,,,
7987,325422961,2024-11-11 18:55:18,1,0.031,0.0310555,55.74,BTC-27DEC24-100000-C,85785.61,buy,0.1,0.1,,,,
7988,325422977,2024-11-11 18:55:21,1,0.031,0.03107373,55.74,BTC-27DEC24-100000-C,85786.26,buy,0.1,0.1,,,,
7989,325425870,2024-11-11 19:02:35,1,0.031,0.03123834,55.71,BTC-27DEC24-100000-C,85821.61,buy,0.7,0.7,,,,
7990,325427889,2024-11-11 19:05:35,1,0.031,0.031032,55.83,BTC-27DEC24-100000-C,85770.41,buy,6.0,6.0,,,,
7991,325427893,2024-11-11 19:05:35,1,0.031,0.031032,55.83,BTC-27DEC24-100000-C,85770.41,buy,14.0,14.0,,,,
7992,325428995,2024-11-11 19:06:54,0,0.032,0.03175759,55.99,BTC-27DEC24-100000-C,86047.78,buy,8.6,8.6,,,,
7993,325429274,2024-11-11 19:06:56,0,0.0325,0.03189035,56.1,BTC-27DEC24-100000-C,86173.87,buy,0.1,0.1,,,,
7994,325430499,2024-11-11 19:07:10,0,0.034,0.03311654,56.11,BTC-27DEC24-100000-C,86652.59,buy,0.8,0.8,,,,
7995,325430874,2024-11-11 19:07:13,1,0.034,0.03342003,55.9,BTC-27DEC24-100000-C,86733.82,sell,1.0,1.0,,,,M
7996,325435597,2024-11-11 19:11:45,2,0.032,0.03208614,55.88,BTC-27DEC24-100000-C,86077.63,buy,0.7,0.7,,,,
7997,325435714,2024-11-11 19:12:02,3,0.032,0.03189137,56.05,BTC-27DEC24-100000-C,86011.08,buy,8.8,8.8,,,,
7998,325435715,2024-11-11 19:12:02,3,0.032,0.03189137,56.05,BTC-27DEC24-100000-C,86011.08,buy,0.1,0.1,,,,
7999,325437352,2024-11-11 19:13:50,2,0.031,0.03115786,55.78,BTC-27DEC24-100000-C,85778.42,buy,0.1,0.1,,,,
8000,325437357,2024-11-11 19:13:52,3,0.031,0.03114757,55.8,BTC-27DEC24-100000-C,85771.1,buy,0.1,0.1,,,,
8001,325437551,2024-11-11 19:14:46,3,0.031,0.0312118,55.67,BTC-27DEC24-100000-C,85817.53,buy,8.8,8.8,,,,
8002,325437552,2024-11-11 19:14:46,3,0.031,0.0312118,55.67,BTC-27DEC24-100000-C,85817.53,buy,0.1,0.1,,,,
8003,325437553,2024-11-11 19:14:48,3,0.031,0.0312638,55.66,BTC-27DEC24-100000-C,85822.63,buy,8.8,8.8,,,,
8004,325437583,2024-11-11 19:14:54,3,0.031,0.0313329,55.6,BTC-27DEC24-100000-C,85845.35,buy,1.8,1.8,,,,
8005,325437584,2024-11-11 19:14:54,3,0.031,0.0313329,55.6,BTC-27DEC24-100000-C,85845.35,buy,0.1,0.1,,,,
8006,325437587,2024-11-11 19:14:54,3,0.031,0.03134217,55.59,BTC-27DEC24-100000-C,85850.82,buy,0.1,0.1,,,,
8007,325437589,2024-11-11 19:14:54,3,0.031,0.03134217,55.59,BTC-27DEC24-100000-C,85850.82,buy,0.1,0.1,,,,
8008,325437590,2024-11-11 19:14:54,3,0.031,0.03134217,55.59,BTC-27DEC24-100000-C,85850.82,buy,0.1,0.1,,,,
8009,325437591,2024-11-11 19:14:55,3,0.031,0.0313359,55.57,BTC-27DEC24-100000-C,85860.36,buy,0.1,0.1,,,,
8010,325437944,2024-11-11 19:15:31,3,0.031,0.03103996,55.84,BTC-27DEC24-100000-C,85752.27,buy,8.9,8.9,,,,
8011,325438044,2024-11-11 19:15:50,3,0.031,0.03095357,55.86,BTC-27DEC24-100000-C,85745.26,buy,2.2,2.2,,,,
8012,325438045,2024-11-11 19:15:50,3,0.031,0.03095357,55.86,BTC-27DEC24-100000-C,85745.26,buy,1.9,1.9,,,,
8013,325438180,2024-11-11 19:16:16,3,0.031,0.03112359,55.75,BTC-27DEC24-100000-C,85788.01,buy,8.8,8.8,,,,
8014,325438181,2024-11-11 19:16:16,3,0.031,0.03112359,55.75,BTC-27DEC24-100000-C,85788.01,buy,0.1,0.1,,,,
8015,325438191,2024-11-11 19:16:20,3,0.031,0.03120638,55.68,BTC-27DEC24-100000-C,85818.72,buy,8.8,8.8,,,,
8016,325438200,2024-11-11 19:16:21,3,0.031,0.03122132,55.66,BTC-27DEC24-100000-C,85824.55,buy,2.3,2.3,,,,
8017,325440422,2024-11-11 19:21:22,0,0.0325,0.03253963,55.89,BTC-27DEC24-100000-C,86246.48,buy,0.1,0.1,,,,
8018,325440492,2024-11-11 19:21:28,1,0.0325,0.03250173,55.96,BTC-27DEC24-100000-C,86217.26,buy,0.1,0.1,,,,
8019,325440522,2024-11-11 19:21:28,1,0.0325,0.03250173,55.96,BTC-27DEC24-100000-C,86217.26,buy,0.6,0.6,,,,
8020,325441564,2024-11-11 19:22:56,0,0.033,0.03270438,56.37,BTC-27DEC24-100000-C,86209.53,sell,10.0,10.0,,,,
8021,325442546,2024-11-11 19:24:43,2,0.0325,0.0323316,56.23,BTC-27DEC24-100000-C,86095.86,buy,2.0,2.0,,,,
8022,325442841,2024-11-11 19:25:30,2,0.032,0.03237639,55.83,BTC-27DEC24-100000-C,86097.13,sell,0.1,0.1,BTC-CS-27DEC24-90000_100000,,325442840,
8023,325443195,2024-11-11 19:26:36,0,0.0325,0.03239632,56.21,BTC-27DEC24-100000-C,86115.04,buy,1.1,1.1,,,,
8024,325443264,2024-11-11 19:26:48,0,0.033,0.03232229,56.7,BTC-27DEC24-100000-C,86088.68,buy,0.1,0.1,,,,
8025,325445176,2024-11-11 19:31:27,2,0.0325,0.0328468,55.9,BTC-27DEC24-100000-C,86224.53,sell,0.8,0.8,,,,
8026,325447828,2024-11-11 19:36:26,0,0.035,0.03419349,57.24,BTC-27DEC24-100000-C,86512.95,buy,0.1,0.1,,,,
8027,325447829,2024-11-11 19:36:26,1,0.035,0.03419349,57.24,BTC-27DEC24-100000-C,86512.95,buy,5.0,5.0,,,,
8028,325447830,2024-11-11 19:36:26,1,0.035,0.03419349,57.24,BTC-27DEC24-100000-C,86512.95,buy,2.8,2.8,,,,
8029,325447831,2024-11-11 19:36:26,1,0.035,0.03419349,57.24,BTC-27DEC24-100000-C,86512.95,buy,0.1,0.1,,,,
8030,325450698,2024-11-11 19:41:28,2,0.034,0.03430723,56.67,BTC-27DEC24-100000-C,86382.02,sell,0.7,0.7,,,,
8031,325452988,2024-11-11 19:47:09,0,0.0355,0.03475189,57.73,BTC-27DEC24-100000-C,86466.83,buy,4.0,4.0,,,,
8032,325452989,2024-11-11 19:47:09,1,0.0355,0.03475189,57.73,BTC-27DEC24-100000-C,86466.83,buy,0.1,0.1,,,,
8033,325452990,2024-11-11 19:47:09,1,0.0355,0.03475189,57.73,BTC-27DEC24-100000-C,86466.83,buy,2.4,2.4,,,,
8034,325452991,2024-11-11 19:47:09,1,0.0355,0.03475189,57.73,BTC-27DEC24-100000-C,86466.83,buy,1.0,1.0,,,,
8035,325455001,2024-11-11 19:51:46,1,0.0355,0.03532125,57.78,BTC-27DEC24-100000-C,86429.14,buy,0.8,0.8,,,,
8036,325455474,2024-11-11 19:52:44,2,0.0348,0.03523027,57.32,BTC-27DEC24-100000-C,86388.17,sell,1.5,1.5,BTC-CS-27DEC24-90000_100000,,325455473,
8037,325456428,2024-11-11 19:53:49,0,0.035,0.03481838,57.9,BTC-27DEC24-100000-C,86238.1,sell,0.2,0.2,,,,
8038,325457221,2024-11-11 19:55:09,0,0.0355,0.03512959,58.03,BTC-27DEC24-100000-C,86352.95,buy,8.7,8.7,,,,
8039,325458200,2024-11-11 19:58:47,2,0.035,0.03500893,57.77,BTC-27DEC24-100000-C,86294.45,sell,0.1,0.1,,,,
8040,325458313,2024-11-11 19:59:09,3,0.035,0.03495896,57.86,BTC-27DEC24-100000-C,86259.5,sell,0.1,0.1,,,,
8041,325459290,2024-11-11 20:01:46,0,0.0355,0.03576565,57.67,BTC-27DEC24-100000-C,86513.91,sell,0.1,0.1,,,,
8042,325459673,2024-11-11 20:02:53,0,0.0357,0.03548415,58.1,BTC-27DEC24-100000-C,86410.59,sell,10.0,10.0,BTC-CCOND-27DEC24-70000_80000_90000_100000,167155,,
8043,325459996,2024-11-11 20:03:51,1,0.0357,0.03588646,57.81,BTC-27DEC24-100000-C,86526.77,sell,10.0,10.0,BTC-CCOND-27DEC24-70000_80000_90000_100000,167157,,
8044,325461027,2024-11-11 20:06:23,1,0.0357,0.03589433,57.82,BTC-27DEC24-100000-C,86521.42,buy,6.3,6.3,BTC-CCOND-27DEC24-70000_80000_90000_100000,167158,,
8045,325463295,2024-11-11 20:08:45,0,0.0365,0.03654448,58.0,BTC-27DEC24-100000-C,86722.96,sell,13.7,13.7,BTC-CCOND-27DEC24-70000_80000_90000_100000,167159,,
8046,325467860,2024-11-11 20:13:47,0,0.0385,0.03812375,58.35,BTC-27DEC24-100000-C,87198.5,sell,1.0,1.0,,,,
8047,325468914,2024-11-11 20:15:11,1,0.0385,0.03863323,57.98,BTC-27DEC24-100000-C,87337.59,sell,2.0,2.0,,,,
8048,325468915,2024-11-11 20:15:11,1,0.0385,0.03863323,57.98,BTC-27DEC24-100000-C,87337.59,sell,1.9,1.9,,,,
8049,325471391,2024-11-11 20:17:18,1,0.0385,0.03831733,58.46,BTC-27DEC24-100000-C,87130.73,sell,6.0,6.0,,,,
8050,325471392,2024-11-11 20:17:18,1,0.0385,0.03831733,58.46,BTC-27DEC24-100000-C,87130.73,sell,5.0,5.0,,,,
8051,325471606,2024-11-11 20:17:51,0,0.0387,0.03838375,58.58,BTC-27DEC24-100000-C,87147.74,sell,0.1,0.1,BTC-CDIAG-27DEC24_29NOV24-100000_90000,,325471605,
8052,325472428,2024-11-11 20:19:00,2,0.0386,0.03832173,58.56,BTC-27DEC24-100000-C,87134.96,buy,200.0,200.0,BTC-CSR12-27DEC24-90000_100000,167164,,
8053,325472494,2024-11-11 20:19:02,2,0.0385,0.0383219,58.49,BTC-27DEC24-100000-C,87134.13,buy,2.8,2.8,,,,
8054,325474975,2024-11-11 20:24:04,3,0.0385,0.0382037,58.61,BTC-27DEC24-100000-C,87047.78,buy,1.1,1.1,,,,
8055,325474976,2024-11-11 20:24:04,3,0.0385,0.0382037,58.61,BTC-27DEC24-100000-C,87047.78,buy,0.1,0.1,,,,
8056,325474977,2024-11-11 20:24:04,3,0.0385,0.0382037,58.61,BTC-27DEC24-100000-C,87047.78,sell,7.7,7.7,,,,
8057,325474978,2024-11-11 20:24:04,3,0.0385,0.03821195,58.61,BTC-27DEC24-100000-C,87048.66,sell,1.1,1.1,,,,
8058,325475068,2024-11-11 20:24:16,3,0.0385,0.03822476,58.63,BTC-27DEC24-100000-C,87031.91,sell,3.0,3.0,,,,
8059,325475140,2024-11-11 20:24:25,3,0.0385,0.03821028,58.66,BTC-27DEC24-100000-C,87011.28,sell,3.2,3.2,,,,
8060,325475183,2024-11-11 20:24:28,3,0.0385,0.03817867,58.69,BTC-27DEC24-100000-C,87002.18,sell,0.7,0.7,,,,
8061,325475221,2024-11-11 20:24:32,3,0.0385,0.03814026,58.71,BTC-27DEC24-100000-C,86996.82,sell,2.5,2.5,,,,
8062,325475222,2024-11-11 20:24:32,3,0.0385,0.03814026,58.71,BTC-27DEC24-100000-C,86996.82,sell,0.6,0.6,,,,
8063,325476678,2024-11-11 20:26:57,2,0.038,0.03844807,58.12,BTC-27DEC24-100000-C,87101.1,sell,1.0,1.0,,,,
8064,325476679,2024-11-11 20:26:57,3,0.038,0.03844807,58.12,BTC-27DEC24-100000-C,87101.1,sell,2.0,2.0,,,,
8065,325477235,2024-11-11 20:28:06,0,0.0385,0.03833193,58.62,BTC-27DEC24-100000-C,87070.16,sell,1.5,1.5,,,,
8066,325477241,2024-11-11 20:28:06,1,0.0385,0.03833193,58.62,BTC-27DEC24-100000-C,87070.16,sell,3.8,3.8,,,,
8067,325477392,2024-11-11 20:28:33,1,0.0385,0.03816419,58.79,BTC-27DEC24-100000-C,87009.31,sell,1.9,1.9,,,,
8068,325477450,2024-11-11 20:28:45,1,0.0385,0.03820719,58.84,BTC-27DEC24-100000-C,86985.91,sell,0.1,0.1,,,,
8069,325477458,2024-11-11 20:28:53,1,0.0385,0.03828786,58.84,BTC-27DEC24-100000-C,86984.61,sell,2.7,2.7,,,,
8070,325478046,2024-11-11 20:30:35,1,0.0385,0.03840513,58.86,BTC-27DEC24-100000-C,86989.08,sell,1.6,1.6,,,,
8071,325478047,2024-11-11 20:30:35,1,0.0385,0.03840513,58.86,BTC-27DEC24-100000-C,86989.08,sell,0.2,0.2,,,,
8072,325478054,2024-11-11 20:30:36,1,0.0385,0.03840585,58.9,BTC-27DEC24-100000-C,86976.76,sell,0.1,0.1,,,,
8073,325478057,2024-11-11 20:30:37,1,0.0385,0.03836599,58.93,BTC-27DEC24-100000-C,86962.88,sell,0.1,0.1,,,,
8074,325478060,2024-11-11 20:30:37,1,0.0385,0.03836599,58.93,BTC-27DEC24-100000-C,86962.88,sell,1.5,1.5,,,,
8075,325478061,2024-11-11 20:30:38,1,0.0385,0.03836599,58.93,BTC-27DEC24-100000-C,86962.88,sell,0.1,0.1,,,,
8076,325478063,2024-11-11 20:30:38,1,0.0385,0.03832129,58.98,BTC-27DEC24-100000-C,86946.24,sell,2.0,2.0,,,,
8077,325478064,2024-11-11 20:30:38,1,0.0385,0.03832129,58.98,BTC-27DEC24-100000-C,86946.24,sell,0.1,0.1,,,,
8078,325478068,2024-11-11 20:30:39,1,0.0385,0.03826841,58.99,BTC-27DEC24-100000-C,86940.38,sell,0.1,0.1,,,,
8079,325478069,2024-11-11 20:30:39,1,0.0385,0.03826841,58.99,BTC-27DEC24-100000-C,86940.38,sell,0.1,0.1,,,,
8080,325478072,2024-11-11 20:30:40,1,0.0385,0.03826937,59.01,BTC-27DEC24-100000-C,86931.37,sell,3.2,3.2,,,,
8081,325478075,2024-11-11 20:30:41,1,0.0385,0.03822281,59.02,BTC-27DEC24-100000-C,86927.63,sell,0.4,0.4,,,,
8082,325478108,2024-11-11 20:30:42,1,0.0385,0.03821136,59.04,BTC-27DEC24-100000-C,86922.69,sell,0.1,0.1,,,,
8083,325478109,2024-11-11 20:30:42,1,0.0385,0.03821136,59.04,BTC-27DEC24-100000-C,86922.69,sell,0.1,0.1,,,,
8084,325478112,2024-11-11 20:30:42,1,0.0385,0.03821136,59.04,BTC-27DEC24-100000-C,86922.69,sell,0.3,0.3,,,,
8085,325478114,2024-11-11 20:30:42,1,0.0385,0.03821136,59.04,BTC-27DEC24-100000-C,86922.69,sell,0.1,0.1,,,,
8086,325478116,2024-11-11 20:30:42,1,0.0385,0.03821136,59.04,BTC-27DEC24-100000-C,86922.69,sell,1.4,1.4,,,,
8087,325479181,2024-11-11 20:33:06,1,0.0385,0.03851294,59.02,BTC-27DEC24-100000-C,86912.76,buy,5.0,5.0,,,,
8088,325479474,2024-11-11 20:33:41,0,0.039,0.03898347,59.03,BTC-27DEC24-100000-C,87068.36,buy,1.4,1.4,,,,
8089,325480597,2024-11-11 20:37:11,0,0.0395,0.03899387,59.49,BTC-27DEC24-100000-C,87043.43,buy,14.4,14.4,,,,
8090,325480598,2024-11-11 20:37:11,1,0.0395,0.03899387,59.49,BTC-27DEC24-100000-C,87043.43,buy,4.1,4.1,,,,
8091,325480599,2024-11-11 20:37:11,1,0.0395,0.03899387,59.49,BTC-27DEC24-100000-C,87043.43,buy,0.7,0.7,,,,
8092,325480600,2024-11-11 20:37:11,1,0.0395,0.03899387,59.49,BTC-27DEC24-100000-C,87043.43,buy,3.0,3.0,,,,
8093,325483608,2024-11-11 20:42:24,2,0.039,0.03950182,58.72,BTC-27DEC24-100000-C,87212.21,sell,3.5,3.5,,,,
8094,325484515,2024-11-11 20:44:54,3,0.039,0.03925886,58.91,BTC-27DEC24-100000-C,87138.26,sell,0.5,0.5,,,,
8095,325484699,2024-11-11 20:45:30,3,0.039,0.0391923,59.01,BTC-27DEC24-100000-C,87100.31,buy,5.0,5.0,,,,
8096,325484965,2024-11-11 20:46:30,3,0.039,0.03896697,59.09,BTC-27DEC24-100000-C,87066.45,buy,5.0,5.0,,,,
8097,325485707,2024-11-11 20:48:55,0,0.0395,0.03948984,58.98,BTC-27DEC24-100000-C,87264.24,sell,5.0,5.0,,,,
8098,325485789,2024-11-11 20:49:00,0,0.04,0.03951567,59.44,BTC-27DEC24-100000-C,87242.04,buy,15.0,15.0,,,,
8099,325485986,2024-11-11 20:49:44,0,0.0405,0.03969988,59.63,BTC-27DEC24-100000-C,87314.11,buy,15.0,15.0,,,,
8100,325486224,2024-11-11 20:50:14,2,0.0395,0.0395215,59.02,BTC-27DEC24-100000-C,87243.45,buy,0.3,0.3,,,,
8101,325487294,2024-11-11 20:51:54,0,0.04,0.04040285,58.74,BTC-27DEC24-100000-C,87486.01,sell,0.1,0.1,,,,
8102,325487324,2024-11-11 20:52:02,1,0.04,0.04043042,58.71,BTC-27DEC24-100000-C,87501.64,sell,0.1,0.1,,,,
8103,325488003,2024-11-11 20:52:32,0,0.0405,0.04012337,59.34,BTC-27DEC24-100000-C,87404.31,buy,0.7,0.7,,,,
8104,325488004,2024-11-11 20:52:32,1,0.0405,0.04012337,59.34,BTC-27DEC24-100000-C,87404.31,buy,1.8,1.8,,,,
8105,325490144,2024-11-11 20:59:02,2,0.0385,0.03852779,59.2,BTC-27DEC24-100000-C,86897.15,sell,5.0,5.0,,,,
8106,325491463,2024-11-11 21:01:16,0,0.039,0.03887543,59.35,BTC-27DEC24-100000-C,86981.53,sell,5.0,5.0,,,,
8107,325491554,2024-11-11 21:01:26,1,0.039,0.03904031,59.25,BTC-27DEC24-100000-C,87009.3,sell,0.4,0.4,,,,
8108,325492179,2024-11-11 21:02:42,1,0.039,0.03894313,59.46,BTC-27DEC24-100000-C,86906.28,sell,0.1,0.1,,,,
8109,325492180,2024-11-11 21:02:42,1,0.039,0.03894313,59.46,BTC-27DEC24-100000-C,86906.28,sell,0.2,0.2,,,,
8110,325492235,2024-11-11 21:02:55,1,0.039,0.03888009,59.53,BTC-27DEC24-100000-C,86876.77,sell,0.2,0.2,,,,
8111,325492845,2024-11-11 21:04:16,0,0.0395,0.03960814,59.55,BTC-27DEC24-100000-C,87022.3,sell,0.1,0.1,,,,
8112,325493211,2024-11-11 21:05:09,0,0.0401,0.03976311,59.92,BTC-27DEC24-100000-C,87070.73,sell,10.0,10.0,BTC-CCOND-27DEC24-70000_80000_90000_100000,167173,,
8113,325494045,2024-11-11 21:07:51,2,0.04,0.04019477,59.66,BTC-27DEC24-100000-C,87140.28,buy,1.0,1.0,,,,
8114,325494239,2024-11-11 21:08:45,3,0.04,0.04019145,59.61,BTC-27DEC24-100000-C,87155.45,buy,1.0,1.0,,,,
8115,325494563,2024-11-11 21:10:07,3,0.04,0.04009403,59.73,BTC-27DEC24-100000-C,87116.27,buy,1.0,1.0,,,,
8116,325495449,2024-11-11 21:12:49,3,0.04,0.0402349,59.51,BTC-27DEC24-100000-C,87186.87,buy,0.3,0.3,,,,
8117,325497305,2024-11-11 21:17:06,0,0.0415,0.041085,59.99,BTC-27DEC24-100000-C,87460.25,buy,0.1,0.1,,,,T
8118,325497306,2024-11-11 21:17:06,1,0.0415,0.041085,59.99,BTC-27DEC24-100000-C,87460.25,buy,1.9,1.9,,,,T
8119,325497468,2024-11-11 21:17:08,1,0.0415,0.04115543,59.85,BTC-27DEC24-100000-C,87512.93,buy,1.3,1.3,,,,
8120,325498869,2024-11-11 21:17:56,0,0.0425,0.04216339,59.98,BTC-27DEC24-100000-C,87768.63,buy,3.1,3.1,,,,
8121,325498870,2024-11-11 21:17:56,1,0.0425,0.04216339,59.98,BTC-27DEC24-100000-C,87768.63,sell,1.9,1.9,,,,
8122,325501424,2024-11-11 21:21:20,2,0.042,0.04238205,59.49,BTC-27DEC24-100000-C,87809.64,sell,0.4,0.4,,,,
8123,325501540,2024-11-11 21:21:32,0,0.0425,0.04268014,59.68,BTC-27DEC24-100000-C,87885.14,sell,0.1,0.1,,,,
8124,325501992,2024-11-11 21:22:00,1,0.0425,0.04291032,59.51,BTC-27DEC24-100000-C,87940.81,sell,0.5,0.5,,,,
8125,325504714,2024-11-11 21:24:51,0,0.0435,0.04305543,60.22,BTC-27DEC24-100000-C,87952.37,buy,0.1,0.1,,,,
8126,325505574,2024-11-11 21:26:25,1,0.0435,0.04358538,59.83,BTC-27DEC24-100000-C,88098.09,buy,0.2,0.2,,,,
8127,325505783,2024-11-11 21:26:33,0,0.044,0.04359491,60.09,BTC-27DEC24-100000-C,88148.34,buy,1.0,1.0,,,,
8128,325505784,2024-11-11 21:26:33,1,0.044,0.04359491,60.09,BTC-27DEC24-100000-C,88148.34,buy,0.1,0.1,,,,
8129,325506189,2024-11-11 21:26:49,1,0.044,0.04362385,60.23,BTC-27DEC24-100000-C,88094.39,buy,0.4,0.4,,,,
8130,325506448,2024-11-11 21:27:05,1,0.044,0.04380774,60.02,BTC-27DEC24-100000-C,88181.14,buy,0.1,0.1,,,,
8131,325506611,2024-11-11 21:27:08,1,0.044,0.04403958,59.74,BTC-27DEC24-100000-C,88289.41,buy,0.5,0.5,,,,
8132,325506615,2024-11-11 21:27:08,1,0.044,0.04403958,59.74,BTC-27DEC24-100000-C,88289.41,buy,1.0,1.0,,,,
8133,325506623,2024-11-11 21:27:08,1,0.044,0.04403958,59.74,BTC-27DEC24-100000-C,88289.41,buy,1.0,1.0,,,,
8134,325506636,2024-11-11 21:27:08,1,0.044,0.04403958,59.74,BTC-27DEC24-100000-C,88289.41,buy,1.0,1.0,,,,
8135,325506637,2024-11-11 21:27:09,1,0.044,0.04403958,59.74,BTC-27DEC24-100000-C,88289.41,buy,1.0,1.0,,,,
8136,325506662,2024-11-11 21:27:09,1,0.044,0.04403958,59.74,BTC-27DEC24-100000-C,88289.41,buy,1.0,1.0,,,,
8137,325506663,2024-11-11 21:27:09,1,0.044,0.04403958,59.74,BTC-27DEC24-100000-C,88289.41,buy,1.0,1.0,,,,
8138,325506673,2024-11-11 21:27:09,1,0.044,0.04403958,59.74,BTC-27DEC24-100000-C,88289.41,buy,1.0,1.0,,,,
8139,325506675,2024-11-11 21:27:09,1,0.044,0.04403958,59.74,BTC-27DEC24-100000-C,88289.41,buy,1.0,1.0,,,,
8140,325506678,2024-11-11 21:27:09,1,0.044,0.04403958,59.74,BTC-27DEC24-100000-C,88289.41,buy,1.0,1.0,,,,
8141,325506683,2024-11-11 21:27:09,1,0.044,0.04408546,59.63,BTC-27DEC24-100000-C,88329.76,buy,1.0,1.0,,,,
8142,325506685,2024-11-11 21:27:09,1,0.044,0.04408546,59.63,BTC-27DEC24-100000-C,88329.76,buy,1.0,1.0,,,,
8143,325506690,2024-11-11 21:27:09,1,0.044,0.04408546,59.63,BTC-27DEC24-100000-C,88329.76,buy,1.0,1.0,,,,
8144,325506701,2024-11-11 21:27:09,1,0.044,0.04408546,59.63,BTC-27DEC24-100000-C,88329.76,buy,1.0,1.0,,,,
8145,325506713,2024-11-11 21:27:09,1,0.044,0.04408546,59.63,BTC-27DEC24-100000-C,88329.76,buy,1.0,1.0,,,,
8146,325506831,2024-11-11 21:27:13,1,0.044,0.0443276,59.67,BTC-27DEC24-100000-C,88313.77,buy,0.4,0.4,,,,
8147,325507000,2024-11-11 21:27:28,1,0.044,0.04422639,59.59,BTC-27DEC24-100000-C,88342.69,buy,0.6,0.6,,,,
8148,325507001,2024-11-11 21:27:28,1,0.044,0.04422639,59.59,BTC-27DEC24-100000-C,88342.69,buy,1.0,1.0,,,,
8149,325507036,2024-11-11 21:27:29,1,0.044,0.04422158,59.57,BTC-27DEC24-100000-C,88350.6,buy,1.0,1.0,,,,
8150,325507044,2024-11-11 21:27:29,1,0.044,0.04422158,59.57,BTC-27DEC24-100000-C,88350.6,buy,1.0,1.0,,,,
8151,325507046,2024-11-11 21:27:29,1,0.044,0.04422158,59.57,BTC-27DEC24-100000-C,88350.6,buy,0.1,0.1,,,,
8152,325507047,2024-11-11 21:27:29,1,0.044,0.04422158,59.57,BTC-27DEC24-100000-C,88350.6,buy,0.9,0.9,,,,
8153,325507050,2024-11-11 21:27:29,1,0.044,0.04422158,59.57,BTC-27DEC24-100000-C,88350.6,buy,0.1,0.1,,,,
8154,325507058,2024-11-11 21:27:30,1,0.044,0.04422158,59.5,BTC-27DEC24-100000-C,88378.2,buy,0.9,0.9,,,,
8155,325507059,2024-11-11 21:27:30,1,0.044,0.04422158,59.5,BTC-27DEC24-100000-C,88378.2,buy,1.0,1.0,,,,
8156,325507187,2024-11-11 21:27:34,0,0.045,0.04455941,60.19,BTC-27DEC24-100000-C,88404.27,sell,0.2,0.2,,,,M
8157,325507543,2024-11-11 21:28:02,1,0.045,0.04462308,60.11,BTC-27DEC24-100000-C,88433.27,sell,0.1,0.1,,,,
8158,325508456,2024-11-11 21:30:08,1,0.045,0.04450457,60.29,BTC-27DEC24-100000-C,88376.87,buy,0.3,0.3,,,,
8159,325508457,2024-11-11 21:30:08,1,0.045,0.04450457,60.29,BTC-27DEC24-100000-C,88376.87,sell,1.2,1.2,,,,
8160,325508967,2024-11-11 21:31:20,2,0.043,0.04337147,59.66,BTC-27DEC24-100000-C,88036.81,sell,0.3,0.3,,,,
8161,325510007,2024-11-11 21:34:25,0,0.0435,0.04359034,59.9,BTC-27DEC24-100000-C,88095.92,buy,1.0,1.0,,,,
8162,325510060,2024-11-11 21:34:32,1,0.0435,0.04372852,59.77,BTC-27DEC24-100000-C,88140.9,buy,8.4,8.4,,,,
8163,325510064,2024-11-11 21:34:32,1,0.0435,0.04372852,59.77,BTC-27DEC24-100000-C,88140.9,buy,1.7,1.7,,,,
8164,325510065,2024-11-11 21:34:32,1,0.0435,0.04372852,59.77,BTC-27DEC24-100000-C,88140.9,buy,0.3,0.3,,,,
8165,325510078,2024-11-11 21:34:35,1,0.0435,0.04385237,59.67,BTC-27DEC24-100000-C,88179.41,buy,1.0,1.0,,,,
8166,325510296,2024-11-11 21:34:54,1,0.0435,0.04378799,59.8,BTC-27DEC24-100000-C,88134.44,buy,7.6,7.6,,,,
8167,325512422,2024-11-11 21:41:20,1,0.0435,0.04392383,59.67,BTC-27DEC24-100000-C,88183.11,sell,0.4,0.4,,,,
8168,325513443,2024-11-11 21:43:47,1,0.0435,0.04358447,59.97,BTC-27DEC24-100000-C,88077.29,buy,0.1,0.1,,,,
8169,325516355,2024-11-11 21:51:43,0,0.0445,0.04432899,60.65,BTC-27DEC24-100000-C,88106.43,buy,1.0,1.0,,,,
8170,325516707,2024-11-11 21:52:53,0,0.045,0.04437754,61.05,BTC-27DEC24-100000-C,88109.81,buy,1.0,1.0,,,,
8171,325518184,2024-11-11 21:57:00,2,0.044,0.04396658,60.66,BTC-27DEC24-100000-C,87976.82,buy,5.0,5.0,,,,
8172,325519433,2024-11-11 22:01:39,0,0.0445,0.04470601,60.54,BTC-27DEC24-100000-C,88162.15,buy,0.1,0.1,,,,
8173,325519447,2024-11-11 22:01:43,1,0.0445,0.04467472,60.55,BTC-27DEC24-100000-C,88158.39,buy,0.1,0.1,,,,
8174,325519474,2024-11-11 22:01:47,1,0.0445,0.0446849,60.52,BTC-27DEC24-100000-C,88172.88,buy,0.1,0.1,,,,
8175,325520176,2024-11-11 22:03:27,2,0.044,0.04434736,60.47,BTC-27DEC24-100000-C,88039.62,buy,5.0,5.0,,,,
8176,325521321,2024-11-11 22:06:30,2,0.0425,0.04320154,60.09,BTC-27DEC24-100000-C,87764.27,sell,0.3,0.3,,,,
8177,325522018,2024-11-11 22:08:07,3,0.0425,0.0426959,60.37,BTC-27DEC24-100000-C,87668.59,buy,2.0,2.0,,,,
8178,325523444,2024-11-11 22:11:29,3,0.0425,0.04277928,60.23,BTC-27DEC24-100000-C,87720.68,buy,0.3,0.3,,,,
8179,325525519,2024-11-11 22:16:22,2,0.042,0.04145887,60.92,BTC-27DEC24-100000-C,87329.82,buy,0.1,0.1,,,,
8180,325529680,2024-11-11 22:22:24,2,0.0385,0.03952803,59.59,BTC-27DEC24-100000-C,86767.41,sell,0.5,0.5,,,,
8181,325529723,2024-11-11 22:22:37,0,0.0395,0.0394588,60.36,BTC-27DEC24-100000-C,86778.18,sell,0.1,0.1,,,,
8182,325530154,2024-11-11 22:23:57,1,0.0395,0.03931211,60.48,BTC-27DEC24-100000-C,86734.37,buy,0.1,0.1,,,,
8183,325530368,2024-11-11 22:24:35,1,0.0395,0.03979177,60.07,BTC-27DEC24-100000-C,86881.56,buy,0.2,0.2,,,,
8184,325530674,2024-11-11 22:25:32,0,0.0405,0.04031581,60.41,BTC-27DEC24-100000-C,87051.83,buy,0.1,0.1,,,,
8185,325533140,2024-11-11 22:31:29,2,0.039,0.03916956,59.95,BTC-27DEC24-100000-C,86783.59,buy,0.3,0.3,,,,
8186,325535503,2024-11-11 22:38:30,0,0.0415,0.04087458,60.5,BTC-27DEC24-100000-C,87318.03,buy,0.8,0.8,,,,
8187,325536882,2024-11-11 22:41:39,2,0.0395,0.03961368,59.89,BTC-27DEC24-100000-C,86968.81,buy,0.1,0.1,,,,
8188,325536883,2024-11-11 22:41:39,3,0.0395,0.03961368,59.89,BTC-27DEC24-100000-C,86968.81,buy,0.4,0.4,,,,
8189,325539533,2024-11-11 22:51:17,0,0.0415,0.041016,59.9,BTC-27DEC24-100000-C,87542.96,buy,2.2,2.2,,,,
8190,325540484,2024-11-11 22:53:36,1,0.0415,0.04140137,59.72,BTC-27DEC24-100000-C,87634.02,buy,0.1,0.1,,,,
8191,325541053,2024-11-11 22:54:16,1,0.0415,0.04120427,59.81,BTC-27DEC24-100000-C,87611.69,buy,0.1,0.1,,,,
8192,325542764,2024-11-11 22:58:33,0,0.0425,0.04286577,59.47,BTC-27DEC24-100000-C,87996.89,sell,0.1,0.1,,,,
8193,325543697,2024-11-11 23:00:26,0,0.044,0.0438242,59.98,BTC-27DEC24-100000-C,88232.71,buy,0.5,0.5,,,,
8194,325543698,2024-11-11 23:00:26,1,0.044,0.0438242,59.98,BTC-27DEC24-100000-C,88232.71,buy,0.1,0.1,,,,
8195,325545410,2024-11-11 23:01:52,0,0.0455,0.04536733,59.9,BTC-27DEC24-100000-C,88694.83,buy,0.1,0.1,,,,
8196,325545703,2024-11-11 23:02:13,2,0.045,0.04537749,59.56,BTC-27DEC24-100000-C,88688.78,sell,0.1,0.1,,,,
8197,325548491,2024-11-11 23:04:54,0,0.0465,0.04659403,59.87,BTC-27DEC24-100000-C,88967.13,sell,0.1,0.1,,,,
8198,325548712,2024-11-11 23:05:04,1,0.0465,0.04653428,59.97,BTC-27DEC24-100000-C,88925.61,sell,0.3,0.3,,,,
8199,325548751,2024-11-11 23:05:05,1,0.0465,0.04646852,60.04,BTC-27DEC24-100000-C,88900.18,sell,0.6,0.6,,,,
8200,325549798,2024-11-11 23:05:55,2,0.046,0.0460062,59.75,BTC-27DEC24-100000-C,88883.41,sell,5.0,5.0,,,,
8201,325549799,2024-11-11 23:05:55,3,0.046,0.0460062,59.75,BTC-27DEC24-100000-C,88883.41,sell,10.0,10.0,,,,
8202,325550325,2024-11-11 23:06:14,3,0.046,0.04651609,59.61,BTC-27DEC24-100000-C,88946.7,sell,0.1,0.1,,,,
8203,325551510,2024-11-11 23:07:30,2,0.0455,0.04602039,59.64,BTC-27DEC24-100000-C,88812.24,sell,0.1,0.1,,,,
8204,325552500,2024-11-11 23:08:56,3,0.0455,0.04565117,59.93,BTC-27DEC24-100000-C,88692.47,sell,0.1,0.1,,,,
8205,325553850,2024-11-11 23:09:59,0,0.0465,0.04611623,60.38,BTC-27DEC24-100000-C,88807.24,sell,0.1,0.1,,,,
8206,325561517,2024-11-11 23:16:14,0,0.048,0.04803222,60.06,BTC-27DEC24-100000-C,89267.63,sell,0.1,0.1,,,,
8207,325561544,2024-11-11 23:16:17,1,0.048,0.04776054,60.24,BTC-27DEC24-100000-C,89204.67,sell,0.1,0.1,,,,
8208,325561583,2024-11-11 23:16:21,0,0.0485,0.04774881,60.62,BTC-27DEC24-100000-C,89203.08,buy,0.1,0.1,,,,
8209,325561657,2024-11-11 23:16:27,2,0.048,0.04772146,60.24,BTC-27DEC24-100000-C,89202.4,buy,0.1,0.1,,,,
8210,325562147,2024-11-11 23:17:22,3,0.048,0.04810799,59.82,BTC-27DEC24-100000-C,89361.57,buy,0.9,0.9,,,,
8211,325562167,2024-11-11 23:17:25,3,0.048,0.04820371,59.74,BTC-27DEC24-100000-C,89389.28,buy,1.2,1.2,,,,
8212,325562186,2024-11-11 23:17:28,3,0.048,0.04827288,59.71,BTC-27DEC24-100000-C,89402.9,buy,1.2,1.2,,,,
8213,325562201,2024-11-11 23:17:29,3,0.048,0.04829598,59.66,BTC-27DEC24-100000-C,89419.82,buy,1.7,1.7,,,,
8214,325563855,2024-11-11 23:19:56,3,0.048,0.04832715,59.74,BTC-27DEC24-100000-C,89421.54,sell,0.2,0.2,,,,
8215,325564098,2024-11-11 23:20:19,3,0.048,0.04824977,59.93,BTC-27DEC24-100000-C,89353.28,sell,0.2,0.2,,,,
8216,325564101,2024-11-11 23:20:21,0,0.049,0.04824323,60.7,BTC-27DEC24-100000-C,89347.48,sell,0.1,0.1,,,,
8217,325564974,2024-11-11 23:21:59,0,0.0495,0.04893551,60.69,BTC-27DEC24-100000-C,89474.86,buy,0.1,0.1,,,,
8218,325564977,2024-11-11 23:22:00,1,0.0495,0.04893551,60.69,BTC-27DEC24-100000-C,89474.86,buy,2.0,2.0,,,,
8219,325565263,2024-11-11 23:22:31,1,0.0495,0.04937396,60.41,BTC-27DEC24-100000-C,89576.83,buy,0.2,0.2,,,,
8220,325565336,2024-11-11 23:22:42,1,0.0495,0.04950696,60.34,BTC-27DEC24-100000-C,89602.41,sell,0.2,0.2,,,,
8221,325565778,2024-11-11 23:23:44,0,0.0501,0.04966134,60.72,BTC-27DEC24-100000-C,89620.48,buy,25.0,25.0,,167216,,
8222,325567660,2024-11-11 23:26:51,2,0.0485,0.04828101,60.63,BTC-27DEC24-100000-C,89209.56,sell,0.8,0.8,,,,
8223,325568428,2024-11-11 23:28:30,2,0.048,0.04808643,60.64,BTC-27DEC24-100000-C,89088.37,sell,0.1,0.1,,,,
8224,325570822,2024-11-11 23:31:24,0,0.049,0.04883604,61.16,BTC-27DEC24-100000-C,89178.92,buy,6.0,6.0,,,,
8225,325574427,2024-11-11 23:37:17,2,0.047,0.04731142,61.22,BTC-27DEC24-100000-C,88580.84,sell,5.0,5.0,,,,
8226,325574541,2024-11-11 23:37:27,3,0.047,0.04732822,61.14,BTC-27DEC24-100000-C,88609.49,sell,5.0,5.0,,,,
8227,325575180,2024-11-11 23:38:32,0,0.0483,0.04768242,61.91,BTC-27DEC24-100000-C,88694.5,buy,150.0,150.0,BTC-CS-27DEC24-100000_120000,167236,,
8228,325575533,2024-11-11 23:39:11,2,0.047,0.04761677,60.99,BTC-27DEC24-100000-C,88676.01,sell,0.1,0.1,,,,
8229,325577249,2024-11-11 23:41:43,0,0.0475,0.04747403,61.52,BTC-27DEC24-100000-C,88611.54,buy,1.0,1.0,,,,
8230,325578080,2024-11-11 23:42:55,1,0.0475,0.04719363,61.77,BTC-27DEC24-100000-C,88528.2,buy,1.0,1.0,,,,
8231,325578563,2024-11-11 23:43:52,1,0.0475,0.04712026,61.92,BTC-27DEC24-100000-C,88472.78,buy,0.7,0.7,,,,
8232,325579045,2024-11-11 23:44:26,2,0.047,0.04678186,61.78,BTC-27DEC24-100000-C,88385.7,buy,1.0,1.0,,,,
8233,325582634,2024-11-11 23:51:18,0,0.049,0.04919719,61.74,BTC-27DEC24-100000-C,88947.88,buy,1.4,1.4,,,,
8234,325582639,2024-11-11 23:51:18,1,0.049,0.04919719,61.74,BTC-27DEC24-100000-C,88947.88,buy,2.9,2.9,,,,
8235,325582671,2024-11-11 23:51:21,1,0.049,0.0492707,61.74,BTC-27DEC24-100000-C,88952.05,buy,1.4,1.4,,,,
8236,325582722,2024-11-11 23:51:34,1,0.049,0.04924837,61.72,BTC-27DEC24-100000-C,88959.6,buy,4.3,4.3,,,,
8237,325584157,2024-11-11 23:53:36,1,0.049,0.04877957,62.13,BTC-27DEC24-100000-C,88811.85,sell,5.7,5.7,,,,
8238,325584158,2024-11-11 23:53:36,1,0.049,0.04877957,62.13,BTC-27DEC24-100000-C,88811.85,sell,1.9,1.9,,,,
8239,325585250,2024-11-11 23:56:31,2,0.0475,0.04789404,61.53,BTC-27DEC24-100000-C,88633.23,buy,0.1,0.1,,,,
8240,325586451,2024-11-11 23:59:21,3,0.0475,0.0480285,61.17,BTC-27DEC24-100000-C,88773.61,buy,6.0,6.0,,,,
8241,325586452,2024-11-11 23:59:21,3,0.0475,0.0480062,61.2,BTC-27DEC24-100000-C,88764.43,buy,5.8,5.8,,,,
8242,325586568,2024-11-11 23:59:36,3,0.0475,0.04779989,61.19,BTC-27DEC24-100000-C,88763.8,buy,6.0,6.0,,,,
8243,325586576,2024-11-11 23:59:36,3,0.0475,0.0477939,61.19,BTC-27DEC24-100000-C,88764.09,buy,1.6,1.6,,,,
8244,325586902,2024-11-12 00:00:18,3,0.0475,0.04772145,61.07,BTC-27DEC24-100000-C,88806.5,buy,1.5,1.5,,,,
8245,325586910,2024-11-12 00:00:20,3,0.0475,0.04780083,61.03,BTC-27DEC24-100000-C,88820.11,buy,6.0,6.0,,,,
8246,325586911,2024-11-12 00:00:20,3,0.0475,0.04780083,61.03,BTC-27DEC24-100000-C,88820.11,buy,1.8,1.8,,,,
8247,325586943,2024-11-12 00:00:22,3,0.0475,0.04783222,60.99,BTC-27DEC24-100000-C,88834.39,buy,1.4,1.4,,,,
8248,325586964,2024-11-12 00:00:23,3,0.0475,0.04783222,60.99,BTC-27DEC24-100000-C,88835.82,buy,2.8,2.8,,,,
8249,325586970,2024-11-12 00:00:25,3,0.0475,0.04785208,60.95,BTC-27DEC24-100000-C,88849.91,buy,6.0,6.0,,,,
8250,325586971,2024-11-12 00:00:25,3,0.0475,0.04785208,60.95,BTC-27DEC24-100000-C,88849.91,buy,11.1,11.1,,,,
8251,325588279,2024-11-12 00:01:54,3,0.0475,0.04737893,61.29,BTC-27DEC24-100000-C,88742.64,sell,1.0,1.0,,,,
8252,325593509,2024-11-12 00:11:11,2,0.0455,0.04572702,61.21,BTC-27DEC24-100000-C,88188.77,sell,0.5,0.5,,,,
8253,325595676,2024-11-12 00:15:16,2,0.044,0.04438526,61.03,BTC-27DEC24-100000-C,87827.3,sell,0.1,0.1,,,,
8254,325596471,2024-11-12 00:17:01,0,0.0445,0.04422161,61.6,BTC-27DEC24-100000-C,87749.46,buy,0.1,0.1,,,,
8255,325599114,2024-11-12 00:20:10,2,0.0415,0.04136617,61.41,BTC-27DEC24-100000-C,86937.45,buy,0.5,0.5,,,,
8256,325605747,2024-11-12 00:28:27,0,0.045,0.04513216,61.24,BTC-27DEC24-100000-C,88038.1,sell,0.1,0.1,,,,
8257,325607875,2024-11-12 00:33:09,2,0.044,0.04462078,60.84,BTC-27DEC24-100000-C,87904.62,sell,0.2,0.2,,,,
8258,325608140,2024-11-12 00:34:08,0,0.0445,0.04442754,61.26,BTC-27DEC24-100000-C,87891.93,sell,1.0,1.0,,,,
8259,325609894,2024-11-12 00:39:37,2,0.044,0.04421956,61.18,BTC-27DEC24-100000-C,87774.46,sell,0.1,0.1,,,,
8260,325612501,2024-11-12 00:46:17,0,0.046,0.04570944,61.33,BTC-27DEC24-100000-C,88276.08,sell,0.6,0.6,,,,
8261,325612855,2024-11-12 00:47:32,2,0.0455,0.04548609,61.07,BTC-27DEC24-100000-C,88237.96,buy,0.1,0.1,,,,
8262,325613539,2024-11-12 00:49:27,0,0.046,0.04595374,61.16,BTC-27DEC24-100000-C,88344.31,buy,0.1,0.1,,,,
8263,325626128,2024-11-12 01:12:28,0,0.048,0.04911334,59.54,BTC-27DEC24-100000-C,89441.89,sell,0.1,0.1,,,,
8264,325628388,2024-11-12 01:17:22,0,0.0495,0.04904684,60.49,BTC-27DEC24-100000-C,89510.77,buy,1.4,1.4,,,,
8265,325628389,2024-11-12 01:17:22,1,0.0495,0.04904684,60.49,BTC-27DEC24-100000-C,89510.77,buy,0.1,0.1,,,,
8266,325628390,2024-11-12 01:17:22,0,0.05,0.04904684,60.86,BTC-27DEC24-100000-C,89510.77,buy,0.5,0.5,,,,
8267,325628391,2024-11-12 01:17:22,1,0.05,0.04904684,60.86,BTC-27DEC24-100000-C,89510.77,buy,0.1,0.1,,,,
8268,325628392,2024-11-12 01:17:22,1,0.05,0.04904684,60.86,BTC-27DEC24-100000-C,89510.77,buy,0.1,0.1,,,,
8269,325628393,2024-11-12 01:17:22,1,0.05,0.04904684,60.86,BTC-27DEC24-100000-C,89510.77,buy,0.8,0.8,,,,
8270,325628404,2024-11-12 01:17:23,2,0.0495,0.0491231,60.42,BTC-27DEC24-100000-C,89533.69,buy,0.6,0.6,,,,
8271,325629662,2024-11-12 01:20:25,2,0.0485,0.04850794,60.25,BTC-27DEC24-100000-C,89329.0,sell,0.2,0.2,,,,
8272,325632056,2024-11-12 01:28:39,2,0.0465,0.04647614,59.88,BTC-27DEC24-100000-C,88911.89,sell,0.1,0.1,,,,
8273,325632394,2024-11-12 01:30:28,2,0.046,0.04622968,59.54,BTC-27DEC24-100000-C,88897.11,sell,0.1,0.1,,,,
8274,325633029,2024-11-12 01:32:33,0,0.0465,0.04661546,59.63,BTC-27DEC24-100000-C,89017.29,sell,0.1,0.1,,,,
8275,325633663,2024-11-12 01:35:40,0,0.047,0.04720013,59.42,BTC-27DEC24-100000-C,89215.76,sell,0.1,0.1,,,,
8276,325633674,2024-11-12 01:35:41,0,0.0475,0.04720013,59.84,BTC-27DEC24-100000-C,89200.65,buy,0.1,0.1,,,,
8277,325635366,2024-11-12 01:43:45,2,0.0465,0.04622479,59.7,BTC-27DEC24-100000-C,88966.67,buy,0.7,0.7,,,,
8278,325635367,2024-11-12 01:43:45,3,0.0465,0.04622479,59.7,BTC-27DEC24-100000-C,88966.67,buy,2.8,2.8,,,,
8279,325635368,2024-11-12 01:43:45,3,0.0465,0.04622479,59.7,BTC-27DEC24-100000-C,88966.67,buy,1.5,1.5,,,,
8280,325635849,2024-11-12 01:46:04,2,0.0455,0.04584169,59.27,BTC-27DEC24-100000-C,88853.67,sell,0.1,0.1,,,,
8281,325636106,2024-11-12 01:47:20,0,0.046,0.04626316,59.37,BTC-27DEC24-100000-C,88957.03,sell,0.1,0.1,,,,
8282,325636501,2024-11-12 01:49:23,1,0.046,0.04612379,59.44,BTC-27DEC24-100000-C,88934.41,sell,0.1,0.1,,,,
8283,325636675,2024-11-12 01:50:18,2,0.0455,0.04569161,59.44,BTC-27DEC24-100000-C,88800.94,sell,0.1,0.1,,,,
8284,325636854,2024-11-12 01:51:11,0,0.046,0.04547451,60.0,BTC-27DEC24-100000-C,88733.65,buy,0.6,0.6,,,,
8285,325636855,2024-11-12 01:51:11,1,0.046,0.04547451,60.0,BTC-27DEC24-100000-C,88733.65,buy,1.2,1.2,,,,
8286,325639559,2024-11-12 02:01:27,2,0.0455,0.04507112,59.83,BTC-27DEC24-100000-C,88642.32,buy,0.5,0.5,,,,
8287,325641409,2024-11-12 02:10:13,2,0.045,0.04573644,58.9,BTC-27DEC24-100000-C,88842.52,sell,2.0,2.0,,,,
8288,325641441,2024-11-12 02:10:40,3,0.045,0.04542724,59.17,BTC-27DEC24-100000-C,88747.9,buy,0.1,0.1,,,,
8289,325641538,2024-11-12 02:11:20,0,0.0455,0.04550718,59.43,BTC-27DEC24-100000-C,88795.68,buy,0.5,0.5,,,,
8290,325644383,2024-11-12 02:21:35,2,0.044,0.04379546,59.64,BTC-27DEC24-100000-C,88340.88,sell,0.5,0.5,,,,
8291,325644622,2024-11-12 02:22:14,2,0.0435,0.04350883,59.51,BTC-27DEC24-100000-C,88252.09,sell,0.3,0.3,,,,
8292,325645357,2024-11-12 02:23:57,2,0.043,0.0431675,59.47,BTC-27DEC24-100000-C,88123.8,buy,0.1,0.1,,,,
8293,325646439,2024-11-12 02:27:08,0,0.044,0.04415192,59.54,BTC-27DEC24-100000-C,88396.33,sell,0.1,0.1,,,,
8294,325646511,2024-11-12 02:27:24,2,0.0435,0.04404545,59.19,BTC-27DEC24-100000-C,88382.11,sell,0.8,0.8,,,,
8295,325646512,2024-11-12 02:27:25,3,0.0435,0.04404545,59.19,BTC-27DEC24-100000-C,88382.11,buy,4.2,4.2,,,,
8296,325647683,2024-11-12 02:31:20,0,0.044,0.04360534,59.81,BTC-27DEC24-100000-C,88299.05,buy,0.5,0.5,,,,
8297,325650576,2024-11-12 02:40:12,2,0.0415,0.04178545,59.39,BTC-27DEC24-100000-C,87713.7,sell,0.1,0.1,,,,
8298,325651022,2024-11-12 02:41:20,0,0.0425,0.04201663,59.98,BTC-27DEC24-100000-C,87778.41,buy,0.4,0.4,,,,
8299,325653350,2024-11-12 02:46:29,2,0.0415,0.0415453,59.62,BTC-27DEC24-100000-C,87621.41,buy,0.1,0.1,,,,
8300,325654414,2024-11-12 02:49:13,2,0.0405,0.04074252,59.61,BTC-27DEC24-100000-C,87338.08,buy,0.1,0.1,,,,
8301,325655369,2024-11-12 02:52:26,2,0.04,0.04022604,59.5,BTC-27DEC24-100000-C,87220.33,sell,0.1,0.1,,,,
8302,325655542,2024-11-12 02:53:33,3,0.04,0.04005866,59.65,BTC-27DEC24-100000-C,87160.8,buy,0.1,0.1,,,,
8303,325655810,2024-11-12 02:55:10,3,0.04,0.0398456,59.83,BTC-27DEC24-100000-C,87092.66,buy,0.1,0.1,,,,
8304,325658388,2024-11-12 03:04:59,0,0.0415,0.04160678,59.56,BTC-27DEC24-100000-C,87614.94,buy,1.0,1.0,,,,
8305,325659758,2024-11-12 03:10:28,0,0.043,0.04286276,59.74,BTC-27DEC24-100000-C,87976.07,buy,0.5,0.5,,,,
8306,325659917,2024-11-12 03:11:20,2,0.0425,0.04260019,59.54,BTC-27DEC24-100000-C,87901.56,sell,0.1,0.1,,,,
8307,325660166,2024-11-12 03:12:17,2,0.042,0.04280044,58.99,BTC-27DEC24-100000-C,87956.67,sell,2.6,2.6,,,,
8308,325660167,2024-11-12 03:12:17,3,0.042,0.04280044,58.99,BTC-27DEC24-100000-C,87956.67,sell,7.4,7.4,,,,
8309,325660276,2024-11-12 03:12:50,0,0.0425,0.04271819,59.39,BTC-27DEC24-100000-C,87950.08,sell,0.1,0.1,,,,
8310,325662612,2024-11-12 03:29:50,2,0.042,0.04233108,59.37,BTC-27DEC24-100000-C,87823.58,buy,0.1,0.1,,,,
8311,325662745,2024-11-12 03:30:53,3,0.042,0.04231841,59.39,BTC-27DEC24-100000-C,87810.65,buy,0.1,0.1,,,,
8312,325663061,2024-11-12 03:33:03,3,0.042,0.04223842,59.41,BTC-27DEC24-100000-C,87806.59,sell,0.1,0.1,,,,
8313,325663287,2024-11-12 03:34:45,3,0.042,0.04249961,59.22,BTC-27DEC24-100000-C,87877.59,sell,0.1,0.1,,,,
8314,325663574,2024-11-12 03:36:39,2,0.0415,0.04183813,59.38,BTC-27DEC24-100000-C,87678.52,buy,0.1,0.1,,,,
8315,325666616,2024-11-12 03:47:47,0,0.042,0.04240317,59.26,BTC-27DEC24-100000-C,87834.44,sell,0.1,0.1,,,,
8316,325671150,2024-11-12 04:01:38,0,0.043,0.04335722,59.33,BTC-27DEC24-100000-C,88053.1,sell,0.1,0.1,,,,
8317,325672329,2024-11-12 04:05:29,0,0.044,0.04371273,59.87,BTC-27DEC24-100000-C,88147.98,sell,0.1,0.1,,,,
8318,325674413,2024-11-12 04:14:20,2,0.043,0.04318911,59.57,BTC-27DEC24-100000-C,87966.47,buy,0.8,0.8,,,,
8319,325674766,2024-11-12 04:15:37,3,0.043,0.04351303,59.31,BTC-27DEC24-100000-C,88071.49,buy,8.1,8.1,,,,
8320,325674768,2024-11-12 04:15:37,3,0.043,0.04351303,59.31,BTC-27DEC24-100000-C,88071.49,buy,10.1,10.1,,,,
8321,325674813,2024-11-12 04:15:48,3,0.043,0.04352722,59.27,BTC-27DEC24-100000-C,88084.71,buy,6.8,6.8,,,,
8322,325677332,2024-11-12 04:24:56,0,0.045,0.0450585,59.48,BTC-27DEC24-100000-C,88611.65,buy,0.1,0.1,,,,
8323,325677587,2024-11-12 04:25:12,1,0.045,0.0454253,59.25,BTC-27DEC24-100000-C,88690.6,sell,0.1,0.1,,,,
8324,325678321,2024-11-12 04:27:18,1,0.045,0.04527776,59.42,BTC-27DEC24-100000-C,88617.71,sell,0.1,0.1,,,,
8325,325682925,2024-11-12 04:37:33,0,0.0465,0.04612679,59.91,BTC-27DEC24-100000-C,88827.24,buy,0.1,0.1,,,,
8326,325684404,2024-11-12 04:42:29,0,0.0475,0.0467501,60.31,BTC-27DEC24-100000-C,88943.76,buy,1.5,1.5,,,,
8327,325685756,2024-11-12 04:44:39,2,0.046,0.04629694,59.77,BTC-27DEC24-100000-C,88730.47,sell,0.1,0.1,,,,
8328,325685968,2024-11-12 04:45:23,0,0.0465,0.0464288,60.1,BTC-27DEC24-100000-C,88745.18,buy,0.7,0.7,,,,
8329,325687515,2024-11-12 04:51:44,0,0.047,0.04700653,60.2,BTC-27DEC24-100000-C,88855.04,sell,0.1,0.1,,,,
8330,325690330,2024-11-12 05:07:05,2,0.046,0.04617451,60.48,BTC-27DEC24-100000-C,88464.83,sell,0.8,0.8,,,,
8331,325691798,2024-11-12 05:16:42,0,0.0465,0.04652716,60.6,BTC-27DEC24-100000-C,88530.87,buy,0.7,0.7,,,,
8332,325693785,2024-11-12 05:26:51,2,0.046,0.04613803,60.28,BTC-27DEC24-100000-C,88515.48,buy,9.8,9.8,,,,
8333,325694542,2024-11-12 05:30:04,3,0.046,0.04615796,60.11,BTC-27DEC24-100000-C,88590.22,buy,1.3,1.3,,,,
8334,325694548,2024-11-12 05:30:06,3,0.046,0.04619636,60.05,BTC-27DEC24-100000-C,88611.86,buy,1.4,1.4,,,,
8335,325694564,2024-11-12 05:30:24,3,0.046,0.04619943,60.02,BTC-27DEC24-100000-C,88624.0,buy,1.4,1.4,,,,
8336,325694570,2024-11-12 05:30:29,3,0.046,0.0462363,60.0,BTC-27DEC24-100000-C,88633.32,buy,2.1,2.1,,,,
8337,325694658,2024-11-12 05:31:03,3,0.046,0.04619589,59.99,BTC-27DEC24-100000-C,88640.5,buy,1.5,1.5,,,,
8338,325694662,2024-11-12 05:31:05,3,0.046,0.04619574,59.9,BTC-27DEC24-100000-C,88674.47,buy,2.0,2.0,,,,
8339,325694673,2024-11-12 05:31:08,3,0.046,0.04629243,59.88,BTC-27DEC24-100000-C,88679.87,buy,11.5,11.5,,,,
8340,325695629,2024-11-12 05:35:29,2,0.0455,0.04529921,60.28,BTC-27DEC24-100000-C,88429.58,sell,0.1,0.1,,,,
8341,325695632,2024-11-12 05:35:29,3,0.0455,0.04529921,60.28,BTC-27DEC24-100000-C,88429.58,sell,0.1,0.1,,,,
8342,325695634,2024-11-12 05:35:29,3,0.0455,0.04529921,60.28,BTC-27DEC24-100000-C,88429.58,sell,0.1,0.1,,,,
8343,325695635,2024-11-12 05:35:29,3,0.0455,0.04529921,60.28,BTC-27DEC24-100000-C,88429.58,sell,0.1,0.1,,,,
8344,325695638,2024-11-12 05:35:29,3,0.0455,0.04529921,60.28,BTC-27DEC24-100000-C,88429.58,sell,0.1,0.1,,,,
8345,325695652,2024-11-12 05:35:32,3,0.0455,0.04523396,60.35,BTC-27DEC24-100000-C,88404.45,sell,0.4,0.4,,,,
8346,325695662,2024-11-12 05:35:35,3,0.0455,0.04517771,60.36,BTC-27DEC24-100000-C,88401.54,sell,0.1,0.1,,,,
8347,325702041,2024-11-12 06:16:55,2,0.0445,0.04441158,59.54,BTC-27DEC24-100000-C,88384.29,sell,0.1,0.1,,,,
8348,325702070,2024-11-12 06:17:14,3,0.0445,0.04429617,59.65,BTC-27DEC24-100000-C,88348.01,sell,0.1,0.1,,,,
8349,325702085,2024-11-12 06:17:18,3,0.0445,0.04427908,59.66,BTC-27DEC24-100000-C,88343.9,sell,0.4,0.4,,,,
8350,325702086,2024-11-12 06:17:18,3,0.0445,0.04427908,59.66,BTC-27DEC24-100000-C,88343.9,sell,0.1,0.1,,,,
8351,325702125,2024-11-12 06:17:23,3,0.0445,0.04427864,59.66,BTC-27DEC24-100000-C,88344.08,sell,0.1,0.1,,,,
8352,325702284,2024-11-12 06:19:00,2,0.0435,0.04419883,58.96,BTC-27DEC24-100000-C,88301.76,sell,0.3,0.3,,,,
8353,325702709,2024-11-12 06:23:10,0,0.0445,0.04474187,59.28,BTC-27DEC24-100000-C,88501.55,buy,0.1,0.1,,,,
8354,325702710,2024-11-12 06:23:10,1,0.0445,0.04474187,59.28,BTC-27DEC24-100000-C,88501.55,buy,0.5,0.5,,,,
8355,325703609,2024-11-12 06:28:39,0,0.0455,0.04506158,59.71,BTC-27DEC24-100000-C,88632.51,buy,2.8,2.8,,,,
8356,325703610,2024-11-12 06:28:39,1,0.0455,0.04506158,59.71,BTC-27DEC24-100000-C,88632.51,buy,7.2,7.2,,,,
8357,325703655,2024-11-12 06:29:07,2,0.045,0.04501019,59.38,BTC-27DEC24-100000-C,88608.99,buy,0.1,0.1,,,,
8358,325704367,2024-11-12 06:32:58,0,0.0465,0.04584444,59.96,BTC-27DEC24-100000-C,88805.44,buy,0.1,0.1,,,,
8359,325704539,2024-11-12 06:33:41,1,0.0465,0.04606946,59.79,BTC-27DEC24-100000-C,88859.2,buy,0.4,0.4,,,,
8360,325704826,2024-11-12 06:34:32,1,0.0465,0.04630591,59.61,BTC-27DEC24-100000-C,88917.89,buy,0.4,0.4,,,,
8361,325706637,2024-11-12 06:40:07,0,0.047,0.04654394,59.76,BTC-27DEC24-100000-C,88980.24,buy,100.0,100.0,,167336,,
8362,325708260,2024-11-12 06:42:19,0,0.0488,0.04841427,59.87,BTC-27DEC24-100000-C,89422.31,buy,100.0,100.0,,167337,,
8363,325708722,2024-11-12 06:42:52,2,0.0485,0.04829643,59.72,BTC-27DEC24-100000-C,89404.12,buy,0.8,0.8,,,,
8364,325708807,2024-11-12 06:43:09,2,0.0482,0.04830426,59.5,BTC-27DEC24-100000-C,89405.78,buy,12.5,12.5,BTC-CS-27DEC24-90000_100000,167338,,
8365,325710851,2024-11-12 06:46:04,0,0.0495,0.05018941,59.38,BTC-27DEC24-100000-C,89786.59,sell,0.1,0.1,,,,
8366,325711125,2024-11-12 06:46:23,0,0.0505,0.05036942,59.86,BTC-27DEC24-100000-C,89876.36,buy,8.2,8.2,,,,
8367,325711126,2024-11-12 06:46:23,1,0.0505,0.05036942,59.86,BTC-27DEC24-100000-C,89876.36,buy,0.1,0.1,,,,
8368,325711939,2024-11-12 06:47:54,1,0.0505,0.05026255,59.94,BTC-27DEC24-100000-C,89851.98,buy,1.7,1.7,,,,
8369,325713260,2024-11-12 06:49:55,0,0.0508,0.05028458,60.19,BTC-27DEC24-100000-C,89824.1,buy,100.0,100.0,,167340,,
8370,325713269,2024-11-12 06:50:00,2,0.0505,0.05029954,59.95,BTC-27DEC24-100000-C,89828.99,buy,0.6,0.6,,,,
8371,325714909,2024-11-12 06:52:41,2,0.0495,0.04974364,59.6,BTC-27DEC24-100000-C,89674.38,buy,0.7,0.7,,,,
8372,325717018,2024-11-12 06:57:16,3,0.0495,0.04984417,59.43,BTC-27DEC24-100000-C,89724.49,buy,0.9,0.9,,,,
8373,325717139,2024-11-12 06:57:28,3,0.0495,0.04980758,59.46,BTC-27DEC24-100000-C,89713.54,buy,0.6,0.6,,,,
8374,325724571,2024-11-12 07:13:02,0,0.05,0.04924575,59.96,BTC-27DEC24-100000-C,89665.78,buy,8.2,8.2,,,,
8375,325724572,2024-11-12 07:13:02,1,0.05,0.04924575,59.96,BTC-27DEC24-100000-C,89665.78,buy,1.8,1.8,,,,
8376,325724935,2024-11-12 07:13:31,1,0.05,0.04964746,59.65,BTC-27DEC24-100000-C,89777.8,buy,1.2,1.2,,,,
8377,325729219,2024-11-12 07:20:56,2,0.0495,0.04969073,59.45,BTC-27DEC24-100000-C,89701.43,sell,1.0,1.0,,,,
8378,325729607,2024-11-12 07:21:26,2,0.049,0.04938033,59.31,BTC-27DEC24-100000-C,89615.07,sell,1.0,1.0,,,,
8379,325729692,2024-11-12 07:21:44,0,0.05,0.04968285,59.8,BTC-27DEC24-100000-C,89706.52,buy,0.8,0.8,,,,
8380,325729941,2024-11-12 07:22:48,2,0.0495,0.05023231,59.08,BTC-27DEC24-100000-C,89824.16,sell,200.0,200.0,BTC-CBUT-27DEC24-90000_100000_110000,167363,,
8381,325730437,2024-11-12 07:25:08,0,0.05,0.04980692,59.79,BTC-27DEC24-100000-C,89688.99,buy,0.1,0.1,,,,
8382,325730438,2024-11-12 07:25:08,1,0.05,0.04980692,59.79,BTC-27DEC24-100000-C,89688.99,buy,0.5,0.5,,,,
8383,325730534,2024-11-12 07:25:17,2,0.0499,0.04980205,59.73,BTC-27DEC24-100000-C,89683.26,sell,100.0,100.0,BTC-CBUT-27DEC24-90000_100000_110000,167365,,
8384,325732000,2024-11-12 07:28:29,2,0.0494,0.04960694,59.53,BTC-27DEC24-100000-C,89633.2,sell,100.0,100.0,BTC-CBUT-27DEC24-90000_100000_110000,167369,,
8385,325734069,2024-11-12 07:34:21,2,0.0489,0.04864889,59.92,BTC-27DEC24-100000-C,89353.98,sell,100.0,100.0,BTC-CBUT-27DEC24-90000_100000_110000,167373,,
8386,325736180,2024-11-12 07:42:05,0,0.049,0.04916026,59.59,BTC-27DEC24-100000-C,89523.65,buy,0.1,0.1,,,,
8387,325736198,2024-11-12 07:42:16,0,0.0495,0.04934511,59.85,BTC-27DEC24-100000-C,89560.2,buy,2.0,2.0,,,,
8388,325736199,2024-11-12 07:42:16,1,0.0495,0.04934511,59.85,BTC-27DEC24-100000-C,89560.2,buy,1.0,1.0,,,,
8389,325736445,2024-11-12 07:43:16,2,0.049,0.04919938,59.61,BTC-27DEC24-100000-C,89512.9,buy,0.1,0.1,,,,
8390,325737928,2024-11-12 07:49:03,2,0.048,0.04871178,59.25,BTC-27DEC24-100000-C,89373.3,sell,0.1,0.1,,,,
8391,325738208,2024-11-12 07:50:23,0,0.049,0.04878505,59.93,BTC-27DEC24-100000-C,89413.28,sell,0.2,0.2,,,,
8392,325738219,2024-11-12 07:50:25,2,0.0485,0.04879217,59.55,BTC-27DEC24-100000-C,89414.47,buy,0.1,0.1,,,,
8393,325738486,2024-11-12 07:51:28,3,0.0485,0.04873394,59.64,BTC-27DEC24-100000-C,89385.67,buy,0.1,0.1,,,,
8394,325739053,2024-11-12 07:53:27,3,0.0485,0.04861561,59.69,BTC-27DEC24-100000-C,89357.88,buy,1.0,1.0,,,,
8395,325740158,2024-11-12 07:57:10,3,0.0485,0.04839191,59.87,BTC-27DEC24-100000-C,89299.21,sell,0.1,0.1,,,,
8396,325740868,2024-11-12 07:58:11,2,0.047,0.04768212,59.26,BTC-27DEC24-100000-C,89120.63,sell,2.6,2.6,,,,
8397,325745320,2024-11-12 08:15:18,2,0.0465,0.04740679,59.11,BTC-27DEC24-100000-C,89006.06,sell,0.5,0.5,,,,
8398,325745876,2024-11-12 08:17:26,0,0.0475,0.04720716,59.99,BTC-27DEC24-100000-C,88980.65,buy,0.1,0.1,,,,
8399,325746770,2024-11-12 08:21:11,1,0.0475,0.04744922,59.87,BTC-27DEC24-100000-C,89035.27,sell,0.1,0.1,,,,
8400,325747035,2024-11-12 08:21:53,2,0.047,0.04711241,59.73,BTC-27DEC24-100000-C,88947.13,sell,0.1,0.1,,,,
8401,325747289,2024-11-12 08:23:53,0,0.048,0.0472554,60.4,BTC-27DEC24-100000-C,88969.18,buy,0.1,0.1,,,,
8402,325747331,2024-11-12 08:24:22,2,0.047,0.04715001,59.7,BTC-27DEC24-100000-C,88954.17,sell,0.1,0.1,,,,
8403,325747567,2024-11-12 08:25:56,3,0.047,0.046974,59.83,BTC-27DEC24-100000-C,88913.34,sell,0.1,0.1,,,,
8404,325747845,2024-11-12 08:28:31,3,0.047,0.04686014,59.92,BTC-27DEC24-100000-C,88878.92,sell,0.1,0.1,,,,
8405,325748546,2024-11-12 08:31:56,2,0.0465,0.04703367,59.38,BTC-27DEC24-100000-C,88942.9,sell,0.1,0.1,,,,
8406,325748625,2024-11-12 08:32:36,2,0.046,0.04697003,59.07,BTC-27DEC24-100000-C,88922.38,sell,0.3,0.3,,,,
8407,325749329,2024-11-12 08:37:34,0,0.0475,0.04720652,59.89,BTC-27DEC24-100000-C,89033.75,buy,2.0,2.0,,,,
8408,325749330,2024-11-12 08:37:34,1,0.0475,0.04720652,59.89,BTC-27DEC24-100000-C,89033.75,buy,3.0,3.0,,,,
8409,325749573,2024-11-12 08:38:57,2,0.0465,0.04725294,59.06,BTC-27DEC24-100000-C,89056.72,sell,3.0,3.0,,,,
8410,325749733,2024-11-12 08:39:38,0,0.0475,0.04741484,59.67,BTC-27DEC24-100000-C,89106.86,buy,0.5,0.5,,,,
8411,325750454,2024-11-12 08:42:40,2,0.047,0.04733677,59.33,BTC-27DEC24-100000-C,89094.93,buy,0.1,0.1,,,,
8412,325750836,2024-11-12 08:44:57,3,0.047,0.04763816,59.04,BTC-27DEC24-100000-C,89191.49,sell,2.0,2.0,,,,
8413,325751252,2024-11-12 08:46:00,0,0.0475,0.04753807,59.49,BTC-27DEC24-100000-C,89165.31,buy,2.0,2.0,,,,
8414,325751562,2024-11-12 08:47:25,0,0.048,0.04768471,59.73,BTC-27DEC24-100000-C,89213.26,buy,2.0,2.0,,,,
8415,325752471,2024-11-12 08:51:39,1,0.048,0.04768305,59.71,BTC-27DEC24-100000-C,89212.65,buy,2.0,2.0,,,,
8416,325752472,2024-11-12 08:51:39,1,0.048,0.04768305,59.71,BTC-27DEC24-100000-C,89212.65,buy,1.0,1.0,,,,
8417,325752473,2024-11-12 08:51:39,0,0.0485,0.04768305,60.09,BTC-27DEC24-100000-C,89212.65,buy,8.3,8.3,,,,
8418,325752474,2024-11-12 08:51:39,1,0.0485,0.04768305,60.09,BTC-27DEC24-100000-C,89212.65,buy,4.9,4.9,,,,
8419,325752475,2024-11-12 08:51:39,1,0.0485,0.04768305,60.09,BTC-27DEC24-100000-C,89212.65,buy,6.0,6.0,,,,
8420,325752476,2024-11-12 08:51:39,1,0.0485,0.04768305,60.09,BTC-27DEC24-100000-C,89212.65,buy,0.1,0.1,,,,
8421,325752477,2024-11-12 08:51:39,1,0.0485,0.04768305,60.09,BTC-27DEC24-100000-C,89212.65,buy,3.5,3.5,,,,
8422,325752478,2024-11-12 08:51:39,1,0.0485,0.04768305,60.09,BTC-27DEC24-100000-C,89212.65,buy,2.2,2.2,,,,
8423,325753371,2024-11-12 08:55:18,2,0.0475,0.04745591,59.51,BTC-27DEC24-100000-C,89135.49,buy,2.0,2.0,,,,
8424,325753641,2024-11-12 08:56:31,3,0.0475,0.04744923,59.51,BTC-27DEC24-100000-C,89122.35,buy,1.8,1.8,,,,
8425,325754055,2024-11-12 08:58:38,0,0.048,0.04786778,59.54,BTC-27DEC24-100000-C,89249.45,buy,1.9,1.9,,,,
8426,325754059,2024-11-12 08:58:38,1,0.048,0.04786778,59.54,BTC-27DEC24-100000-C,89249.45,buy,0.1,0.1,,,,
8427,325754398,2024-11-12 08:59:36,0,0.0485,0.04840565,59.51,BTC-27DEC24-100000-C,89400.43,buy,1.9,1.9,,,,
8428,325754465,2024-11-12 08:59:54,1,0.0485,0.0483755,59.53,BTC-27DEC24-100000-C,89398.56,buy,0.1,0.1,,,,
8429,325754537,2024-11-12 09:00:10,1,0.0485,0.0483647,59.54,BTC-27DEC24-100000-C,89396.9,buy,1.3,1.3,,,,
8430,325755211,2024-11-12 09:02:37,0,0.049,0.04850652,59.84,BTC-27DEC24-100000-C,89414.35,buy,0.7,0.7,,,,
8431,325758188,2024-11-12 09:09:54,2,0.047,0.04607568,60.45,BTC-27DEC24-100000-C,88658.73,buy,2.9,2.9,,,,
8432,325758189,2024-11-12 09:09:54,3,0.047,0.04607568,60.45,BTC-27DEC24-100000-C,88658.73,buy,2.1,2.1,,,,
8433,325758335,2024-11-12 09:10:08,3,0.047,0.04608796,60.5,BTC-27DEC24-100000-C,88640.25,buy,0.2,0.2,,,,
8434,325760663,2024-11-12 09:14:54,2,0.046,0.04531638,60.22,BTC-27DEC24-100000-C,88502.35,buy,3.0,3.0,,,,
8435,325765555,2024-11-12 09:32:03,2,0.0455,0.04583914,59.21,BTC-27DEC24-100000-C,88745.6,buy,0.1,0.1,,,,
8436,325767221,2024-11-12 09:37:53,0,0.0457,0.04530031,59.78,BTC-27DEC24-100000-C,88616.59,buy,10.0,10.0,,167430,,
8437,325773035,2024-11-12 09:50:03,2,0.043,0.04295579,59.94,BTC-27DEC24-100000-C,87803.35,sell,1.0,1.0,,,,
8438,325775589,2024-11-12 09:58:17,3,0.043,0.04316655,59.68,BTC-27DEC24-100000-C,87890.18,buy,0.2,0.2,,,,
8439,325776943,2024-11-12 10:02:13,2,0.0425,0.04265452,59.71,BTC-27DEC24-100000-C,87739.57,sell,0.2,0.2,,,,
8440,325778357,2024-11-12 10:03:27,3,0.0425,0.04203482,60.16,BTC-27DEC24-100000-C,87560.7,buy,0.1,0.1,,,,
8441,325778358,2024-11-12 10:03:27,3,0.0425,0.04203482,60.16,BTC-27DEC24-100000-C,87560.7,buy,0.1,0.1,,,,
8442,325780624,2024-11-12 10:06:20,2,0.041,0.04110737,59.74,BTC-27DEC24-100000-C,87291.42,buy,0.1,0.1,,,,
8443,325780848,2024-11-12 10:06:37,3,0.041,0.04098884,59.88,BTC-27DEC24-100000-C,87242.23,buy,0.1,0.1,,,,
8444,325785282,2024-11-12 10:11:02,0,0.043,0.04311883,59.83,BTC-27DEC24-100000-C,87824.38,buy,0.1,0.1,,,,
8445,325786741,2024-11-12 10:13:18,1,0.043,0.04366807,59.35,BTC-27DEC24-100000-C,88023.52,sell,0.2,0.2,,,,
8446,325786742,2024-11-12 10:13:18,1,0.043,0.04366807,59.35,BTC-27DEC24-100000-C,88023.52,sell,0.4,0.4,,,,
8447,325790795,2024-11-12 10:22:00,2,0.0425,0.04276226,59.58,BTC-27DEC24-100000-C,87820.59,sell,0.2,0.2,,,,
8448,325796376,2024-11-12 10:31:19,2,0.0415,0.04155838,59.7,BTC-27DEC24-100000-C,87482.62,sell,0.2,0.2,,,,
8449,325796790,2024-11-12 10:31:50,3,0.0415,0.04181002,59.49,BTC-27DEC24-100000-C,87556.58,sell,0.5,0.5,,,,
8450,325797289,2024-11-12 10:32:21,0,0.042,0.04209075,59.62,BTC-27DEC24-100000-C,87658.46,buy,0.1,0.1,,,,
8451,325799529,2024-11-12 10:35:44,2,0.04,0.04075014,59.12,BTC-27DEC24-100000-C,87259.65,sell,10.0,10.0,,,,
8452,325799530,2024-11-12 10:35:44,3,0.04,0.04075014,59.12,BTC-27DEC24-100000-C,87259.65,sell,3.0,3.0,,,,
8453,325805201,2024-11-12 10:40:58,2,0.038,0.03865267,58.98,BTC-27DEC24-100000-C,86701.18,sell,1.0,1.0,,,,
8454,325805469,2024-11-12 10:41:18,0,0.0385,0.03846879,59.51,BTC-27DEC24-100000-C,86654.09,sell,0.2,0.2,,,,
8455,325807312,2024-11-12 10:42:29,2,0.038,0.03802962,59.32,BTC-27DEC24-100000-C,86578.25,buy,0.1,0.1,,,,
8456,325807370,2024-11-12 10:42:31,3,0.038,0.03817933,59.25,BTC-27DEC24-100000-C,86603.76,buy,0.1,0.1,,,,
8457,325807371,2024-11-12 10:42:32,3,0.038,0.03817933,59.25,BTC-27DEC24-100000-C,86603.76,buy,0.1,0.1,,,,
8458,325808134,2024-11-12 10:43:20,3,0.038,0.03805148,59.32,BTC-27DEC24-100000-C,86579.76,buy,0.2,0.2,,,,
8459,325808135,2024-11-12 10:43:20,3,0.038,0.03805148,59.32,BTC-27DEC24-100000-C,86579.76,buy,0.2,0.2,,,,
8460,325808296,2024-11-12 10:43:26,3,0.038,0.03829697,59.15,BTC-27DEC24-100000-C,86643.64,buy,0.1,0.1,,,,
8461,325808300,2024-11-12 10:43:26,3,0.038,0.03829697,59.15,BTC-27DEC24-100000-C,86643.64,buy,0.1,0.1,,,,
8462,325811875,2024-11-12 10:47:02,2,0.036,0.03663966,58.51,BTC-27DEC24-100000-C,86243.86,sell,8.7,8.7,,,,
8463,325816638,2024-11-12 10:50:15,2,0.034,0.03458257,58.37,BTC-27DEC24-100000-C,85638.26,sell,5.0,5.0,,,,
8464,325818247,2024-11-12 10:51:36,3,0.034,0.03395761,58.87,BTC-27DEC24-100000-C,85419.26,buy,1.9,1.9,,,,
8465,325818329,2024-11-12 10:51:40,3,0.034,0.03412457,58.73,BTC-27DEC24-100000-C,85471.48,buy,1.1,1.1,,,,
8466,325819948,2024-11-12 10:52:43,0,0.035,0.03584433,57.67,BTC-27DEC24-100000-C,86222.91,sell,1.1,1.1,,,,
8467,325820005,2024-11-12 10:52:45,1,0.035,0.03608296,57.89,BTC-27DEC24-100000-C,86133.07,sell,12.0,12.0,,,,
8468,325820027,2024-11-12 10:52:47,1,0.035,0.03608296,57.92,BTC-27DEC24-100000-C,86123.47,sell,3.0,3.0,,,,
8469,325820151,2024-11-12 10:52:49,1,0.035,0.03583021,57.97,BTC-27DEC24-100000-C,86104.08,sell,1.1,1.1,,,,
8470,325820969,2024-11-12 10:53:35,0,0.0355,0.03621712,57.83,BTC-27DEC24-100000-C,86307.1,sell,5.0,5.0,,,,
8471,325821284,2024-11-12 10:53:59,1,0.0355,0.03622725,57.69,BTC-27DEC24-100000-C,86364.37,sell,1.1,1.1,,,,
8472,325821516,2024-11-12 10:54:14,0,0.036,0.03629757,57.9,BTC-27DEC24-100000-C,86445.1,buy,0.8,0.8,,,,
8473,325821748,2024-11-12 10:54:29,1,0.036,0.03664677,57.64,BTC-27DEC24-100000-C,86546.27,sell,0.1,0.1,,,,
8474,325821749,2024-11-12 10:54:29,1,0.036,0.03664677,57.64,BTC-27DEC24-100000-C,86546.27,sell,1.0,1.0,,,,
8475,325822075,2024-11-12 10:54:49,0,0.0365,0.03683449,57.88,BTC-27DEC24-100000-C,86605.74,sell,1.1,1.1,,,,
8476,325822264,2024-11-12 10:54:59,1,0.0365,0.03695264,57.78,BTC-27DEC24-100000-C,86642.26,sell,1.1,1.1,,,,
8477,325822584,2024-11-12 10:55:19,1,0.0365,0.03679283,57.79,BTC-27DEC24-100000-C,86628.7,sell,1.1,1.1,,,,
8478,325822771,2024-11-12 10:55:29,0,0.037,0.03709641,57.92,BTC-27DEC24-100000-C,86729.5,sell,1.1,1.1,,,,
8479,325823112,2024-11-12 10:55:49,1,0.037,0.03727981,57.74,BTC-27DEC24-100000-C,86781.03,sell,1.1,1.1,,,,
8480,325823274,2024-11-12 10:55:59,0,0.0375,0.0376414,57.83,BTC-27DEC24-100000-C,86901.04,sell,0.1,0.1,,,,
8481,325823275,2024-11-12 10:55:59,1,0.0375,0.0376414,57.83,BTC-27DEC24-100000-C,86901.04,sell,1.0,1.0,,,,
8482,325825180,2024-11-12 10:58:56,1,0.0375,0.0377166,57.68,BTC-27DEC24-100000-C,87009.45,buy,0.9,0.9,,,,
8483,325825648,2024-11-12 10:59:38,2,0.037,0.03696161,57.83,BTC-27DEC24-100000-C,86805.28,buy,2.8,2.8,,,,
8484,325826704,2024-11-12 11:01:33,0,0.0375,0.03746695,57.79,BTC-27DEC24-100000-C,86974.13,sell,0.1,0.1,,,,
8485,325828411,2024-11-12 11:05:18,0,0.0385,0.03778696,58.13,BTC-27DEC24-100000-C,87132.17,buy,0.1,0.1,,,,
8486,325830259,2024-11-12 11:07:55,0,0.0395,0.03910941,58.16,BTC-27DEC24-100000-C,87443.27,sell,0.1,0.1,,,,
8487,325830260,2024-11-12 11:07:56,1,0.0395,0.03905183,58.18,BTC-27DEC24-100000-C,87438.31,sell,0.2,0.2,,,,
8488,325830295,2024-11-12 11:08:03,1,0.0395,0.03912482,58.2,BTC-27DEC24-100000-C,87431.91,sell,9.7,9.7,,,,
8489,325831372,2024-11-12 11:09:53,2,0.0385,0.03765409,58.57,BTC-27DEC24-100000-C,86972.91,buy,3.0,3.0,,,,
8490,325833477,2024-11-12 11:13:14,2,0.038,0.03806901,58.05,BTC-27DEC24-100000-C,87034.19,sell,0.4,0.4,,,,
8491,325834153,2024-11-12 11:14:45,3,0.038,0.03765588,58.63,BTC-27DEC24-100000-C,86806.78,sell,0.4,0.4,,,,
8492,325834419,2024-11-12 11:15:14,3,0.038,0.03767949,58.71,BTC-27DEC24-100000-C,86771.62,sell,1.6,1.6,,,,
8493,325834630,2024-11-12 11:15:37,0,0.0385,0.03791352,58.85,BTC-27DEC24-100000-C,86870.08,buy,0.1,0.1,,,,
8494,325836749,2024-11-12 11:19:33,0,0.04,0.03933394,58.95,BTC-27DEC24-100000-C,87285.7,buy,0.5,0.5,,,,
8495,325836757,2024-11-12 11:19:33,1,0.04,0.03933394,58.95,BTC-27DEC24-100000-C,87285.7,buy,0.5,0.5,,,,
8496,325837269,2024-11-12 11:20:10,1,0.04,0.0401519,58.44,BTC-27DEC24-100000-C,87484.2,sell,0.1,0.1,,,,
8497,325838402,2024-11-12 11:22:38,0,0.0405,0.04039491,59.0,BTC-27DEC24-100000-C,87419.52,sell,10.0,10.0,,,,
8498,325841096,2024-11-12 11:28:28,0,0.0415,0.04090798,59.54,BTC-27DEC24-100000-C,87516.7,sell,1.5,1.5,,,,
8499,325841097,2024-11-12 11:28:28,1,0.0415,0.04090798,59.54,BTC-27DEC24-100000-C,87516.7,sell,0.3,0.3,,,,
8500,325841225,2024-11-12 11:28:37,1,0.0415,0.04112601,59.46,BTC-27DEC24-100000-C,87544.77,sell,0.1,0.1,,,,
8501,325841582,2024-11-12 11:29:22,1,0.0415,0.04112422,59.54,BTC-27DEC24-100000-C,87516.92,sell,10.0,10.0,,,,
8502,325841700,2024-11-12 11:29:54,1,0.0415,0.04122923,59.66,BTC-27DEC24-100000-C,87470.6,sell,10.0,10.0,,,,
8503,325842195,2024-11-12 11:31:07,0,0.042,0.04142297,59.88,BTC-27DEC24-100000-C,87527.3,buy,5.0,5.0,,,,
8504,325842196,2024-11-12 11:31:07,1,0.042,0.04142297,59.88,BTC-27DEC24-100000-C,87527.3,buy,2.8,2.8,,,,
8505,325843523,2024-11-12 11:33:18,0,0.0425,0.0419483,60.04,BTC-27DEC24-100000-C,87607.6,buy,5.0,5.0,,,,
8506,325844398,2024-11-12 11:35:05,1,0.0425,0.04248285,59.75,BTC-27DEC24-100000-C,87710.96,sell,0.1,0.1,,,,
8507,325844557,2024-11-12 11:35:26,2,0.042,0.04235088,59.46,BTC-27DEC24-100000-C,87667.22,sell,0.1,0.1,,,,
8508,325845423,2024-11-12 11:37:07,0,0.0435,0.04316368,60.27,BTC-27DEC24-100000-C,87783.53,sell,10.0,10.0,,,,
8509,325846337,2024-11-12 11:38:10,0,0.044,0.04330037,60.58,BTC-27DEC24-100000-C,87810.81,buy,0.1,0.1,,,,
8510,325846338,2024-11-12 11:38:10,1,0.044,0.04330037,60.58,BTC-27DEC24-100000-C,87810.81,buy,0.6,0.6,,,,
8511,325847304,2024-11-12 11:39:22,2,0.043,0.04349972,59.64,BTC-27DEC24-100000-C,87874.13,sell,0.1,0.1,,,,
8512,325848478,2024-11-12 11:41:37,0,0.0435,0.04334822,60.25,BTC-27DEC24-100000-C,87814.44,sell,0.3,0.3,,,,
8513,325848480,2024-11-12 11:41:37,1,0.0435,0.04334822,60.25,BTC-27DEC24-100000-C,87814.44,sell,0.2,0.2,,,,
8514,325849944,2024-11-12 11:45:53,2,0.042,0.04260043,59.62,BTC-27DEC24-100000-C,87618.09,sell,0.1,0.1,,,,
8515,325853661,2024-11-12 11:53:27,2,0.041,0.04125001,59.85,BTC-27DEC24-100000-C,87242.15,sell,0.1,0.1,,,,
8516,325864805,2024-11-12 12:11:12,0,0.043,0.04336442,59.86,BTC-27DEC24-100000-C,87817.82,sell,0.1,0.1,,,,
8517,325865161,2024-11-12 12:12:20,1,0.043,0.04312048,60.09,BTC-27DEC24-100000-C,87732.05,sell,0.1,0.1,,,,
8518,325866399,2024-11-12 12:15:10,1,0.043,0.04330102,60.15,BTC-27DEC24-100000-C,87705.26,sell,0.4,0.4,,,,
8519,325876798,2024-11-12 12:40:05,2,0.041,0.04104686,60.09,BTC-27DEC24-100000-C,87162.83,buy,0.1,0.1,,,,
8520,325876848,2024-11-12 12:40:13,3,0.041,0.04131165,59.93,BTC-27DEC24-100000-C,87227.43,sell,1.0,1.0,,,,
8521,325880808,2024-11-12 12:47:51,2,0.0395,0.03978597,59.94,BTC-27DEC24-100000-C,86816.39,sell,0.2,0.2,,,,
8522,325883561,2024-11-12 12:52:20,2,0.0385,0.03885275,59.89,BTC-27DEC24-100000-C,86516.09,sell,1.4,1.4,,,,
8523,325888577,2024-11-12 13:00:54,2,0.038,0.03807757,60.03,BTC-27DEC24-100000-C,86290.22,sell,1.8,1.8,,,,
8524,325893006,2024-11-12 13:07:46,2,0.0375,0.03760791,59.75,BTC-27DEC24-100000-C,86239.49,buy,0.1,0.1,,,,
8525,325896625,2024-11-12 13:13:38,0,0.0385,0.03816779,60.14,BTC-27DEC24-100000-C,86409.47,sell,0.1,0.1,,,,
8526,325901382,2024-11-12 13:25:34,2,0.0375,0.0377073,59.87,BTC-27DEC24-100000-C,86206.48,buy,1.0,1.0,,,,
8527,325904863,2024-11-12 13:33:26,2,0.037,0.03696642,60.11,BTC-27DEC24-100000-C,85975.16,sell,0.5,0.5,,,,
8528,325906775,2024-11-12 13:36:51,2,0.0355,0.03586151,60.06,BTC-27DEC24-100000-C,85502.65,sell,2.0,2.0,,,,
8529,325914834,2024-11-12 13:49:32,2,0.0345,0.03463979,59.85,BTC-27DEC24-100000-C,85244.76,sell,1.0,1.0,,,,
8530,325914991,2024-11-12 13:49:46,3,0.0345,0.03454787,59.89,BTC-27DEC24-100000-C,85225.95,sell,8.8,8.8,,,,
8531,325915005,2024-11-12 13:49:46,3,0.0345,0.03454787,59.89,BTC-27DEC24-100000-C,85225.95,sell,0.2,0.2,,,,
8532,325916865,2024-11-12 13:53:41,0,0.035,0.03499126,59.91,BTC-27DEC24-100000-C,85378.56,buy,0.2,0.2,,,,
8533,325917684,2024-11-12 13:56:05,0,0.0365,0.0362758,59.98,BTC-27DEC24-100000-C,85843.47,buy,0.1,0.1,,,,
8534,325919360,2024-11-12 13:58:42,0,0.0385,0.03813779,60.11,BTC-27DEC24-100000-C,86425.68,buy,0.5,0.5,,,,
8535,325920369,2024-11-12 14:00:28,2,0.0375,0.03761294,59.71,BTC-27DEC24-100000-C,86260.75,buy,0.1,0.1,,,,
8536,325921000,2024-11-12 14:01:26,0,0.0385,0.03815175,60.03,BTC-27DEC24-100000-C,86446.42,buy,0.3,0.3,,,,
8537,325921065,2024-11-12 14:01:30,1,0.0385,0.03809955,60.01,BTC-27DEC24-100000-C,86453.69,buy,0.1,0.1,,,,
8538,325924367,2024-11-12 14:08:27,2,0.0375,0.03764399,59.52,BTC-27DEC24-100000-C,86321.7,buy,0.1,0.1,,,,
8539,325925170,2024-11-12 14:11:19,3,0.0375,0.03705832,60.04,BTC-27DEC24-100000-C,86146.76,buy,0.1,0.1,,,,
8540,325925171,2024-11-12 14:11:19,3,0.0375,0.03705832,60.04,BTC-27DEC24-100000-C,86146.76,buy,0.2,0.2,,,,
8541,325928722,2024-11-12 14:21:19,2,0.0365,0.03625506,59.62,BTC-27DEC24-100000-C,86015.65,buy,0.3,0.3,,,,
8542,325929896,2024-11-12 14:22:59,2,0.036,0.03660639,58.91,BTC-27DEC24-100000-C,86137.66,sell,0.2,0.2,,,,
8543,325929897,2024-11-12 14:22:59,3,0.036,0.03660639,58.91,BTC-27DEC24-100000-C,86137.66,sell,0.8,0.8,,,,
8544,325930693,2024-11-12 14:25:40,2,0.0359,0.03639257,58.91,BTC-27DEC24-100000-C,86113.58,sell,21.0,21.0,BTC-CS-27DEC24-100000_120000,167516,,
8545,325932311,2024-11-12 14:31:19,2,0.035,0.03469952,59.49,BTC-27DEC24-100000-C,85607.26,sell,0.3,0.3,,,,
8546,325933648,2024-11-12 14:32:52,2,0.034,0.03407598,59.29,BTC-27DEC24-100000-C,85354.56,sell,1.0,1.0,,,,
8547,325935482,2024-11-12 14:35:36,0,0.035,0.03512611,59.1,BTC-27DEC24-100000-C,85766.85,buy,0.5,0.5,,,,
8548,325936805,2024-11-12 14:36:32,2,0.0345,0.03503068,58.77,BTC-27DEC24-100000-C,85730.35,buy,2.0,2.0,,,,
8549,325936806,2024-11-12 14:36:32,3,0.0345,0.03503068,58.77,BTC-27DEC24-100000-C,85730.35,buy,1.7,1.7,,,,
8550,325936812,2024-11-12 14:36:35,3,0.0345,0.03509094,58.67,BTC-27DEC24-100000-C,85770.85,buy,5.8,5.8,,,,
8551,325939437,2024-11-12 14:41:19,0,0.0365,0.03614624,59.37,BTC-27DEC24-100000-C,86173.86,buy,0.3,0.3,,,,
8552,325943209,2024-11-12 14:48:27,0,0.037,0.03671304,59.27,BTC-27DEC24-100000-C,86364.81,buy,2.3,2.3,,,,
8553,325943210,2024-11-12 14:48:27,1,0.037,0.03671304,59.27,BTC-27DEC24-100000-C,86364.81,buy,0.2,0.2,,,,
8554,325943211,2024-11-12 14:48:27,1,0.037,0.03671304,59.27,BTC-27DEC24-100000-C,86364.81,sell,7.5,7.5,,,,
8555,325951762,2024-11-12 15:01:54,0,0.0395,0.03947041,59.11,BTC-27DEC24-100000-C,87209.11,buy,0.1,0.1,,,,
8556,325953579,2024-11-12 15:04:28,2,0.039,0.03929103,58.81,BTC-27DEC24-100000-C,87176.25,buy,0.1,0.1,,,,
8557,325953625,2024-11-12 15:04:40,0,0.04,0.03954492,59.52,BTC-27DEC24-100000-C,87211.49,buy,5.0,5.0,,,,
8558,325954874,2024-11-12 15:07:13,2,0.0395,0.03902065,59.5,BTC-27DEC24-100000-C,87061.31,buy,0.5,0.5,,,,
8559,325955745,2024-11-12 15:09:19,0,0.04,0.03967126,59.44,BTC-27DEC24-100000-C,87240.8,buy,0.2,0.2,,,,
8560,325955746,2024-11-12 15:09:19,1,0.04,0.03967126,59.44,BTC-27DEC24-100000-C,87240.8,buy,3.0,3.0,,,,
8561,325955747,2024-11-12 15:09:19,1,0.04,0.03967126,59.44,BTC-27DEC24-100000-C,87240.8,buy,0.8,0.8,,,,
8562,325955748,2024-11-12 15:09:19,1,0.04,0.03967126,59.44,BTC-27DEC24-100000-C,87240.8,buy,0.1,0.1,,,,
8563,325955749,2024-11-12 15:09:19,1,0.04,0.03967126,59.44,BTC-27DEC24-100000-C,87240.8,buy,0.9,0.9,,,,
8564,325955767,2024-11-12 15:09:26,1,0.04,0.03964643,59.36,BTC-27DEC24-100000-C,87273.88,buy,3.0,3.0,,,,
8565,325955768,2024-11-12 15:09:26,1,0.04,0.03964643,59.36,BTC-27DEC24-100000-C,87273.88,sell,2.0,2.0,,,,
8566,325957271,2024-11-12 15:12:48,0,0.0405,0.04045689,59.3,BTC-27DEC24-100000-C,87452.69,buy,0.1,0.1,,,,
8567,325960088,2024-11-12 15:17:23,2,0.0395,0.03961301,59.03,BTC-27DEC24-100000-C,87257.25,buy,0.1,0.1,,,,
8568,325963057,2024-11-12 15:23:05,2,0.038,0.03831279,58.99,BTC-27DEC24-100000-C,86824.58,sell,0.5,0.5,,,,
8569,325964175,2024-11-12 15:28:02,0,0.039,0.03942443,59.05,BTC-27DEC24-100000-C,87140.91,buy,0.1,0.1,,,,
8570,325971628,2024-11-12 15:49:15,2,0.0365,0.03683976,58.48,BTC-27DEC24-100000-C,86587.46,buy,10.0,10.0,,,,
8571,325973972,2024-11-12 15:58:02,3,0.0365,0.03673989,58.52,BTC-27DEC24-100000-C,86598.48,buy,0.5,0.5,,,,
8572,325974057,2024-11-12 15:58:29,0,0.0375,0.0368792,59.23,BTC-27DEC24-100000-C,86636.58,buy,2.0,2.0,,,,
8573,325978805,2024-11-12 16:11:51,2,0.035,0.03511031,58.63,BTC-27DEC24-100000-C,86084.23,sell,8.7,8.7,,,,
8574,325978855,2024-11-12 16:11:59,3,0.035,0.03499081,58.72,BTC-27DEC24-100000-C,86053.31,sell,1.0,1.0,,,,
8575,325979260,2024-11-12 16:12:23,3,0.035,0.03496358,58.72,BTC-27DEC24-100000-C,86046.99,sell,0.1,0.1,,,,
8576,325979323,2024-11-12 16:12:33,3,0.035,0.03501394,58.79,BTC-27DEC24-100000-C,86018.69,sell,0.2,0.2,,,,
8577,325979324,2024-11-12 16:12:33,3,0.035,0.03501394,58.79,BTC-27DEC24-100000-C,86018.69,sell,0.1,0.1,,,,
8578,325985361,2024-11-12 16:24:41,0,0.0351,0.03514778,58.7,BTC-27DEC24-100000-C,86152.73,buy,0.2,0.2,BTC-RR-27DEC24-78000_100000,,325985359,
8579,325985740,2024-11-12 16:25:51,0,0.0352,0.03526458,58.71,BTC-27DEC24-100000-C,86183.33,buy,0.2,0.2,BTC-RR-27DEC24-78000_100000,,325985738,
8580,325985776,2024-11-12 16:25:53,0,0.0353,0.03535172,58.72,BTC-27DEC24-100000-C,86213.14,buy,1.1,1.1,BTC-RR-27DEC24-78000_100000,,325985775,
8581,325985875,2024-11-12 16:26:08,2,0.0352,0.03540741,58.61,BTC-27DEC24-100000-C,86214.42,buy,0.3,0.3,BTC-RR-27DEC24-78000_100000,,325985873,
8582,325986137,2024-11-12 16:27:04,0,0.0357,0.03570311,58.75,BTC-27DEC24-100000-C,86336.73,buy,0.2,0.2,BTC-RR-27DEC24-78000_100000,,325986135,
8583,325986169,2024-11-12 16:27:07,1,0.0357,0.03578925,58.71,BTC-27DEC24-100000-C,86341.54,buy,0.7,0.7,BTC-RR-27DEC24-78000_100000,,325986168,
8584,325986618,2024-11-12 16:28:23,1,0.0357,0.03583819,58.68,BTC-27DEC24-100000-C,86365.45,buy,0.1,0.1,BTC-RR-27DEC24-78000_100000,,325986617,
8585,325987309,2024-11-12 16:31:44,0,0.0365,0.03672833,58.53,BTC-27DEC24-100000-C,86675.22,buy,0.2,0.2,BTC-RR-27DEC24-78000_100000,,325987308,
8586,325987315,2024-11-12 16:31:47,1,0.0365,0.03680965,58.52,BTC-27DEC24-100000-C,86673.61,buy,0.4,0.4,BTC-RR-27DEC24-78000_100000,,325987313,
8587,325987316,2024-11-12 16:31:47,1,0.0365,0.03680965,58.52,BTC-27DEC24-100000-C,86673.61,buy,0.6,0.6,BTC-RR-27DEC24-78000_100000,,325987314,
8588,325987325,2024-11-12 16:31:48,0,0.037,0.03681187,58.92,BTC-27DEC24-100000-C,86676.94,sell,0.1,0.1,,,,
8589,325987347,2024-11-12 16:31:50,2,0.0366,0.03682293,58.59,BTC-27DEC24-100000-C,86676.47,buy,0.7,0.7,BTC-RR-27DEC24-78000_100000,,325987345,
8590,325987357,2024-11-12 16:31:52,3,0.0366,0.03682223,58.54,BTC-27DEC24-100000-C,86694.4,buy,1.1,1.1,BTC-RR-27DEC24-78000_100000,,325987356,
8591,325987361,2024-11-12 16:31:54,2,0.0365,0.03687196,58.47,BTC-27DEC24-100000-C,86693.22,buy,0.4,0.4,BTC-RR-27DEC24-78000_100000,,325987359,
8592,325987472,2024-11-12 16:32:17,3,0.0365,0.03698697,58.38,BTC-27DEC24-100000-C,86723.05,sell,1.4,1.4,BTC-RR-27DEC24-78000_100000,,325987471,
8593,325987670,2024-11-12 16:33:05,0,0.0368,0.03729013,58.36,BTC-27DEC24-100000-C,86825.87,sell,1.4,1.4,BTC-RR-27DEC24-78000_100000,,325987669,
8594,325998517,2024-11-12 17:03:04,0,0.0385,0.03769089,58.8,BTC-27DEC24-100000-C,87205.28,buy,1.0,1.0,,,,
8595,325998563,2024-11-12 17:03:28,2,0.0375,0.03762621,58.06,BTC-27DEC24-100000-C,87179.77,buy,0.1,0.1,,,,
8596,325999517,2024-11-12 17:07:55,0,0.038,0.03828156,57.89,BTC-27DEC24-100000-C,87387.94,buy,0.1,0.1,,,,
8597,326001890,2024-11-12 17:18:20,0,0.039,0.03881393,58.18,BTC-27DEC24-100000-C,87603.71,sell,0.1,0.1,,,,
8598,326002949,2024-11-12 17:19:52,1,0.039,0.03910828,58.0,BTC-27DEC24-100000-C,87678.32,buy,0.1,0.1,,,,
8599,326003880,2024-11-12 17:21:58,2,0.038,0.03813929,58.0,BTC-27DEC24-100000-C,87356.84,sell,0.1,0.1,,,,
8600,326005335,2024-11-12 17:29:05,3,0.038,0.03866487,57.61,BTC-27DEC24-100000-C,87531.85,sell,0.1,0.1,,,,
8601,326006467,2024-11-12 17:33:33,0,0.0395,0.0393792,58.15,BTC-27DEC24-100000-C,87779.22,buy,0.2,0.2,,,,
8602,326006469,2024-11-12 17:33:33,1,0.0395,0.0393792,58.15,BTC-27DEC24-100000-C,87779.22,sell,8.5,8.5,,,,
8603,326006470,2024-11-12 17:33:33,1,0.0395,0.0393792,58.15,BTC-27DEC24-100000-C,87779.22,sell,0.1,0.1,,,,
8604,326006471,2024-11-12 17:33:33,1,0.0395,0.0393792,58.15,BTC-27DEC24-100000-C,87779.22,sell,1.2,1.2,,,,
8605,326011531,2024-11-12 17:49:35,2,0.0385,0.03868877,57.76,BTC-27DEC24-100000-C,87634.67,sell,0.8,0.8,,,,
8606,326014890,2024-11-12 17:58:20,2,0.0365,0.03689264,57.58,BTC-27DEC24-100000-C,87089.9,sell,2.7,2.7,,,,
8607,326014891,2024-11-12 17:58:20,3,0.0365,0.03689264,57.58,BTC-27DEC24-100000-C,87089.9,sell,8.5,8.5,,,,
8608,326014892,2024-11-12 17:58:20,3,0.0365,0.03689264,57.58,BTC-27DEC24-100000-C,87089.9,sell,3.2,3.2,,,,
8609,326014893,2024-11-12 17:58:20,3,0.0365,0.03689264,57.58,BTC-27DEC24-100000-C,87089.9,sell,5.0,5.0,,,,
8610,326014894,2024-11-12 17:58:20,3,0.0365,0.03689264,57.58,BTC-27DEC24-100000-C,87089.9,sell,2.7,2.7,,,,
8611,326014895,2024-11-12 17:58:20,3,0.0365,0.03689264,57.58,BTC-27DEC24-100000-C,87089.9,sell,0.2,0.2,,,,
8612,326014896,2024-11-12 17:58:20,3,0.0365,0.03689264,57.58,BTC-27DEC24-100000-C,87089.9,buy,1.3,1.3,,,,
8613,326014897,2024-11-12 17:58:20,3,0.0365,0.03689264,57.58,BTC-27DEC24-100000-C,87089.9,buy,8.6,8.6,,,,
8614,326014898,2024-11-12 17:58:20,3,0.0365,0.03689264,57.58,BTC-27DEC24-100000-C,87089.9,buy,7.8,7.8,,,,
8615,326014899,2024-11-12 17:58:20,3,0.0365,0.03689264,57.58,BTC-27DEC24-100000-C,87089.9,buy,6.0,6.0,,,,
8616,326014900,2024-11-12 17:58:20,3,0.0365,0.03689264,57.58,BTC-27DEC24-100000-C,87089.9,buy,1.0,1.0,,,,
8617,326014901,2024-11-12 17:58:20,3,0.0365,0.03689264,57.58,BTC-27DEC24-100000-C,87089.9,buy,1.3,1.3,,,,
8618,326014902,2024-11-12 17:58:20,3,0.0365,0.03689264,57.58,BTC-27DEC24-100000-C,87089.9,buy,2.1,2.1,,,,
8619,326014903,2024-11-12 17:58:20,3,0.0365,0.03689264,57.58,BTC-27DEC24-100000-C,87089.9,buy,3.8,3.8,,,,
8620,326014904,2024-11-12 17:58:20,3,0.0365,0.03689264,57.58,BTC-27DEC24-100000-C,87089.9,buy,0.1,0.1,,,,
8621,326015138,2024-11-12 17:58:29,2,0.036,0.03681739,57.22,BTC-27DEC24-100000-C,87078.62,sell,4.5,4.5,,,,
8622,326015139,2024-11-12 17:58:29,3,0.036,0.03681739,57.22,BTC-27DEC24-100000-C,87078.62,sell,8.6,8.6,,,,
8623,326015142,2024-11-12 17:58:29,3,0.036,0.03681739,57.22,BTC-27DEC24-100000-C,87078.62,buy,6.0,6.0,,,,
8624,326015143,2024-11-12 17:58:29,3,0.036,0.03681739,57.22,BTC-27DEC24-100000-C,87078.62,buy,0.1,0.1,,,,
8625,326015145,2024-11-12 17:58:29,3,0.036,0.03681739,57.22,BTC-27DEC24-100000-C,87078.62,buy,6.0,6.0,,,,
8626,326015147,2024-11-12 17:58:29,3,0.036,0.03681739,57.22,BTC-27DEC24-100000-C,87078.62,buy,20.5,20.5,,,,
8627,326023747,2024-11-12 18:21:35,0,0.0385,0.03888448,57.16,BTC-27DEC24-100000-C,87905.05,sell,8.5,8.5,,,,
8628,326023749,2024-11-12 18:21:35,1,0.0385,0.03888448,57.16,BTC-27DEC24-100000-C,87905.05,sell,5.1,5.1,,,,
8629,326023750,2024-11-12 18:21:35,1,0.0385,0.03888448,57.16,BTC-27DEC24-100000-C,87905.05,sell,3.4,3.4,,,,
8630,326026058,2024-11-12 18:26:39,0,0.04,0.04014089,57.26,BTC-27DEC24-100000-C,88291.24,buy,0.1,0.1,,,,
8631,326029790,2024-11-12 18:33:25,0,0.0415,0.04155376,57.35,BTC-27DEC24-100000-C,88693.82,buy,0.1,0.1,,,,
8632,326032389,2024-11-12 18:40:18,2,0.041,0.0408282,57.44,BTC-27DEC24-100000-C,88526.87,buy,0.1,0.1,,,,
8633,326033108,2024-11-12 18:42:46,3,0.041,0.04071517,57.54,BTC-27DEC24-100000-C,88500.72,sell,0.1,0.1,,,,
8634,326034466,2024-11-12 18:47:57,0,0.042,0.04185271,57.51,BTC-27DEC24-100000-C,88800.98,sell,3.0,3.0,,,,
8635,326034467,2024-11-12 18:47:57,1,0.042,0.04185271,57.51,BTC-27DEC24-100000-C,88800.98,sell,8.4,8.4,,,,
8636,326034468,2024-11-12 18:47:57,1,0.042,0.04185271,57.51,BTC-27DEC24-100000-C,88800.98,sell,0.1,0.1,,,,
8637,326034489,2024-11-12 18:47:59,1,0.042,0.04185483,57.53,BTC-27DEC24-100000-C,88792.61,sell,7.2,7.2,,,,
8638,326034562,2024-11-12 18:48:17,1,0.042,0.04180893,57.57,BTC-27DEC24-100000-C,88781.17,sell,1.3,1.3,,,,
8639,326034783,2024-11-12 18:48:57,2,0.0415,0.04150794,57.36,BTC-27DEC24-100000-C,88721.85,sell,0.7,0.7,,,,
8640,326037130,2024-11-12 18:56:22,0,0.0425,0.04243513,57.48,BTC-27DEC24-100000-C,88965.78,buy,0.1,0.1,,,,
8641,326038549,2024-11-12 19:01:17,2,0.042,0.0419398,57.45,BTC-27DEC24-100000-C,88832.93,sell,3.0,3.0,,,,
8642,326038591,2024-11-12 19:01:28,3,0.042,0.04220147,57.3,BTC-27DEC24-100000-C,88884.72,buy,0.5,0.5,,,,
8643,326042206,2024-11-12 19:11:22,0,0.043,0.04373427,56.95,BTC-27DEC24-100000-C,89268.79,sell,0.6,0.6,,,,
8644,326043123,2024-11-12 19:14:07,0,0.044,0.0442608,57.37,BTC-27DEC24-100000-C,89392.59,sell,0.1,0.1,,,,
8645,326047326,2024-11-12 19:21:22,0,0.0445,0.04477921,57.55,BTC-27DEC24-100000-C,89468.21,sell,0.5,0.5,,,,
8646,326047434,2024-11-12 19:21:38,1,0.0445,0.04492131,57.46,BTC-27DEC24-100000-C,89503.15,sell,3.0,3.0,,,,
8647,326048792,2024-11-12 19:23:16,0,0.045,0.04458357,58.17,BTC-27DEC24-100000-C,89411.83,sell,0.1,0.1,,,,
8648,326049038,2024-11-12 19:23:52,1,0.045,0.0444164,58.28,BTC-27DEC24-100000-C,89373.18,sell,5.0,5.0,,,,
8649,326051203,2024-11-12 19:26:40,1,0.045,0.04500507,57.82,BTC-27DEC24-100000-C,89576.02,sell,0.1,0.1,,,,
8650,326052563,2024-11-12 19:28:54,0,0.046,0.04557232,58.28,BTC-27DEC24-100000-C,89656.89,sell,0.1,0.1,,,,
8651,326054340,2024-11-12 19:31:22,2,0.0455,0.04592543,57.7,BTC-27DEC24-100000-C,89731.14,sell,0.6,0.6,,,,
8652,326056627,2024-11-12 19:35:56,0,0.0465,0.04658885,57.97,BTC-27DEC24-100000-C,89884.93,sell,0.9,0.9,,,,
8653,326059758,2024-11-12 19:41:20,2,0.0455,0.04549306,58.13,BTC-27DEC24-100000-C,89551.27,sell,3.0,3.0,,,,
8654,326059790,2024-11-12 19:41:23,3,0.0455,0.04550981,58.13,BTC-27DEC24-100000-C,89549.19,buy,0.5,0.5,,,,
8655,326062602,2024-11-12 19:48:54,2,0.044,0.04433221,58.08,BTC-27DEC24-100000-C,89157.15,sell,1.0,1.0,,,,
8656,326064982,2024-11-12 19:56:26,2,0.0435,0.04335122,58.41,BTC-27DEC24-100000-C,88896.09,sell,0.2,0.2,,,,
8657,326064983,2024-11-12 19:56:26,3,0.0435,0.04335122,58.41,BTC-27DEC24-100000-C,88896.09,sell,1.8,1.8,,,,
8658,326065764,2024-11-12 19:59:52,3,0.0435,0.04299216,58.59,BTC-27DEC24-100000-C,88833.68,buy,1.3,1.3,,,,
8659,326065882,2024-11-12 20:00:07,2,0.043,0.04315848,58.23,BTC-27DEC24-100000-C,88820.59,sell,3.0,3.0,,,,
8660,326068540,2024-11-12 20:08:22,0,0.0445,0.04438428,58.28,BTC-27DEC24-100000-C,89241.84,buy,0.1,0.1,,,,
8661,326069529,2024-11-12 20:10:36,0,0.0455,0.04514329,58.58,BTC-27DEC24-100000-C,89421.13,buy,1.0,1.0,,,,
8662,326069530,2024-11-12 20:10:36,1,0.0455,0.04514329,58.58,BTC-27DEC24-100000-C,89421.13,buy,0.6,0.6,,,,
8663,326069721,2024-11-12 20:11:18,1,0.0455,0.0451991,58.53,BTC-27DEC24-100000-C,89440.18,buy,0.1,0.1,,,,
8664,326074462,2024-11-12 20:20:48,0,0.046,0.04522115,59.09,BTC-27DEC24-100000-C,89412.42,buy,6.0,6.0,,,,
8665,326074463,2024-11-12 20:20:48,1,0.046,0.04522115,59.09,BTC-27DEC24-100000-C,89412.42,buy,2.2,2.2,,,,
8666,326074464,2024-11-12 20:20:48,1,0.046,0.04522115,59.09,BTC-27DEC24-100000-C,89412.42,buy,0.2,0.2,,,,
8667,326074465,2024-11-12 20:20:48,1,0.046,0.04522115,59.09,BTC-27DEC24-100000-C,89412.42,buy,2.4,2.4,,,,
8668,326074466,2024-11-12 20:20:48,1,0.046,0.04522115,59.09,BTC-27DEC24-100000-C,89412.42,buy,10.7,10.7,,,,
8669,326074467,2024-11-12 20:20:48,1,0.046,0.04522115,59.09,BTC-27DEC24-100000-C,89412.42,buy,8.3,8.3,,,,
8670,326074468,2024-11-12 20:20:48,1,0.046,0.04522115,59.09,BTC-27DEC24-100000-C,89412.42,buy,4.5,4.5,,,,
8671,326074469,2024-11-12 20:20:48,1,0.046,0.04522115,59.09,BTC-27DEC24-100000-C,89412.42,buy,0.1,0.1,,,,
