trade_seq,trade_id,timestamp,tick_direction,price,mark_price,iv,instrument_name,index_price,direction,contracts,amount,combo_trade_id,combo_id,block_trade_id,liquidation
1,294469315,2024-03-28 15:04:53,1,0.203,0.20642393,82.89,BTC-28MAR25-120000-C,71429.11,buy,4.0,4.0,,,,
2,294469316,2024-03-28 15:04:53,1,0.203,0.20642393,82.89,BTC-28MAR25-120000-C,71429.11,buy,4.0,4.0,,,,
3,294470436,2024-03-28 15:09:01,2,0.202,0.2038505,82.86,BTC-28MAR25-120000-C,71258.95,buy,2.0,2.0,,,,
4,294694728,2024-03-30 08:45:10,2,0.193,0.20309946,81.92,BTC-28MAR25-120000-C,69901.27,sell,0.1,0.1,,,,
5,294817255,2024-04-01 01:03:01,0,0.202,0.21117981,82.29,BTC-28MAR25-120000-C,71145.87,sell,0.1,0.1,,,,
6,294903419,2024-04-01 15:06:54,2,0.2005,0.20170028,85.08,BTC-28MAR25-120000-C,68718.06,sell,0.1,0.1,,,,
7,294904281,2024-04-01 15:07:46,3,0.2005,0.20167471,85.13,BTC-28MAR25-120000-C,68710.15,sell,0.9,0.9,,,,
8,294940135,2024-04-01 19:12:46,2,0.195,0.19720508,83.63,BTC-28MAR25-120000-C,69139.95,buy,0.1,0.1,,,,
9,294940207,2024-04-01 19:13:44,3,0.195,0.19694034,83.62,BTC-28MAR25-120000-C,69138.89,buy,0.1,0.1,,,,
10,294955842,2024-04-01 21:13:47,0,0.199,0.19976572,83.92,BTC-28MAR25-120000-C,69771.8,sell,0.1,0.1,,,,
11,294955883,2024-04-01 21:14:45,0,0.1995,0.19981031,84.07,BTC-28MAR25-120000-C,69781.74,sell,0.2,0.2,,,,
12,294955933,2024-04-01 21:14:59,1,0.1995,0.1997787,84.08,BTC-28MAR25-120000-C,69771.92,sell,0.2,0.2,,,,
13,295085522,2024-04-02 10:04:22,2,0.184,0.18741514,84.24,BTC-28MAR25-120000-C,65991.11,buy,0.3,0.3,,,,
14,295085918,2024-04-02 10:05:42,3,0.184,0.18666807,84.29,BTC-28MAR25-120000-C,65937.76,buy,0.5,0.5,,,,
15,295086728,2024-04-02 10:09:55,2,0.183,0.18517378,84.02,BTC-28MAR25-120000-C,65980.13,buy,0.5,0.5,,,,
16,295095615,2024-04-02 10:58:24,0,0.185,0.18395961,84.5,BTC-28MAR25-120000-C,66022.6,buy,0.3,0.3,,,,
17,295134221,2024-04-02 13:45:13,2,0.181,0.18459138,84.47,BTC-28MAR25-120000-C,65049.31,sell,0.5,0.5,,,,
18,295332918,2024-04-03 19:02:02,0,0.1815,0.18374767,83.61,BTC-28MAR25-120000-C,66118.69,buy,5.0,5.0,,,,
19,295342561,2024-04-03 20:44:36,2,0.179,0.18217838,83.67,BTC-28MAR25-120000-C,65607.15,sell,0.1,0.1,,,,
20,295414557,2024-04-04 13:22:25,0,0.187,0.18667298,83.54,BTC-28MAR25-120000-C,67449.15,buy,0.5,0.5,,,,
21,295567379,2024-04-05 08:53:44,2,0.184,0.1857111,83.64,BTC-28MAR25-120000-C,67170.37,buy,3.0,3.0,,,,
22,295567381,2024-04-05 08:53:50,3,0.184,0.18563514,83.66,BTC-28MAR25-120000-C,67153.01,buy,2.0,2.0,,,,
23,295641831,2024-04-05 19:01:58,0,0.1855,0.18577246,83.91,BTC-28MAR25-120000-C,67691.73,sell,0.3,0.3,,,,
24,295671271,2024-04-06 07:12:19,2,0.1805,0.18597227,82.29,BTC-28MAR25-120000-C,68055.94,buy,5.0,5.0,,,,
25,295848125,2024-04-08 08:13:23,0,0.1935,0.19541703,82.67,BTC-28MAR25-120000-C,71171.32,buy,1.5,1.5,,,,
26,295928403,2024-04-08 12:47:17,0,0.204,0.20362146,83.62,BTC-28MAR25-120000-C,72307.67,buy,1.0,1.0,,,,
27,295938367,2024-04-08 13:49:22,2,0.202,0.20271273,83.38,BTC-28MAR25-120000-C,72057.93,buy,2.0,2.0,,,,
28,296352852,2024-04-11 04:47:23,2,0.1945,0.19123155,84.15,BTC-28MAR25-120000-C,70529.94,buy,1.0,1.0,,,,
29,296353369,2024-04-11 04:56:31,2,0.1885,0.19133954,82.59,BTC-28MAR25-120000-C,70577.31,sell,1.0,1.0,,,,
30,296353370,2024-04-11 04:56:31,3,0.1885,0.19133954,82.59,BTC-28MAR25-120000-C,70577.31,buy,2.7,2.7,,,,
31,296353391,2024-04-11 04:57:17,3,0.1885,0.18981225,82.58,BTC-28MAR25-120000-C,70596.03,buy,1.3,1.3,,,,
32,296552406,2024-04-12 13:44:48,2,0.178,0.17847927,81.56,BTC-28MAR25-120000-C,69826.9,sell,0.1,0.1,,,,
33,296559208,2024-04-12 14:19:38,0,0.1805,0.17708257,82.26,BTC-28MAR25-120000-C,69753.84,buy,3.9,3.9,,,,
34,296559209,2024-04-12 14:19:38,1,0.1805,0.17708257,82.26,BTC-28MAR25-120000-C,69753.84,buy,4.0,4.0,,,,
35,296571482,2024-04-12 15:37:49,2,0.1785,0.17702195,81.96,BTC-28MAR25-120000-C,69569.33,buy,3.0,3.0,,,,
36,296610217,2024-04-12 18:07:18,2,0.1715,0.17084164,81.73,BTC-28MAR25-120000-C,68175.28,buy,3.0,3.0,,,,
37,296685277,2024-04-12 21:07:45,2,0.1685,0.16998218,82.24,BTC-28MAR25-120000-C,66921.28,sell,0.5,0.5,,,,
38,296685627,2024-04-12 21:10:00,3,0.1685,0.17012668,82.27,BTC-28MAR25-120000-C,66869.42,sell,0.4,0.4,,,,
39,296686089,2024-04-12 21:14:38,3,0.1685,0.17151141,82.29,BTC-28MAR25-120000-C,66894.5,sell,0.1,0.1,,,,
40,296712979,2024-04-13 02:45:41,2,0.1605,0.16470931,80.51,BTC-28MAR25-120000-C,66561.87,sell,0.1,0.1,,,,
41,297312588,2024-04-15 11:45:00,0,0.166,0.1663537,83.27,BTC-28MAR25-120000-C,66064.2,sell,0.1,0.1,,,,
42,297317673,2024-04-15 12:35:06,2,0.161,0.16394277,82.0,BTC-28MAR25-120000-C,66065.41,sell,4.0,4.0,,,,
43,297317674,2024-04-15 12:35:06,3,0.161,0.16394277,82.0,BTC-28MAR25-120000-C,66065.41,sell,4.0,4.0,,,,
44,297376948,2024-04-15 17:25:50,2,0.155,0.15499599,82.9,BTC-28MAR25-120000-C,63834.36,sell,0.9,0.9,,,,
45,297601254,2024-04-16 16:05:44,2,0.148,0.14729248,83.41,BTC-28MAR25-120000-C,61945.88,sell,2.0,2.0,,,,
46,297655798,2024-04-16 23:20:29,0,0.1505,0.15244787,82.17,BTC-28MAR25-120000-C,63828.73,buy,1.0,1.0,,,,
47,297659012,2024-04-17 00:19:41,2,0.148,0.15087171,81.6,BTC-28MAR25-120000-C,63704.04,buy,4.8,4.8,,,,
48,297732458,2024-04-17 13:14:41,2,0.144,0.14495602,82.03,BTC-28MAR25-120000-C,62235.56,sell,0.1,0.1,,,,
49,297816179,2024-04-17 16:16:11,2,0.137,0.13606052,82.27,BTC-28MAR25-120000-C,60889.08,sell,0.5,0.5,,,,
50,297817011,2024-04-17 16:17:33,3,0.137,0.13649162,82.13,BTC-28MAR25-120000-C,60991.23,sell,0.8,0.8,,,,
51,297817871,2024-04-17 16:18:42,2,0.135,0.13585308,81.9,BTC-28MAR25-120000-C,60636.87,sell,0.3,0.3,,,,
52,297865775,2024-04-17 20:17:24,0,0.1365,0.13628978,81.74,BTC-28MAR25-120000-C,61223.81,sell,0.3,0.3,,,,
53,298159138,2024-04-19 05:47:46,2,0.131,0.13204444,79.42,BTC-28MAR25-120000-C,62315.04,sell,0.6,0.6,,,,
54,298159145,2024-04-19 05:47:58,3,0.131,0.13201129,79.43,BTC-28MAR25-120000-C,62297.95,sell,0.2,0.2,,,,
55,298159165,2024-04-19 05:48:09,3,0.131,0.13193512,79.45,BTC-28MAR25-120000-C,62272.63,sell,0.1,0.1,,,,
56,298159175,2024-04-19 05:48:15,3,0.131,0.13196958,79.43,BTC-28MAR25-120000-C,62288.13,sell,0.1,0.1,,,,
57,298159213,2024-04-19 05:48:23,3,0.131,0.13198534,79.42,BTC-28MAR25-120000-C,62303.42,sell,0.1,0.1,,,,
58,298159268,2024-04-19 05:48:47,3,0.131,0.13218616,79.38,BTC-28MAR25-120000-C,62350.34,sell,0.1,0.1,,,,
59,298159568,2024-04-19 05:51:46,2,0.13,0.13157269,79.26,BTC-28MAR25-120000-C,62197.8,sell,2.0,2.0,,,,
60,298159573,2024-04-19 05:51:59,3,0.13,0.13159183,79.26,BTC-28MAR25-120000-C,62194.86,sell,0.5,0.5,,,,
61,298159598,2024-04-19 05:52:31,3,0.13,0.1316598,79.24,BTC-28MAR25-120000-C,62212.27,sell,0.1,0.1,,,,
62,298160151,2024-04-19 05:56:38,3,0.13,0.13136985,79.33,BTC-28MAR25-120000-C,62135.36,sell,0.5,0.5,,,,
63,298160153,2024-04-19 05:56:47,3,0.13,0.13136418,79.33,BTC-28MAR25-120000-C,62125.64,sell,0.5,0.5,,,,
64,298160154,2024-04-19 05:56:53,3,0.13,0.13135845,79.33,BTC-28MAR25-120000-C,62125.13,sell,0.5,0.5,,,,
65,298160164,2024-04-19 05:57:12,3,0.13,0.1313247,79.34,BTC-28MAR25-120000-C,62106.99,sell,0.2,0.2,,,,
66,298211574,2024-04-19 07:49:06,0,0.14,0.14201241,78.98,BTC-28MAR25-120000-C,64541.53,buy,0.3,0.3,,,,
67,298225992,2024-04-19 08:24:56,0,0.143,0.1468719,79.35,BTC-28MAR25-120000-C,64935.03,sell,0.1,0.1,,,,
68,298241341,2024-04-19 09:53:32,2,0.139,0.14224111,78.62,BTC-28MAR25-120000-C,64838.05,buy,0.7,0.7,,,,
69,299001023,2024-04-25 07:45:28,2,0.1185,0.12002875,74.94,BTC-28MAR25-120000-C,63915.69,buy,0.1,0.1,,,,
70,299001849,2024-04-25 07:48:26,2,0.1175,0.11950256,74.67,BTC-28MAR25-120000-C,63953.09,buy,0.1,0.1,,,,
71,299002226,2024-04-25 07:50:39,0,0.118,0.11884641,74.76,BTC-28MAR25-120000-C,64006.82,buy,0.1,0.1,,,,
72,299002623,2024-04-25 07:54:58,2,0.1175,0.11939945,74.57,BTC-28MAR25-120000-C,64034.73,sell,0.1,0.1,,,,
73,299003855,2024-04-25 08:03:25,3,0.1175,0.12016216,74.53,BTC-28MAR25-120000-C,64061.22,sell,0.1,0.1,,,,
74,299227035,2024-04-26 17:52:37,2,0.108,0.11079597,72.47,BTC-28MAR25-120000-C,64023.32,sell,0.1,0.1,,,,
75,299268961,2024-04-27 02:03:06,2,0.102,0.10456505,72.51,BTC-28MAR25-120000-C,62500.52,sell,0.2,0.2,,,,
76,299314014,2024-04-27 17:21:53,0,0.103,0.10512046,72.44,BTC-28MAR25-120000-C,62827.65,buy,0.1,0.1,,,,
77,299314183,2024-04-27 17:25:13,0,0.1035,0.1051579,72.55,BTC-28MAR25-120000-C,62853.68,buy,0.2,0.2,,,,
78,299369473,2024-04-28 11:26:44,0,0.1065,0.10846953,72.76,BTC-28MAR25-120000-C,63418.64,sell,0.1,0.1,,,,
79,299401744,2024-04-28 23:16:52,2,0.104,0.10545956,72.85,BTC-28MAR25-120000-C,62810.22,buy,0.2,0.2,,,,
80,299401884,2024-04-28 23:18:15,3,0.104,0.10534458,72.85,BTC-28MAR25-120000-C,62804.52,buy,0.2,0.2,,,,
81,299412612,2024-04-29 02:43:09,2,0.1035,0.10491015,72.85,BTC-28MAR25-120000-C,62692.12,buy,0.2,0.2,,,,
82,299428141,2024-04-29 05:38:23,2,0.1005,0.10327444,72.48,BTC-28MAR25-120000-C,62318.32,sell,5.0,5.0,,,,
83,299433843,2024-04-29 06:49:30,2,0.098,0.10025512,72.1,BTC-28MAR25-120000-C,62009.44,buy,0.1,0.1,,,,
84,299434839,2024-04-29 06:57:52,3,0.098,0.10053786,71.93,BTC-28MAR25-120000-C,62160.16,sell,0.1,0.1,,,,
85,299434978,2024-04-29 06:59:17,3,0.098,0.1003809,71.97,BTC-28MAR25-120000-C,62144.54,buy,0.1,0.1,,,,
86,299485966,2024-04-29 16:50:18,0,0.1005,0.1030374,71.98,BTC-28MAR25-120000-C,62839.3,sell,0.5,0.5,,,,
87,299503116,2024-04-29 21:47:56,2,0.098,0.10031814,71.24,BTC-28MAR25-120000-C,62980.49,buy,0.5,0.5,,,,
88,299503139,2024-04-29 21:48:38,3,0.098,0.10035815,71.24,BTC-28MAR25-120000-C,62980.91,sell,1.0,1.0,,,,
89,299503232,2024-04-29 21:49:22,0,0.0985,0.10048593,71.35,BTC-28MAR25-120000-C,62997.06,buy,1.0,1.0,,,,
90,299503291,2024-04-29 21:50:02,2,0.098,0.10050044,71.19,BTC-28MAR25-120000-C,63005.67,buy,0.5,0.5,,,,
91,299503312,2024-04-29 21:51:17,2,0.0975,0.10053853,71.03,BTC-28MAR25-120000-C,63011.0,sell,1.0,1.0,,,,
92,299503342,2024-04-29 21:52:21,2,0.097,0.10053031,70.88,BTC-28MAR25-120000-C,63013.71,sell,0.5,0.5,,,,
93,299512654,2024-04-29 22:54:36,0,0.099,0.10173803,70.63,BTC-28MAR25-120000-C,63786.66,sell,2.0,2.0,,,,
94,299512735,2024-04-29 22:55:34,0,0.0995,0.10190602,70.74,BTC-28MAR25-120000-C,63812.2,sell,0.5,0.5,,,,
95,299513204,2024-04-29 22:58:15,1,0.0995,0.10224627,70.65,BTC-28MAR25-120000-C,63897.75,sell,0.7,0.7,,,,
96,299513588,2024-04-29 23:01:13,1,0.0995,0.10238274,70.62,BTC-28MAR25-120000-C,63930.52,sell,0.1,0.1,,,,
97,299513721,2024-04-29 23:01:58,1,0.0995,0.10244756,70.6,BTC-28MAR25-120000-C,63945.85,sell,0.1,0.1,,,,
98,299514830,2024-04-29 23:06:44,0,0.1,0.10269452,70.68,BTC-28MAR25-120000-C,64006.99,sell,1.0,1.0,,,,
99,299519554,2024-04-29 23:53:18,0,0.1025,0.10192898,71.64,BTC-28MAR25-120000-C,63808.99,sell,0.1,0.1,,,,
100,299519997,2024-04-29 23:59:58,2,0.099,0.1015212,70.56,BTC-28MAR25-120000-C,63832.28,sell,0.9,0.9,,,,
101,299520581,2024-04-30 00:06:23,3,0.099,0.10137197,70.66,BTC-28MAR25-120000-C,63741.37,sell,0.1,0.1,,,,
102,299522489,2024-04-30 00:27:27,3,0.099,0.1021521,70.44,BTC-28MAR25-120000-C,63957.87,sell,0.5,0.5,,,,
103,299522927,2024-04-30 00:30:38,0,0.1015,0.10187495,71.25,BTC-28MAR25-120000-C,63897.24,buy,1.5,1.5,,,,
104,299523326,2024-04-30 00:37:27,2,0.099,0.10216637,70.4,BTC-28MAR25-120000-C,64003.1,sell,0.1,0.1,,,,
105,299566779,2024-04-30 08:30:27,2,0.0945,0.09579315,70.57,BTC-28MAR25-120000-C,62733.45,buy,0.1,0.1,,,,
106,299567571,2024-04-30 08:32:13,3,0.0945,0.09528715,70.7,BTC-28MAR25-120000-C,62629.81,buy,0.1,0.1,,,,
107,299568373,2024-04-30 08:33:46,2,0.0935,0.09486498,70.49,BTC-28MAR25-120000-C,62534.17,buy,0.1,0.1,,,,
108,299568697,2024-04-30 08:34:33,3,0.0935,0.0942791,70.61,BTC-28MAR25-120000-C,62411.7,buy,0.1,0.1,,,,
109,299577406,2024-04-30 09:02:43,2,0.09,0.09277392,70.16,BTC-28MAR25-120000-C,61872.11,buy,0.1,0.1,,,,
110,299577773,2024-04-30 09:06:36,0,0.0905,0.0930766,70.21,BTC-28MAR25-120000-C,61970.16,buy,0.1,0.1,,,,
111,299702577,2024-04-30 20:14:25,2,0.0845,0.08757772,70.88,BTC-28MAR25-120000-C,59824.27,sell,1.0,1.0,,,,
112,299703077,2024-04-30 20:16:10,2,0.084,0.08779451,70.64,BTC-28MAR25-120000-C,59909.0,sell,3.0,3.0,,,,
113,299799337,2024-05-01 07:30:42,2,0.08,0.08194923,71.52,BTC-28MAR25-120000-C,58044.38,sell,0.1,0.1,,,,
114,299815048,2024-05-01 07:54:41,2,0.079,0.07765385,71.71,BTC-28MAR25-120000-C,57593.55,sell,1.0,1.0,,,,
115,299842513,2024-05-01 08:35:14,2,0.078,0.07520602,72.16,BTC-28MAR25-120000-C,56971.63,sell,0.6,0.6,,,,
116,299895439,2024-05-01 12:26:50,2,0.077,0.0793748,70.51,BTC-28MAR25-120000-C,58043.7,sell,0.1,0.1,,,,
117,299895622,2024-05-01 12:27:48,0,0.0775,0.07931468,70.61,BTC-28MAR25-120000-C,58078.7,buy,0.1,0.1,,,,
118,299896152,2024-05-01 12:30:26,2,0.077,0.07854519,70.54,BTC-28MAR25-120000-C,57985.41,sell,0.1,0.1,,,,
119,299896177,2024-05-01 12:30:46,0,0.0775,0.07828219,70.69,BTC-28MAR25-120000-C,58012.53,buy,0.1,0.1,,,,
120,299896459,2024-05-01 12:32:54,1,0.0775,0.07898448,70.53,BTC-28MAR25-120000-C,58155.18,sell,0.1,0.1,,,,
121,299896841,2024-05-01 12:34:55,2,0.077,0.07858558,70.42,BTC-28MAR25-120000-C,58124.39,sell,0.1,0.1,,,,
122,299897019,2024-05-01 12:36:25,3,0.077,0.07855897,70.36,BTC-28MAR25-120000-C,58184.44,sell,0.1,0.1,,,,
123,299897079,2024-05-01 12:37:08,0,0.0775,0.07854331,70.51,BTC-28MAR25-120000-C,58198.48,buy,0.1,0.1,,,,
124,299897527,2024-05-01 12:40:31,2,0.077,0.07876327,70.39,BTC-28MAR25-120000-C,58165.25,sell,0.2,0.2,,,,
125,299897577,2024-05-01 12:41:16,0,0.0775,0.07851804,70.6,BTC-28MAR25-120000-C,58116.07,buy,0.2,0.2,,,,
126,299898260,2024-05-01 12:50:35,0,0.08,0.07946705,71.55,BTC-28MAR25-120000-C,57964.29,sell,0.5,0.5,,,,
127,299922659,2024-05-01 15:21:59,2,0.076,0.07723942,71.53,BTC-28MAR25-120000-C,56769.51,sell,0.1,0.1,,,,
128,299923405,2024-05-01 15:25:47,2,0.0745,0.07707033,70.82,BTC-28MAR25-120000-C,56990.59,sell,0.1,0.1,,,,
129,299923416,2024-05-01 15:25:52,0,0.075,0.07711276,70.97,BTC-28MAR25-120000-C,57004.2,buy,0.1,0.1,,,,
130,299924142,2024-05-01 15:32:19,2,0.0745,0.07712554,70.81,BTC-28MAR25-120000-C,56993.09,sell,0.1,0.1,,,,
131,299924295,2024-05-01 15:33:14,0,0.075,0.07701064,70.94,BTC-28MAR25-120000-C,57027.19,buy,0.1,0.1,,,,
132,299927277,2024-05-01 15:52:43,2,0.0735,0.07564988,70.74,BTC-28MAR25-120000-C,56729.98,sell,0.2,0.2,,,,
133,299927448,2024-05-01 15:54:02,0,0.074,0.0747795,70.82,BTC-28MAR25-120000-C,56827.86,sell,0.2,0.2,,,,
134,300063471,2024-05-02 08:11:58,0,0.077,0.07816353,70.83,BTC-28MAR25-120000-C,57796.64,sell,0.5,0.5,,,,
135,300063715,2024-05-02 08:15:37,2,0.074,0.07738781,69.92,BTC-28MAR25-120000-C,57740.66,sell,0.1,0.1,,,,
136,300063716,2024-05-02 08:15:37,3,0.074,0.07738781,69.92,BTC-28MAR25-120000-C,57740.66,buy,0.4,0.4,,,,
137,300066545,2024-05-02 08:47:46,2,0.0735,0.07630383,69.7,BTC-28MAR25-120000-C,57802.46,sell,0.2,0.2,,,,
138,300080456,2024-05-02 11:14:33,0,0.0755,0.07653434,69.94,BTC-28MAR25-120000-C,58170.31,buy,0.6,0.6,,,,
139,300083437,2024-05-02 11:25:05,1,0.0755,0.07662105,69.82,BTC-28MAR25-120000-C,58274.7,buy,0.1,0.1,,,,
140,300091135,2024-05-02 12:01:56,1,0.0755,0.07774675,69.59,BTC-28MAR25-120000-C,58461.5,buy,0.1,0.1,,,,
141,300101085,2024-05-02 12:42:05,0,0.077,0.07854514,69.55,BTC-28MAR25-120000-C,58985.85,buy,0.2,0.2,,,,
142,300119868,2024-05-02 14:42:44,0,0.0775,0.07976649,69.5,BTC-28MAR25-120000-C,59132.96,buy,0.2,0.2,,,,
143,300120176,2024-05-02 14:43:39,0,0.078,0.07993178,69.57,BTC-28MAR25-120000-C,59248.01,buy,0.1,0.1,,,,
144,300125158,2024-05-02 15:23:14,0,0.0785,0.08041163,69.61,BTC-28MAR25-120000-C,59330.1,buy,0.1,0.1,,,,
145,300125429,2024-05-02 15:25:10,1,0.0785,0.08043836,69.6,BTC-28MAR25-120000-C,59347.22,buy,0.1,0.1,,,,
146,300191966,2024-05-03 02:24:11,0,0.079,0.0801615,69.42,BTC-28MAR25-120000-C,59695.12,buy,0.2,0.2,,,,
147,300194955,2024-05-03 03:15:07,1,0.079,0.08038095,69.25,BTC-28MAR25-120000-C,59844.73,buy,0.2,0.2,,,,
148,300260644,2024-05-03 12:59:59,0,0.08,0.08087181,68.63,BTC-28MAR25-120000-C,60644.95,buy,0.7,0.7,,,,
149,300266904,2024-05-03 13:05:43,0,0.081,0.08219713,68.51,BTC-28MAR25-120000-C,61059.34,sell,0.3,0.3,,,,
150,300274026,2024-05-03 13:15:50,0,0.0815,0.08277833,68.52,BTC-28MAR25-120000-C,61160.83,sell,0.1,0.1,,,,
151,300275143,2024-05-03 13:16:53,0,0.0835,0.08259358,69.22,BTC-28MAR25-120000-C,61083.33,buy,0.1,0.1,,,,
152,300293466,2024-05-03 13:52:56,0,0.085,0.08635966,69.14,BTC-28MAR25-120000-C,61590.95,buy,0.2,0.2,,,,
153,300354699,2024-05-03 20:45:19,0,0.0885,0.09000903,68.9,BTC-28MAR25-120000-C,62988.49,buy,0.6,0.6,,,,
154,300355798,2024-05-03 20:49:08,0,0.089,0.09015643,68.97,BTC-28MAR25-120000-C,63065.41,buy,0.1,0.1,,,,
155,300394480,2024-05-04 05:01:58,1,0.089,0.0919273,68.85,BTC-28MAR25-120000-C,63025.56,buy,0.2,0.2,,,,
156,300432279,2024-05-04 11:43:56,0,0.0925,0.09665346,68.74,BTC-28MAR25-120000-C,64175.47,buy,0.4,0.4,,,,
157,300692865,2024-05-07 08:33:14,0,0.0955,0.09574985,69.73,BTC-28MAR25-120000-C,64223.42,sell,0.5,0.5,,,,
158,300692866,2024-05-07 08:33:14,1,0.0955,0.09574985,69.73,BTC-28MAR25-120000-C,64223.42,sell,4.5,4.5,,,,
159,300694792,2024-05-07 08:50:58,2,0.093,0.09532055,68.85,BTC-28MAR25-120000-C,64299.43,buy,0.6,0.6,,,,
160,300922001,2024-05-09 12:06:42,2,0.0795,0.08122213,68.35,BTC-28MAR25-120000-C,61143.04,buy,0.1,0.1,,,,
161,300922290,2024-05-09 12:11:28,2,0.0785,0.08112115,68.0,BTC-28MAR25-120000-C,61174.06,sell,0.1,0.1,,,,
162,300922380,2024-05-09 12:12:37,0,0.079,0.08081542,68.17,BTC-28MAR25-120000-C,61179.92,buy,0.1,0.1,,,,
163,300922760,2024-05-09 12:18:55,2,0.0785,0.07975684,67.99,BTC-28MAR25-120000-C,61210.57,sell,5.0,5.0,,,,
164,300937421,2024-05-09 14:32:12,2,0.0765,0.07921949,67.24,BTC-28MAR25-120000-C,61336.43,sell,0.2,0.2,,,,
165,300943470,2024-05-09 15:16:22,0,0.0825,0.08154053,68.69,BTC-28MAR25-120000-C,61786.05,sell,0.5,0.5,,,,
166,300943697,2024-05-09 15:17:42,1,0.0825,0.08145979,68.79,BTC-28MAR25-120000-C,61692.55,sell,9.5,9.5,,,,
167,300950855,2024-05-09 16:06:57,2,0.0815,0.0813165,67.7,BTC-28MAR25-120000-C,62398.37,buy,0.1,0.1,,,,
168,300980178,2024-05-09 22:07:36,3,0.0815,0.08272943,67.48,BTC-28MAR25-120000-C,62548.8,buy,0.4,0.4,,,,
169,300986606,2024-05-09 22:57:19,0,0.0845,0.08628687,67.55,BTC-28MAR25-120000-C,63307.22,buy,0.2,0.2,,,,
170,300986741,2024-05-09 22:58:43,1,0.0845,0.0858334,67.53,BTC-28MAR25-120000-C,63311.48,buy,0.1,0.1,,,,
171,300986766,2024-05-09 22:59:07,1,0.0845,0.0857836,67.54,BTC-28MAR25-120000-C,63294.0,buy,0.1,0.1,,,,
172,301025390,2024-05-10 10:08:27,2,0.082,0.08445062,67.21,BTC-28MAR25-120000-C,63013.54,buy,0.5,0.5,,,,
173,301026388,2024-05-10 10:35:57,2,0.0805,0.08299291,66.71,BTC-28MAR25-120000-C,63038.6,sell,0.1,0.1,,,,
174,301030657,2024-05-10 12:06:46,0,0.082,0.0834,66.91,BTC-28MAR25-120000-C,63315.49,buy,0.1,0.1,,,,
175,301051165,2024-05-10 14:50:35,2,0.078,0.07947518,67.76,BTC-28MAR25-120000-C,61416.93,buy,0.1,0.1,,,,
176,301057718,2024-05-10 14:57:17,2,0.0765,0.08284099,67.73,BTC-28MAR25-120000-C,61055.17,buy,0.1,0.1,,,,
177,301082819,2024-05-10 16:43:44,2,0.076,0.07794744,67.65,BTC-28MAR25-120000-C,60841.69,buy,0.1,0.1,,,,
178,301083164,2024-05-10 16:47:40,3,0.076,0.07809482,67.61,BTC-28MAR25-120000-C,60876.04,buy,0.1,0.1,,,,
179,301083675,2024-05-10 16:51:00,0,0.0765,0.07842714,67.68,BTC-28MAR25-120000-C,60962.76,buy,0.1,0.1,,,,
180,301315372,2024-05-13 20:00:37,0,0.084,0.08369104,68.12,BTC-28MAR25-120000-C,63152.21,buy,0.1,0.1,,,,
181,301353729,2024-05-14 05:38:51,0,0.0845,0.08356081,68.63,BTC-28MAR25-120000-C,62630.03,buy,0.1,0.1,,,,
182,301467155,2024-05-15 03:47:05,0,0.085,0.08390519,69.73,BTC-28MAR25-120000-C,61878.75,buy,0.1,0.1,,,,
183,301539836,2024-05-15 12:58:05,0,0.097,0.09700367,71.49,BTC-28MAR25-120000-C,63705.99,sell,0.5,0.5,,,,
184,301539837,2024-05-15 12:58:05,1,0.097,0.09700367,71.49,BTC-28MAR25-120000-C,63705.99,sell,4.5,4.5,,,,
185,301595210,2024-05-15 16:24:18,0,0.106,0.10519755,72.91,BTC-28MAR25-120000-C,64845.26,sell,0.5,0.5,,,,
186,301595211,2024-05-15 16:24:18,1,0.106,0.10519755,72.91,BTC-28MAR25-120000-C,64845.26,sell,3.5,3.5,,,,
187,301696896,2024-05-16 06:51:28,2,0.105,0.10426607,71.28,BTC-28MAR25-120000-C,65950.58,buy,0.1,0.1,,,,
188,301753818,2024-05-16 13:29:01,0,0.11,0.10975371,72.71,BTC-28MAR25-120000-C,65963.64,buy,0.1,0.1,,,,
189,301812889,2024-05-16 19:29:50,0,0.1135,0.11227958,74.1,BTC-28MAR25-120000-C,65541.17,sell,0.5,0.5,,,,
190,301870842,2024-05-17 08:59:41,2,0.1115,0.11196426,72.92,BTC-28MAR25-120000-C,66160.06,sell,50.0,50.0,,,140869,
191,302010976,2024-05-18 18:15:48,0,0.1165,0.1174992,73.7,BTC-28MAR25-120000-C,66824.49,buy,0.1,0.1,,,,
192,302080378,2024-05-19 21:35:04,2,0.115,0.11603802,74.2,BTC-28MAR25-120000-C,66036.48,sell,0.1,0.1,,,,
193,302252172,2024-05-20 20:59:19,0,0.1265,0.12483886,73.58,BTC-28MAR25-120000-C,69466.08,buy,0.6,0.6,,,,
194,302252173,2024-05-20 20:59:19,1,0.1265,0.12483886,73.58,BTC-28MAR25-120000-C,69466.08,buy,4.4,4.4,,,,
195,302310824,2024-05-21 00:25:45,0,0.1345,0.13674588,73.53,BTC-28MAR25-120000-C,71543.91,buy,2.0,2.0,,,,
196,302311007,2024-05-21 00:26:03,1,0.1345,0.13679146,73.5,BTC-28MAR25-120000-C,71568.17,sell,2.0,2.0,,,,
197,302311761,2024-05-21 00:29:17,2,0.1335,0.13631593,73.29,BTC-28MAR25-120000-C,71503.67,sell,0.5,0.5,,,,
198,302311839,2024-05-21 00:29:29,3,0.1335,0.13619025,73.3,BTC-28MAR25-120000-C,71488.93,buy,0.5,0.5,,,,
199,302317768,2024-05-21 01:05:08,2,0.132,0.13302107,73.15,BTC-28MAR25-120000-C,71229.51,sell,0.5,0.5,,,,
200,302325416,2024-05-21 01:30:27,2,0.1315,0.13133203,73.43,BTC-28MAR25-120000-C,70775.05,sell,0.1,0.1,,,,
201,302355960,2024-05-21 05:29:39,2,0.128,0.12970736,72.34,BTC-28MAR25-120000-C,70966.1,buy,3.7,3.7,,,,
202,302387409,2024-05-21 09:33:37,0,0.129,0.12851649,72.6,BTC-28MAR25-120000-C,71009.49,sell,0.1,0.1,,,,
203,302606694,2024-05-22 16:39:50,2,0.123,0.1243678,71.72,BTC-28MAR25-120000-C,70257.51,buy,1.0,1.0,,,,
204,302673005,2024-05-23 05:13:11,2,0.1185,0.11778237,71.34,BTC-28MAR25-120000-C,69421.46,sell,2.0,2.0,,,,
205,302768202,2024-05-23 17:01:10,2,0.1145,0.11268199,72.0,BTC-28MAR25-120000-C,67790.22,buy,0.7,0.7,,,,
206,302768253,2024-05-23 17:01:49,2,0.1124,0.11268932,71.39,BTC-28MAR25-120000-C,67787.72,buy,30.0,30.0,,,142211,
207,302768449,2024-05-23 17:03:06,0,0.1168,0.11283354,72.64,BTC-28MAR25-120000-C,67811.81,buy,30.0,30.0,,,142212,
208,302771300,2024-05-23 17:29:38,0,0.123,0.11518634,74.27,BTC-28MAR25-120000-C,68003.47,buy,40.0,40.0,,BTC-CSR12-28MAR25-120000_200000,142219,
209,302883035,2024-05-24 05:29:08,2,0.114,0.11451178,72.25,BTC-28MAR25-120000-C,67329.72,sell,0.1,0.1,,,,
210,302897303,2024-05-24 07:00:28,2,0.1105,0.11127043,71.78,BTC-28MAR25-120000-C,66906.17,buy,0.1,0.1,,,,
211,302897732,2024-05-24 07:01:43,3,0.1105,0.11103965,71.85,BTC-28MAR25-120000-C,66862.99,buy,0.1,0.1,,,,
212,302898186,2024-05-24 07:03:10,3,0.1105,0.1112077,71.8,BTC-28MAR25-120000-C,66916.19,buy,0.1,0.1,,,,
213,302996040,2024-05-24 20:49:09,0,0.113,0.11489154,70.55,BTC-28MAR25-120000-C,68991.54,sell,1.0,1.0,,,,
214,302999911,2024-05-24 22:43:27,0,0.1135,0.11473271,70.9,BTC-28MAR25-120000-C,68810.04,buy,0.2,0.2,,,,
215,303000317,2024-05-24 23:00:51,2,0.113,0.11433071,70.81,BTC-28MAR25-120000-C,68760.65,buy,0.1,0.1,,,,
216,303001326,2024-05-24 23:46:02,0,0.1145,0.1133701,71.42,BTC-28MAR25-120000-C,68605.29,sell,0.2,0.2,,,,
217,303001953,2024-05-25 00:04:36,0,0.115,0.11469127,71.61,BTC-28MAR25-120000-C,68550.59,sell,1.8,1.8,,,,
218,303002745,2024-05-25 00:35:42,2,0.1145,0.11351523,71.44,BTC-28MAR25-120000-C,68587.49,sell,0.4,0.4,,,,
219,303002802,2024-05-25 00:40:38,3,0.1145,0.1136135,71.42,BTC-28MAR25-120000-C,68593.64,sell,1.4,1.4,,,,
220,303002803,2024-05-25 00:40:38,3,0.1145,0.1136135,71.42,BTC-28MAR25-120000-C,68593.64,sell,0.2,0.2,,,,
221,303010053,2024-05-25 03:29:02,2,0.111,0.11255492,70.41,BTC-28MAR25-120000-C,68696.45,sell,0.1,0.1,,,,
222,303024072,2024-05-25 10:45:57,0,0.1135,0.1150311,70.51,BTC-28MAR25-120000-C,69373.9,buy,0.3,0.3,,,,
223,303091892,2024-05-26 18:25:23,0,0.116,0.11491494,72.08,BTC-28MAR25-120000-C,68706.59,buy,0.1,0.1,,,,
224,303092272,2024-05-26 18:49:41,1,0.116,0.11652933,71.99,BTC-28MAR25-120000-C,68770.55,sell,4.9,4.9,,,,
225,303140309,2024-05-27 09:49:44,2,0.115,0.11385263,71.72,BTC-28MAR25-120000-C,68587.52,sell,0.1,0.1,,,,
226,303198728,2024-05-27 16:38:39,0,0.1185,0.12075965,70.84,BTC-28MAR25-120000-C,70231.59,sell,5.0,5.0,,,,
227,303198729,2024-05-27 16:38:39,1,0.1185,0.12075965,70.84,BTC-28MAR25-120000-C,70231.59,buy,3.0,3.0,,,,
228,303301036,2024-05-28 08:57:08,2,0.112,0.11412781,71.39,BTC-28MAR25-120000-C,68072.29,sell,3.0,3.0,,,,
229,303311947,2024-05-28 10:17:44,0,0.1135,0.11582634,71.07,BTC-28MAR25-120000-C,68784.09,sell,3.0,3.0,,,,
230,303360975,2024-05-28 17:02:02,2,0.113,0.11330912,72.25,BTC-28MAR25-120000-C,67621.65,sell,0.1,0.1,,,,
231,303459336,2024-05-29 15:05:49,2,0.11,0.11134451,71.3,BTC-28MAR25-120000-C,67586.99,sell,0.1,0.1,,,,
232,303459337,2024-05-29 15:05:49,3,0.11,0.11134451,71.3,BTC-28MAR25-120000-C,67586.99,sell,5.0,5.0,,,,
233,303548906,2024-05-30 08:49:10,2,0.107,0.10904414,70.62,BTC-28MAR25-120000-C,67516.14,buy,0.1,0.1,,,,
234,303607442,2024-05-30 18:14:53,0,0.112,0.11306343,70.44,BTC-28MAR25-120000-C,69153.38,buy,0.2,0.2,,,,
235,303701833,2024-05-31 12:46:07,2,0.1085,0.10963564,69.93,BTC-28MAR25-120000-C,68831.16,buy,0.4,0.4,,,,
236,303703037,2024-05-31 12:55:58,0,0.11,0.10969187,70.54,BTC-28MAR25-120000-C,68660.03,sell,1.0,1.0,,,,
237,303757268,2024-05-31 18:27:15,2,0.104,0.10354381,70.25,BTC-28MAR25-120000-C,67252.35,sell,0.1,0.1,,,,
238,303809845,2024-06-01 23:22:45,2,0.1015,0.10341089,69.06,BTC-28MAR25-120000-C,67745.94,buy,0.3,0.3,,,,
239,303817989,2024-06-02 08:06:05,2,0.1,0.10245387,68.68,BTC-28MAR25-120000-C,67696.9,sell,0.1,0.1,,,,
240,303817990,2024-06-02 08:06:05,3,0.1,0.10245387,68.68,BTC-28MAR25-120000-C,67696.9,buy,0.2,0.2,,,,
241,303896344,2024-06-03 04:51:01,0,0.1045,0.10632412,68.98,BTC-28MAR25-120000-C,68481.92,buy,0.1,0.1,,,,
242,303921037,2024-06-03 08:42:47,0,0.108,0.10867029,69.11,BTC-28MAR25-120000-C,69270.75,buy,0.4,0.4,,,,
243,303945976,2024-06-03 12:53:23,0,0.11,0.10988747,69.32,BTC-28MAR25-120000-C,69680.68,buy,0.3,0.3,,,,
244,303962152,2024-06-03 14:06:30,0,0.112,0.11114102,69.96,BTC-28MAR25-120000-C,69683.48,sell,0.1,0.1,,,,
245,303985405,2024-06-03 15:40:47,2,0.1075,0.10871151,69.22,BTC-28MAR25-120000-C,69271.55,buy,0.1,0.1,,,,
246,304060018,2024-06-04 11:39:30,2,0.105,0.10755016,69.03,BTC-28MAR25-120000-C,68966.03,sell,0.1,0.1,,,,
247,304067855,2024-06-04 13:25:12,0,0.1065,0.10825472,69.05,BTC-28MAR25-120000-C,69363.57,sell,0.1,0.1,,,,
248,304094020,2024-06-04 15:23:19,0,0.1125,0.11191817,70.13,BTC-28MAR25-120000-C,70111.02,sell,0.3,0.3,,,,
249,304094141,2024-06-04 15:23:56,1,0.1125,0.11198999,70.11,BTC-28MAR25-120000-C,70130.26,sell,0.2,0.2,,,,
250,304121095,2024-06-04 16:54:29,2,0.112,0.11301201,69.17,BTC-28MAR25-120000-C,70807.77,buy,0.4,0.4,,,,
251,304157241,2024-06-04 22:57:09,2,0.1095,0.11032664,68.66,BTC-28MAR25-120000-C,70607.3,buy,0.4,0.4,,,,
252,304195062,2024-06-05 04:48:14,0,0.117,0.11489393,70.29,BTC-28MAR25-120000-C,71127.19,buy,50.0,50.0,,,143544,
253,304248614,2024-06-05 14:36:37,2,0.1105,0.11161977,68.94,BTC-28MAR25-120000-C,70800.59,buy,0.4,0.4,,,,
254,304251770,2024-06-05 14:59:30,0,0.1115,0.1122616,69.12,BTC-28MAR25-120000-C,70896.53,buy,0.1,0.1,,,,
255,304333811,2024-06-06 11:01:19,2,0.1105,0.11186467,68.77,BTC-28MAR25-120000-C,71024.21,buy,0.2,0.2,,,,
256,304342639,2024-06-06 12:41:00,0,0.111,0.11237709,68.77,BTC-28MAR25-120000-C,71163.38,buy,0.1,0.1,,,,
257,304350579,2024-06-06 13:52:02,0,0.1115,0.11281627,68.73,BTC-28MAR25-120000-C,71304.17,buy,0.1,0.1,,,,
258,304415840,2024-06-07 05:25:55,2,0.1105,0.11147675,68.65,BTC-28MAR25-120000-C,71292.0,buy,0.2,0.2,,,,
259,304454469,2024-06-07 12:05:10,0,0.116,0.11436064,69.5,BTC-28MAR25-120000-C,71899.18,sell,2.0,2.0,,,,
260,304454487,2024-06-07 12:05:19,1,0.116,0.11436726,69.5,BTC-28MAR25-120000-C,71900.38,sell,3.0,3.0,,,,
261,304581181,2024-06-08 02:37:15,2,0.1015,0.10048729,68.03,BTC-28MAR25-120000-C,69389.28,buy,0.1,0.1,,,,
262,304587207,2024-06-08 06:28:39,2,0.0985,0.10088437,67.13,BTC-28MAR25-120000-C,69364.23,sell,0.1,0.1,,,,
263,304594037,2024-06-08 09:03:51,0,0.102,0.1004617,68.25,BTC-28MAR25-120000-C,69371.02,sell,0.8,0.8,,,,
264,304599349,2024-06-08 13:25:42,0,0.1025,0.10066706,68.6,BTC-28MAR25-120000-C,69227.48,sell,0.1,0.1,,,,
265,304599989,2024-06-08 13:43:36,1,0.1025,0.10098355,68.46,BTC-28MAR25-120000-C,69323.15,sell,0.9,0.9,,,,
266,304633161,2024-06-09 16:19:04,2,0.1,0.10103907,67.57,BTC-28MAR25-120000-C,69568.17,buy,0.1,0.1,,,,
267,304668185,2024-06-10 08:53:35,0,0.1012,0.10146469,68.36,BTC-28MAR25-120000-C,69440.85,sell,7.2,7.2,304668183,BTC-CS-28MAR25-80000_120000,,
268,304705249,2024-06-10 14:16:06,2,0.1002,0.10010529,68.34,BTC-28MAR25-120000-C,69309.32,sell,0.5,0.5,304705248,BTC-CDIAG-28MAR25_27DEC24-120000_100000,,
269,304849636,2024-06-11 08:15:04,2,0.0905,0.09064344,68.47,BTC-28MAR25-120000-C,67297.39,buy,0.3,0.3,,,,
270,304887175,2024-06-11 11:51:48,2,0.089,0.08996526,68.48,BTC-28MAR25-120000-C,66843.22,buy,0.1,0.1,,,,
271,304887247,2024-06-11 11:52:09,0,0.09,0.08997358,68.79,BTC-28MAR25-120000-C,66861.18,buy,0.1,0.1,,,,
272,304890493,2024-06-11 12:08:12,0,0.093,0.09083451,69.5,BTC-28MAR25-120000-C,67025.53,sell,0.2,0.2,,,,
273,304905413,2024-06-11 13:33:36,0,0.0935,0.09158853,69.36,BTC-28MAR25-120000-C,67044.1,sell,3.0,3.0,,,,
274,304906456,2024-06-11 13:41:01,2,0.0925,0.09131252,69.14,BTC-28MAR25-120000-C,66970.94,sell,0.1,0.1,,,,
275,305031545,2024-06-12 12:32:58,0,0.1005,0.10139714,69.22,BTC-28MAR25-120000-C,69187.59,buy,1.3,1.3,,,,
276,305031546,2024-06-12 12:32:58,1,0.1005,0.10139714,69.22,BTC-28MAR25-120000-C,69187.59,buy,0.2,0.2,,,,
277,305031625,2024-06-12 12:33:01,1,0.1005,0.10146042,69.2,BTC-28MAR25-120000-C,69200.99,buy,1.3,1.3,,,,
278,305031626,2024-06-12 12:33:01,1,0.1005,0.10146042,69.2,BTC-28MAR25-120000-C,69200.99,buy,0.2,0.2,,,,
279,305031844,2024-06-12 12:33:15,1,0.1005,0.10137734,69.21,BTC-28MAR25-120000-C,69195.87,buy,2.0,2.0,,,,
280,305044700,2024-06-12 13:01:18,0,0.102,0.1030731,69.27,BTC-28MAR25-120000-C,69432.38,buy,0.1,0.1,,,,
281,305060800,2024-06-12 14:22:35,0,0.1055,0.10405437,70.06,BTC-28MAR25-120000-C,69759.9,buy,0.2,0.2,,,,
282,305063198,2024-06-12 14:31:29,0,0.106,0.10447297,70.07,BTC-28MAR25-120000-C,69823.16,buy,0.5,0.5,,,,
283,305141253,2024-06-12 22:21:57,2,0.0975,0.097961,69.06,BTC-28MAR25-120000-C,68342.82,buy,0.1,0.1,,,,
284,305141274,2024-06-12 22:22:21,3,0.0975,0.09792618,69.08,BTC-28MAR25-120000-C,68320.81,buy,0.4,0.4,,,,
285,305252908,2024-06-13 15:49:17,2,0.092,0.08940409,69.63,BTC-28MAR25-120000-C,66520.3,buy,0.1,0.1,,,,
286,305252910,2024-06-13 15:49:18,2,0.09,0.08937009,68.98,BTC-28MAR25-120000-C,66520.18,sell,0.1,0.1,,,,
287,305287610,2024-06-14 02:11:44,0,0.0905,0.08984566,68.88,BTC-28MAR25-120000-C,66776.7,sell,0.1,0.1,,,,
288,305310404,2024-06-14 08:29:46,2,0.09,0.0912283,68.38,BTC-28MAR25-120000-C,67128.24,buy,0.1,0.1,,,,
289,305391061,2024-06-14 20:32:55,2,0.0835,0.08339091,67.91,BTC-28MAR25-120000-C,65922.87,buy,0.1,0.1,,,,
290,305393532,2024-06-14 21:27:27,3,0.0835,0.08295328,67.94,BTC-28MAR25-120000-C,65951.42,buy,0.1,0.1,,,,
291,305393641,2024-06-14 21:27:32,3,0.0835,0.08316457,67.87,BTC-28MAR25-120000-C,65991.74,buy,0.3,0.3,,,,
292,305439407,2024-06-15 22:36:43,2,0.0811,0.08340561,67.18,BTC-28MAR25-120000-C,66025.29,buy,2.0,2.0,305439406,BTC-CS-28MAR25-70000_120000,,
293,305439865,2024-06-15 22:48:08,0,0.0825,0.08382723,67.53,BTC-28MAR25-120000-C,66118.04,sell,1.0,1.0,,,,
294,305440865,2024-06-15 23:25:51,0,0.083,0.08444259,67.62,BTC-28MAR25-120000-C,66205.73,buy,1.0,1.0,,,,
295,305457958,2024-06-16 12:55:35,0,0.086,0.08447046,68.26,BTC-28MAR25-120000-C,66537.6,sell,0.1,0.1,,,,
296,305457963,2024-06-16 12:56:44,2,0.085,0.0843207,67.94,BTC-28MAR25-120000-C,66537.48,sell,0.1,0.1,,,,
297,305467321,2024-06-16 20:58:28,2,0.0835,0.08306813,67.44,BTC-28MAR25-120000-C,66467.88,buy,0.1,0.1,,,,
298,305468527,2024-06-16 22:05:03,0,0.084,0.08421863,67.43,BTC-28MAR25-120000-C,66616.63,buy,0.1,0.1,,,,
299,305471075,2024-06-16 22:32:39,0,0.085,0.08492755,67.65,BTC-28MAR25-120000-C,66724.84,buy,0.1,0.1,,,,
300,305518814,2024-06-17 11:35:06,2,0.0825,0.08205032,68.0,BTC-28MAR25-120000-C,65810.04,buy,0.4,0.4,,,,
301,305518822,2024-06-17 11:35:12,3,0.0825,0.08203875,68.0,BTC-28MAR25-120000-C,65810.45,buy,0.4,0.4,,,,
302,305519354,2024-06-17 11:40:02,3,0.0825,0.0818863,68.04,BTC-28MAR25-120000-C,65785.88,buy,0.1,0.1,,,,
303,305519356,2024-06-17 11:40:08,3,0.0825,0.08188999,68.04,BTC-28MAR25-120000-C,65782.59,buy,0.1,0.1,,,,
304,305519392,2024-06-17 11:40:34,3,0.0825,0.08179935,68.07,BTC-28MAR25-120000-C,65766.78,buy,0.1,0.1,,,,
305,305519397,2024-06-17 11:40:40,3,0.0825,0.08179329,68.07,BTC-28MAR25-120000-C,65761.43,buy,0.1,0.1,,,,
306,305545772,2024-06-17 15:26:51,2,0.082,0.08136711,68.51,BTC-28MAR25-120000-C,65314.42,buy,0.1,0.1,,,,
307,305546273,2024-06-17 15:32:09,0,0.0825,0.08178981,68.57,BTC-28MAR25-120000-C,65404.67,buy,0.1,0.1,,,,
308,305546291,2024-06-17 15:32:14,1,0.0825,0.08184647,68.55,BTC-28MAR25-120000-C,65421.0,buy,0.3,0.3,,,,
309,305546305,2024-06-17 15:32:19,1,0.0825,0.08188969,68.54,BTC-28MAR25-120000-C,65428.3,buy,0.5,0.5,,,,
310,305546316,2024-06-17 15:32:24,1,0.0825,0.08188869,68.53,BTC-28MAR25-120000-C,65439.96,buy,0.6,0.6,,,,
311,305581326,2024-06-17 19:28:40,0,0.088,0.08680268,68.76,BTC-28MAR25-120000-C,66811.16,buy,0.9,0.9,,,,
312,305752270,2024-06-18 19:23:13,2,0.077,0.07706199,68.76,BTC-28MAR25-120000-C,64446.12,buy,0.1,0.1,,,,
313,305925745,2024-06-20 08:17:02,0,0.0795,0.08120301,67.81,BTC-28MAR25-120000-C,65736.17,buy,0.2,0.2,,,,
314,305938022,2024-06-20 11:03:53,0,0.0835,0.08208359,68.73,BTC-28MAR25-120000-C,66180.8,buy,1.1,1.1,,,,
315,305938023,2024-06-20 11:03:53,1,0.0835,0.08208359,68.73,BTC-28MAR25-120000-C,66180.8,buy,0.1,0.1,,,,
316,305938046,2024-06-20 11:04:09,1,0.0835,0.08269353,68.71,BTC-28MAR25-120000-C,66203.86,sell,1.9,1.9,,,,
317,305938047,2024-06-20 11:04:09,1,0.0835,0.08269353,68.71,BTC-28MAR25-120000-C,66203.86,sell,0.4,0.4,,,,
318,305938082,2024-06-20 11:04:13,1,0.0835,0.08283196,68.7,BTC-28MAR25-120000-C,66197.64,sell,1.9,1.9,,,,
319,305938083,2024-06-20 11:04:13,1,0.0835,0.08283196,68.7,BTC-28MAR25-120000-C,66197.64,sell,0.4,0.4,,,,
320,305938222,2024-06-20 11:05:11,0,0.0845,0.08358129,69.03,BTC-28MAR25-120000-C,66206.0,buy,0.1,0.1,,,,
321,305938223,2024-06-20 11:05:11,1,0.0845,0.08358129,69.03,BTC-28MAR25-120000-C,66206.0,buy,0.5,0.5,,,,
322,305938298,2024-06-20 11:05:40,0,0.086,0.08402766,69.53,BTC-28MAR25-120000-C,66199.77,buy,0.1,0.1,,,,
323,305938299,2024-06-20 11:05:40,1,0.086,0.08402766,69.53,BTC-28MAR25-120000-C,66199.77,sell,1.5,1.5,,,,
324,305939788,2024-06-20 11:14:10,2,0.0855,0.08446762,69.13,BTC-28MAR25-120000-C,66411.3,buy,0.1,0.1,,,,
325,305993708,2024-06-20 21:30:18,2,0.0805,0.08135359,69.01,BTC-28MAR25-120000-C,65141.66,buy,0.5,0.5,,,,
326,305993756,2024-06-20 21:32:03,3,0.0805,0.08130737,69.02,BTC-28MAR25-120000-C,65142.88,buy,0.5,0.5,,,,
327,306003282,2024-06-21 01:01:59,2,0.079,0.08052682,68.9,BTC-28MAR25-120000-C,64796.31,sell,0.1,0.1,,,,
328,306009162,2024-06-21 02:49:24,3,0.079,0.08061816,68.98,BTC-28MAR25-120000-C,64780.36,sell,2.9,2.9,,,,
329,306015677,2024-06-21 04:46:43,2,0.0785,0.07918389,69.03,BTC-28MAR25-120000-C,64580.95,buy,0.1,0.1,,,,
330,306073183,2024-06-21 13:41:43,2,0.0765,0.07567382,69.37,BTC-28MAR25-120000-C,63719.77,buy,1.9,1.9,,,,
331,306073184,2024-06-21 13:41:43,3,0.0765,0.07567382,69.37,BTC-28MAR25-120000-C,63719.77,sell,0.2,0.2,,,,
332,306075062,2024-06-21 13:51:51,2,0.075,0.07482988,69.21,BTC-28MAR25-120000-C,63404.37,sell,0.1,0.1,,,,
333,306076266,2024-06-21 13:58:39,0,0.076,0.07528048,69.31,BTC-28MAR25-120000-C,63615.19,sell,0.3,0.3,,,,
334,306076320,2024-06-21 13:59:07,1,0.076,0.07538376,69.3,BTC-28MAR25-120000-C,63628.24,sell,0.6,0.6,,,,
335,306076348,2024-06-21 13:59:13,1,0.076,0.07540964,69.29,BTC-28MAR25-120000-C,63640.64,sell,0.1,0.1,,,,
336,306083982,2024-06-21 14:51:09,0,0.0765,0.07679906,68.74,BTC-28MAR25-120000-C,64315.92,buy,0.4,0.4,,,,
337,306144392,2024-06-23 01:50:19,2,0.0745,0.07498202,68.15,BTC-28MAR25-120000-C,64450.78,buy,0.3,0.3,,,,
338,306144395,2024-06-23 01:51:10,3,0.0745,0.07500759,68.15,BTC-28MAR25-120000-C,64456.28,buy,0.1,0.1,,,,
339,306145960,2024-06-23 03:24:40,2,0.074,0.07362657,67.98,BTC-28MAR25-120000-C,64451.05,buy,0.2,0.2,,,,
340,306202240,2024-06-24 05:44:53,2,0.07,0.07018281,69.1,BTC-28MAR25-120000-C,62291.86,sell,0.1,0.1,,,,
341,306211633,2024-06-24 07:29:55,2,0.068,0.06946006,68.41,BTC-28MAR25-120000-C,62261.56,buy,0.1,0.1,,,,
342,306213034,2024-06-24 07:37:32,0,0.07,0.06977406,68.95,BTC-28MAR25-120000-C,62437.68,sell,1.4,1.4,,,,
343,306213131,2024-06-24 07:38:11,0,0.0705,0.06986413,69.11,BTC-28MAR25-120000-C,62452.97,sell,0.6,0.6,,,,
344,306214293,2024-06-24 07:43:21,1,0.0705,0.06986357,69.08,BTC-28MAR25-120000-C,62506.22,sell,0.3,0.3,,,,
345,306235581,2024-06-24 09:33:25,2,0.067,0.06585286,69.31,BTC-28MAR25-120000-C,61105.03,sell,0.1,0.1,,,,
346,306271143,2024-06-24 11:25:49,3,0.067,0.0672446,69.58,BTC-28MAR25-120000-C,60910.12,sell,0.1,0.1,,,,
347,306295695,2024-06-24 14:38:10,0,0.0685,0.06786559,69.34,BTC-28MAR25-120000-C,61334.17,sell,1.5,1.5,,,,
348,306314648,2024-06-24 16:37:09,2,0.067,0.06679621,69.45,BTC-28MAR25-120000-C,60768.0,sell,0.1,0.1,,,,
349,306318325,2024-06-24 16:46:30,2,0.065,0.06527434,69.2,BTC-28MAR25-120000-C,60315.14,sell,0.1,0.1,,,,
350,306335965,2024-06-24 17:36:38,2,0.064,0.06499111,68.89,BTC-28MAR25-120000-C,60260.88,buy,0.1,0.1,,,,
351,306336203,2024-06-24 17:38:44,2,0.0635,0.06453482,68.86,BTC-28MAR25-120000-C,60108.87,buy,0.1,0.1,,,,
352,306367571,2024-06-24 20:27:49,0,0.064,0.06383592,70.06,BTC-28MAR25-120000-C,59225.76,sell,0.3,0.3,,,,
353,306404067,2024-06-25 02:47:16,0,0.0685,0.06751485,70.23,BTC-28MAR25-120000-C,60623.03,sell,0.1,0.1,,,,
354,306404084,2024-06-25 02:47:38,1,0.0685,0.06758275,70.21,BTC-28MAR25-120000-C,60639.92,sell,0.1,0.1,,,,
355,306411103,2024-06-25 03:26:20,0,0.0705,0.06941704,70.12,BTC-28MAR25-120000-C,61306.46,sell,0.1,0.1,,,,
356,306451263,2024-06-25 11:06:00,2,0.07,0.06934353,70.0,BTC-28MAR25-120000-C,61343.57,sell,0.3,0.3,,,,
357,306475706,2024-06-25 14:48:16,3,0.07,0.07026834,69.49,BTC-28MAR25-120000-C,61837.17,buy,0.2,0.2,,,,
358,306531582,2024-06-26 02:28:03,3,0.07,0.0711161,69.07,BTC-28MAR25-120000-C,62217.95,buy,0.4,0.4,,,,
359,306616302,2024-06-26 19:34:33,2,0.0655,0.06626994,69.25,BTC-28MAR25-120000-C,60829.04,sell,0.1,0.1,,,,
360,306616327,2024-06-26 19:35:22,3,0.0655,0.06622147,69.26,BTC-28MAR25-120000-C,60826.38,buy,2.0,2.0,,,,
361,306646525,2024-06-27 05:55:59,0,0.067,0.06558289,69.84,BTC-28MAR25-120000-C,60821.98,buy,0.5,0.5,,,,
362,306652297,2024-06-27 07:38:28,2,0.065,0.06554601,69.13,BTC-28MAR25-120000-C,60784.6,sell,0.1,0.1,,,,
363,306652566,2024-06-27 07:43:47,2,0.0645,0.06548147,68.94,BTC-28MAR25-120000-C,60790.71,sell,0.1,0.1,,,,
364,306715287,2024-06-27 17:13:34,0,0.066,0.0651335,68.5,BTC-28MAR25-120000-C,61772.6,buy,0.5,0.5,,,,
365,306717925,2024-06-27 17:53:49,0,0.067,0.06552975,68.8,BTC-28MAR25-120000-C,61854.52,buy,0.5,0.5,,,,
366,306718023,2024-06-27 17:55:40,1,0.067,0.06538582,68.84,BTC-28MAR25-120000-C,61809.52,sell,0.5,0.5,,,,
367,306718051,2024-06-27 17:56:52,1,0.067,0.0653174,68.86,BTC-28MAR25-120000-C,61796.99,buy,0.4,0.4,,,,
368,306729186,2024-06-27 20:45:25,2,0.066,0.0643395,68.86,BTC-28MAR25-120000-C,61460.59,buy,0.1,0.1,,,,
369,306747704,2024-06-28 01:49:31,0,0.067,0.06576137,68.89,BTC-28MAR25-120000-C,61841.68,sell,1.5,1.5,,,,
370,306747705,2024-06-28 01:49:31,1,0.067,0.06576137,68.89,BTC-28MAR25-120000-C,61841.68,sell,0.3,0.3,,,,
371,306747706,2024-06-28 01:49:34,1,0.067,0.06577877,68.89,BTC-28MAR25-120000-C,61843.31,sell,1.5,1.5,,,,
372,306747707,2024-06-28 01:49:34,1,0.067,0.06577877,68.89,BTC-28MAR25-120000-C,61843.31,sell,0.3,0.3,,,,
373,306747850,2024-06-28 01:51:20,0,0.0675,0.06609494,69.09,BTC-28MAR25-120000-C,61829.01,sell,11.9,11.9,,,,
374,306747858,2024-06-28 01:51:22,1,0.0675,0.06608688,69.1,BTC-28MAR25-120000-C,61826.73,sell,0.1,0.1,,,,
375,306846019,2024-06-28 15:55:21,2,0.064,0.06195145,68.81,BTC-28MAR25-120000-C,60974.37,buy,250.0,250.0,,,146309,
376,306849984,2024-06-28 16:36:57,2,0.063,0.06159,68.62,BTC-28MAR25-120000-C,60794.0,sell,0.5,0.5,,,,
377,306851519,2024-06-28 16:44:49,3,0.063,0.06146785,68.69,BTC-28MAR25-120000-C,60726.17,sell,0.5,0.5,,,,
378,306856147,2024-06-28 17:45:09,2,0.0595,0.06117376,67.31,BTC-28MAR25-120000-C,60781.33,sell,7.5,7.5,,,,
379,306856213,2024-06-28 17:45:09,0,0.0615,0.06113678,68.07,BTC-28MAR25-120000-C,60782.82,buy,6.0,6.0,,,,
380,306856224,2024-06-28 17:45:10,0,0.0635,0.06113678,68.82,BTC-28MAR25-120000-C,60782.82,buy,2.0,2.0,,,,
381,306878463,2024-06-28 23:14:49,2,0.0625,0.06185083,69.04,BTC-28MAR25-120000-C,60295.82,buy,0.8,0.8,,,,
382,306878647,2024-06-28 23:20:35,0,0.063,0.06222385,69.22,BTC-28MAR25-120000-C,60299.72,buy,0.5,0.5,,,,
383,306878648,2024-06-28 23:20:45,1,0.063,0.06222311,69.22,BTC-28MAR25-120000-C,60297.52,buy,0.5,0.5,,,,
384,306878737,2024-06-28 23:24:28,1,0.063,0.06235338,69.22,BTC-28MAR25-120000-C,60292.8,buy,0.6,0.6,,,,
385,306913339,2024-06-29 18:12:58,2,0.061,0.06126322,67.88,BTC-28MAR25-120000-C,60945.68,sell,5.0,5.0,,,,
386,307064683,2024-07-01 18:39:36,0,0.0635,0.06480356,66.32,BTC-28MAR25-120000-C,63450.36,sell,0.1,0.1,,,,T
387,307064684,2024-07-01 18:39:36,1,0.0635,0.06480356,66.32,BTC-28MAR25-120000-C,63450.36,buy,0.1,0.1,,,,M
388,307069507,2024-07-01 19:45:44,0,0.0645,0.06462306,67.1,BTC-28MAR25-120000-C,63147.0,sell,0.2,0.2,,,,
389,307072856,2024-07-01 20:32:24,2,0.063,0.06389038,66.41,BTC-28MAR25-120000-C,63256.18,sell,0.1,0.1,,,,
390,307072857,2024-07-01 20:32:24,3,0.063,0.06389038,66.41,BTC-28MAR25-120000-C,63256.18,buy,0.9,0.9,,,,
391,307082524,2024-07-02 00:26:59,2,0.0605,0.0635622,65.78,BTC-28MAR25-120000-C,62881.99,sell,1.5,1.5,,,,
392,307083785,2024-07-02 01:18:45,0,0.064,0.06206986,67.09,BTC-28MAR25-120000-C,62885.74,sell,0.5,0.5,,,,
393,307123042,2024-07-02 14:21:25,2,0.0613,0.05961828,66.9,BTC-28MAR25-120000-C,62290.87,buy,130.0,130.0,,,146583,
394,307126452,2024-07-02 14:31:28,3,0.0613,0.0597366,66.91,BTC-28MAR25-120000-C,62307.55,buy,130.0,130.0,,,146593,
395,307126870,2024-07-02 14:33:29,3,0.0613,0.05946845,67.02,BTC-28MAR25-120000-C,62206.71,buy,14.0,14.0,,,146594,
396,307143047,2024-07-02 16:35:48,2,0.0575,0.05555334,66.12,BTC-28MAR25-120000-C,61790.5,buy,2.1,2.1,,,,
397,307143048,2024-07-02 16:35:48,3,0.0575,0.05555334,66.12,BTC-28MAR25-120000-C,61790.5,buy,1.0,1.0,,,,
398,307143049,2024-07-02 16:35:48,3,0.0575,0.05555334,66.12,BTC-28MAR25-120000-C,61790.5,sell,2.9,2.9,,,,
399,307143058,2024-07-02 16:36:00,3,0.0575,0.05555508,66.12,BTC-28MAR25-120000-C,61797.52,buy,2.2,2.2,,,,
400,307143059,2024-07-02 16:36:00,3,0.0575,0.05555508,66.12,BTC-28MAR25-120000-C,61797.52,sell,5.5,5.5,,,,
401,307143060,2024-07-02 16:36:00,3,0.0575,0.05555508,66.12,BTC-28MAR25-120000-C,61797.52,sell,0.1,0.1,,,,
402,307143063,2024-07-02 16:36:00,3,0.0575,0.05555508,66.12,BTC-28MAR25-120000-C,61797.52,sell,2.2,2.2,,,,
403,307155129,2024-07-02 20:36:51,2,0.056,0.0567217,65.36,BTC-28MAR25-120000-C,61958.84,buy,0.1,0.1,,,,
404,307155987,2024-07-02 20:59:46,0,0.0565,0.05616867,65.57,BTC-28MAR25-120000-C,61928.43,buy,0.3,0.3,,,,
405,307156691,2024-07-02 21:10:04,1,0.0565,0.05605864,65.6,BTC-28MAR25-120000-C,61908.16,buy,0.1,0.1,,,,
406,307156698,2024-07-02 21:10:07,1,0.0565,0.05606064,65.6,BTC-28MAR25-120000-C,61904.52,buy,0.1,0.1,,,,
407,307156699,2024-07-02 21:10:09,1,0.0565,0.05605212,65.6,BTC-28MAR25-120000-C,61903.76,buy,0.2,0.2,,,,
408,307187937,2024-07-03 03:54:02,2,0.05,0.05109382,64.38,BTC-28MAR25-120000-C,60884.83,sell,0.1,0.1,,,,
409,307191184,2024-07-03 04:33:05,2,0.049,0.0498239,64.12,BTC-28MAR25-120000-C,60790.69,buy,3.4,3.4,,,,
410,307191189,2024-07-03 04:33:08,3,0.049,0.04983133,64.12,BTC-28MAR25-120000-C,60796.41,buy,1.5,1.5,,,,
411,307191190,2024-07-03 04:33:08,3,0.049,0.04983133,64.12,BTC-28MAR25-120000-C,60796.41,buy,0.1,0.1,,,,
412,307195774,2024-07-03 05:57:44,0,0.052,0.05038114,65.13,BTC-28MAR25-120000-C,60991.57,buy,6.0,6.0,,,,
413,307195775,2024-07-03 05:57:44,1,0.052,0.05038114,65.13,BTC-28MAR25-120000-C,60991.57,sell,4.0,4.0,,,,
414,307197970,2024-07-03 06:22:51,1,0.052,0.05122759,65.06,BTC-28MAR25-120000-C,61070.87,buy,40.0,40.0,,,146671,
415,307198907,2024-07-03 06:32:41,2,0.0519,0.05113565,65.09,BTC-28MAR25-120000-C,60990.24,buy,50.0,50.0,,,146672,
416,307199162,2024-07-03 06:38:01,2,0.051,0.05120638,64.69,BTC-28MAR25-120000-C,61026.15,buy,2.0,2.0,,,,
417,307200167,2024-07-03 06:53:53,2,0.05,0.05045755,64.42,BTC-28MAR25-120000-C,60911.0,buy,1.4,1.4,,,,
418,307203398,2024-07-03 07:51:52,3,0.05,0.05043389,64.54,BTC-28MAR25-120000-C,60781.89,sell,1.0,1.0,,,,
419,307210386,2024-07-03 08:59:45,3,0.05,0.0503431,64.79,BTC-28MAR25-120000-C,60517.04,sell,1.8,1.8,,,,
420,307210460,2024-07-03 08:59:50,3,0.05,0.05033866,64.79,BTC-28MAR25-120000-C,60511.32,sell,1.2,1.2,,,,
421,307213157,2024-07-03 09:24:02,2,0.0495,0.0498558,64.71,BTC-28MAR25-120000-C,60459.9,sell,0.5,0.5,,,,
422,307214283,2024-07-03 09:34:34,0,0.05,0.05014965,64.83,BTC-28MAR25-120000-C,60546.0,sell,0.5,0.5,,,,
423,307228090,2024-07-03 10:50:38,2,0.0495,0.04868973,65.02,BTC-28MAR25-120000-C,60169.67,sell,0.1,0.1,,,,
424,307228216,2024-07-03 10:51:34,0,0.05,0.04874495,65.21,BTC-28MAR25-120000-C,60194.54,buy,6.0,6.0,,,,
425,307253052,2024-07-03 13:51:26,1,0.05,0.0489971,64.92,BTC-28MAR25-120000-C,60423.54,buy,0.7,0.7,,,,
426,307269739,2024-07-03 16:07:06,2,0.0455,0.04606371,63.31,BTC-28MAR25-120000-C,60122.05,buy,0.9,0.9,,,,
427,307303606,2024-07-03 21:31:47,0,0.0475,0.04744309,64.61,BTC-28MAR25-120000-C,59884.86,sell,0.1,0.1,,,,
428,307307345,2024-07-03 22:52:54,1,0.0475,0.04775688,64.22,BTC-28MAR25-120000-C,60268.43,buy,0.1,0.1,,,,
429,307329570,2024-07-04 01:58:31,2,0.043,0.04426264,64.13,BTC-28MAR25-120000-C,58665.02,sell,0.7,0.7,,,,
430,307389949,2024-07-04 08:55:27,3,0.043,0.04392606,65.35,BTC-28MAR25-120000-C,57579.06,buy,3.0,3.0,,,,
431,307390124,2024-07-04 08:55:39,3,0.043,0.04417275,65.24,BTC-28MAR25-120000-C,57664.67,buy,3.0,3.0,,,,
432,307423550,2024-07-04 12:12:01,0,0.0445,0.04446243,65.98,BTC-28MAR25-120000-C,57559.89,buy,15.0,15.0,,BTC-CDIAG-28MAR25_27DEC24-120000_100000,146894,
433,307612068,2024-07-05 07:21:09,2,0.044,0.042423,69.44,BTC-28MAR25-120000-C,54385.79,buy,0.9,0.9,,,,
434,307640865,2024-07-05 08:32:25,2,0.041,0.0418704,68.2,BTC-28MAR25-120000-C,54260.6,sell,7.0,7.0,,,,
435,307640866,2024-07-05 08:32:25,3,0.041,0.0418704,68.2,BTC-28MAR25-120000-C,54260.21,buy,3.0,3.0,,,,
436,307666677,2024-07-05 11:13:17,0,0.0445,0.0437844,68.58,BTC-28MAR25-120000-C,55359.64,sell,1.0,1.0,,,,
437,307715099,2024-07-05 15:37:27,0,0.0475,0.04583381,68.71,BTC-28MAR25-120000-C,56359.59,buy,1.3,1.3,,,,
438,307718295,2024-07-05 15:56:48,0,0.0485,0.04741316,68.98,BTC-28MAR25-120000-C,56455.2,buy,0.1,0.1,,,,
439,307727870,2024-07-05 16:47:34,1,0.0485,0.04794067,68.92,BTC-28MAR25-120000-C,56498.47,buy,0.1,0.1,,,,
440,307729326,2024-07-05 17:04:27,2,0.0475,0.0480825,68.52,BTC-28MAR25-120000-C,56454.56,sell,1.0,1.0,,,,
441,307729327,2024-07-05 17:04:27,3,0.0475,0.0480825,68.52,BTC-28MAR25-120000-C,56454.56,sell,1.0,1.0,,,,
442,308047820,2024-07-08 14:30:17,0,0.0485,0.04718453,70.1,BTC-28MAR25-120000-C,55822.97,buy,0.6,0.6,,,,
443,308109886,2024-07-08 22:50:37,2,0.047,0.04824557,68.4,BTC-28MAR25-120000-C,56675.0,sell,0.1,0.1,,,,
444,308109887,2024-07-08 22:50:37,3,0.047,0.04824557,68.4,BTC-28MAR25-120000-C,56675.0,sell,0.4,0.4,,,,
445,308109952,2024-07-08 22:51:50,3,0.047,0.04813888,68.41,BTC-28MAR25-120000-C,56665.26,sell,0.6,0.6,,,,
446,308109961,2024-07-08 22:52:17,3,0.047,0.04807225,68.43,BTC-28MAR25-120000-C,56654.56,buy,0.7,0.7,,,,
447,308109962,2024-07-08 22:52:20,2,0.0465,0.04806874,68.22,BTC-28MAR25-120000-C,56654.75,sell,0.1,0.1,,,,
448,308109963,2024-07-08 22:52:24,0,0.047,0.0480627,68.43,BTC-28MAR25-120000-C,56654.6,buy,0.5,0.5,,,,
449,308110078,2024-07-08 22:57:25,2,0.0465,0.04798444,68.23,BTC-28MAR25-120000-C,56631.76,sell,0.5,0.5,,,,
450,308110085,2024-07-08 22:57:43,2,0.046,0.04795688,68.02,BTC-28MAR25-120000-C,56625.82,sell,0.5,0.5,,,,
451,308110171,2024-07-08 23:00:02,0,0.047,0.04804916,68.41,BTC-28MAR25-120000-C,56674.7,buy,0.2,0.2,,,,
452,308110217,2024-07-08 23:00:19,1,0.047,0.04807977,68.4,BTC-28MAR25-120000-C,56686.98,buy,0.3,0.3,,,,
453,308110490,2024-07-08 23:03:31,2,0.0465,0.04777686,68.22,BTC-28MAR25-120000-C,56640.52,buy,0.7,0.7,,,,
454,308114428,2024-07-09 00:34:05,2,0.046,0.04706383,68.34,BTC-28MAR25-120000-C,56364.87,sell,0.1,0.1,,,,
455,308114429,2024-07-09 00:34:05,3,0.046,0.04706383,68.34,BTC-28MAR25-120000-C,56364.87,buy,0.4,0.4,,,,
456,308115411,2024-07-09 00:48:09,3,0.046,0.04733091,68.16,BTC-28MAR25-120000-C,56529.94,sell,0.1,0.1,,,,
457,308115412,2024-07-09 00:48:09,3,0.046,0.04733091,68.16,BTC-28MAR25-120000-C,56529.94,sell,0.9,0.9,,,,
458,308115704,2024-07-09 00:52:39,2,0.0455,0.04723946,67.99,BTC-28MAR25-120000-C,56490.86,sell,1.0,1.0,,,,
459,308164294,2024-07-09 12:33:58,0,0.0491,0.04832081,68.61,BTC-28MAR25-120000-C,57400.18,buy,100.0,100.0,,,147496,
460,308192761,2024-07-09 16:33:02,2,0.047,0.04797788,67.39,BTC-28MAR25-120000-C,57606.6,sell,0.1,0.1,,,,
461,308246854,2024-07-10 04:09:26,0,0.05,0.04991832,67.3,BTC-28MAR25-120000-C,58868.36,sell,1.0,1.0,,,,
462,308268801,2024-07-10 06:58:30,2,0.0485,0.04996536,66.22,BTC-28MAR25-120000-C,59275.14,sell,0.1,0.1,,,,
463,308327563,2024-07-10 19:12:54,2,0.0455,0.04573709,67.09,BTC-28MAR25-120000-C,57426.92,sell,0.5,0.5,,,,
464,308379911,2024-07-11 10:00:42,0,0.048,0.04789953,67.26,BTC-28MAR25-120000-C,58278.32,sell,1.0,1.0,,,,
465,308379915,2024-07-11 10:00:48,1,0.048,0.04792614,67.25,BTC-28MAR25-120000-C,58289.53,sell,1.0,1.0,,,,
466,308379929,2024-07-11 10:00:50,1,0.048,0.04793927,67.24,BTC-28MAR25-120000-C,58295.29,sell,1.0,1.0,,,,
467,308406324,2024-07-11 12:40:14,0,0.0485,0.05027921,66.48,BTC-28MAR25-120000-C,59118.3,sell,0.5,0.5,,,,
468,308407205,2024-07-11 12:43:48,0,0.05,0.04983449,67.26,BTC-28MAR25-120000-C,59026.36,sell,1.9,1.9,,,,
469,308440826,2024-07-11 16:05:45,2,0.0435,0.04456472,66.66,BTC-28MAR25-120000-C,57202.6,sell,1.0,1.0,,,,
470,308440827,2024-07-11 16:05:45,3,0.0435,0.04456472,66.66,BTC-28MAR25-120000-C,57202.6,sell,1.0,1.0,,,,
471,308521747,2024-07-12 09:17:45,0,0.0445,0.04457055,67.23,BTC-28MAR25-120000-C,57179.38,sell,10.0,10.0,,,,
472,308521748,2024-07-12 09:17:45,1,0.0445,0.04457055,67.23,BTC-28MAR25-120000-C,57179.38,sell,11.0,11.0,,,,
473,308580974,2024-07-12 20:24:53,2,0.0435,0.04342782,66.62,BTC-28MAR25-120000-C,57200.12,sell,0.1,0.1,,,,
474,308739784,2024-07-14 08:25:53,0,0.051,0.05058637,66.2,BTC-28MAR25-120000-C,60310.78,buy,0.7,0.7,,,,
475,308740842,2024-07-14 08:30:04,1,0.051,0.05067029,66.15,BTC-28MAR25-120000-C,60347.79,buy,0.5,0.5,,,,
476,308742591,2024-07-14 08:45:17,1,0.051,0.05040362,66.24,BTC-28MAR25-120000-C,60273.76,buy,1.8,1.8,,,,
477,308802024,2024-07-14 21:56:39,0,0.053,0.05269222,66.26,BTC-28MAR25-120000-C,61080.2,sell,1.0,1.0,,,,
478,308812866,2024-07-14 22:39:28,2,0.051,0.05170314,65.69,BTC-28MAR25-120000-C,60891.99,sell,0.1,0.1,,,,
479,308844216,2024-07-15 02:29:20,0,0.055,0.05508255,65.81,BTC-28MAR25-120000-C,62134.73,buy,0.1,0.1,,,,
480,308864542,2024-07-15 03:59:53,0,0.056,0.05594535,65.63,BTC-28MAR25-120000-C,62680.56,sell,1.0,1.0,,,,
481,308864560,2024-07-15 03:59:59,1,0.056,0.05594716,65.63,BTC-28MAR25-120000-C,62681.49,sell,1.0,1.0,,,,
482,308897612,2024-07-15 07:57:06,0,0.058,0.05653551,66.36,BTC-28MAR25-120000-C,62864.8,buy,6.0,6.0,,,,
483,308897613,2024-07-15 07:57:06,1,0.058,0.05653551,66.36,BTC-28MAR25-120000-C,62864.8,sell,4.0,4.0,,,,
484,308933776,2024-07-15 13:30:00,2,0.057,0.05685694,66.21,BTC-28MAR25-120000-C,62814.77,buy,0.1,0.1,,,,
485,308961684,2024-07-15 16:52:35,0,0.0595,0.05935749,66.48,BTC-28MAR25-120000-C,63521.79,sell,1.0,1.0,,,,
486,308979393,2024-07-15 18:36:28,2,0.0575,0.0590032,65.74,BTC-28MAR25-120000-C,63486.42,sell,0.1,0.1,,,,
487,308979394,2024-07-15 18:36:28,3,0.0575,0.0590032,65.74,BTC-28MAR25-120000-C,63486.42,sell,0.9,0.9,,,,
488,309006930,2024-07-15 22:11:44,0,0.06,0.05987941,66.26,BTC-28MAR25-120000-C,63811.23,buy,0.1,0.1,,,,
489,309009715,2024-07-15 22:12:36,2,0.0595,0.06088451,65.77,BTC-28MAR25-120000-C,64166.94,sell,1.0,1.0,,,,
490,309010348,2024-07-15 22:13:36,2,0.059,0.06104353,65.49,BTC-28MAR25-120000-C,64224.23,buy,0.3,0.3,,,,
491,309011416,2024-07-15 22:16:29,0,0.0595,0.06013797,65.94,BTC-28MAR25-120000-C,64000.62,buy,1.0,1.0,,,,
492,309021549,2024-07-15 23:13:50,0,0.061,0.06216776,65.88,BTC-28MAR25-120000-C,64553.35,sell,0.1,0.1,,,,
493,309372618,2024-07-17 16:10:31,0,0.068,0.06849455,68.74,BTC-28MAR25-120000-C,64544.13,sell,0.1,0.1,,,,
494,309380099,2024-07-17 16:40:29,2,0.0665,0.06704386,68.67,BTC-28MAR25-120000-C,64134.02,sell,0.1,0.1,,,,
495,309380100,2024-07-17 16:40:29,3,0.0665,0.06704386,68.67,BTC-28MAR25-120000-C,64134.02,sell,1.3,1.3,,,,
496,309464484,2024-07-18 10:36:46,2,0.0655,0.06599373,68.0,BTC-28MAR25-120000-C,64586.66,sell,0.1,0.1,,,,
497,309466475,2024-07-18 11:11:21,2,0.065,0.06539086,67.94,BTC-28MAR25-120000-C,64463.44,sell,0.1,0.1,,,,
498,309475916,2024-07-18 13:23:47,0,0.0675,0.06704387,68.27,BTC-28MAR25-120000-C,64968.53,sell,1.1,1.1,,,,
499,309512698,2024-07-18 17:44:30,0,0.0685,0.06756839,70.03,BTC-28MAR25-120000-C,63668.31,buy,1.8,1.8,,,,
500,309518485,2024-07-18 18:43:59,2,0.067,0.06832021,69.72,BTC-28MAR25-120000-C,63418.88,sell,0.1,0.1,,,,
501,309528281,2024-07-18 20:59:43,0,0.07,0.06926179,70.47,BTC-28MAR25-120000-C,63809.86,buy,0.1,0.1,,,,
502,309537702,2024-07-19 00:02:21,0,0.071,0.07166885,70.62,BTC-28MAR25-120000-C,63938.0,sell,0.1,0.1,,,,
503,309538643,2024-07-19 00:15:33,2,0.0705,0.07119829,70.64,BTC-28MAR25-120000-C,63770.84,sell,0.1,0.1,,,,
504,309540881,2024-07-19 00:43:37,3,0.0705,0.07098899,70.7,BTC-28MAR25-120000-C,63714.96,sell,0.1,0.1,,,,
505,309542072,2024-07-19 00:52:16,2,0.07,0.07061831,70.67,BTC-28MAR25-120000-C,63580.11,sell,0.1,0.1,,,,
506,309792576,2024-07-20 16:01:03,0,0.0835,0.08322271,72.11,BTC-28MAR25-120000-C,66904.94,buy,0.1,0.1,,,,
507,309798495,2024-07-20 17:13:10,0,0.084,0.08276982,72.34,BTC-28MAR25-120000-C,66799.01,buy,0.1,0.1,,,,
508,309845069,2024-07-21 04:42:27,0,0.088,0.08645801,73.38,BTC-28MAR25-120000-C,67154.75,buy,0.4,0.4,,,,
509,309859915,2024-07-21 08:06:46,2,0.086,0.08545936,73.09,BTC-28MAR25-120000-C,66823.22,buy,0.1,0.1,,,,
510,309872374,2024-07-21 13:44:05,0,0.0875,0.08706953,73.76,BTC-28MAR25-120000-C,66726.54,sell,1.3,1.3,,,,
511,309925330,2024-07-21 19:29:34,0,0.09,0.09033322,73.78,BTC-28MAR25-120000-C,67417.9,buy,0.1,0.1,,,,
512,309939677,2024-07-21 20:54:28,0,0.095,0.09389657,74.76,BTC-28MAR25-120000-C,67929.78,sell,2.0,2.0,,,,
513,309939679,2024-07-21 20:54:33,1,0.095,0.09392428,74.76,BTC-28MAR25-120000-C,67929.38,sell,2.0,2.0,,,,
514,310171068,2024-07-23 08:32:00,2,0.086,0.08587832,73.19,BTC-28MAR25-120000-C,66851.2,buy,1.1,1.1,,,,
515,310171069,2024-07-23 08:32:00,3,0.086,0.08587832,73.19,BTC-28MAR25-120000-C,66851.2,buy,0.2,0.2,,,,
516,310171096,2024-07-23 08:32:02,3,0.086,0.08596405,73.16,BTC-28MAR25-120000-C,66875.35,buy,1.1,1.1,,,,
517,310304610,2024-07-24 02:47:03,2,0.0775,0.08052269,71.89,BTC-28MAR25-120000-C,65669.96,sell,0.6,0.6,,,,
518,310304611,2024-07-24 02:47:03,3,0.0775,0.08052269,71.89,BTC-28MAR25-120000-C,65669.96,sell,10.0,10.0,,,,
519,310304613,2024-07-24 02:47:03,3,0.0775,0.08052269,71.89,BTC-28MAR25-120000-C,65669.96,buy,4.4,4.4,,,,
520,310330284,2024-07-24 09:24:51,0,0.079,0.07812979,71.75,BTC-28MAR25-120000-C,66418.69,sell,2.6,2.6,,,,
521,310376383,2024-07-24 18:34:21,2,0.077,0.07719476,71.31,BTC-28MAR25-120000-C,66186.7,sell,0.3,0.3,,,,
522,310383514,2024-07-24 19:30:01,0,0.0775,0.07679557,71.69,BTC-28MAR25-120000-C,66026.91,sell,5.0,5.0,,,,
523,310409814,2024-07-24 23:21:38,2,0.0755,0.07394329,71.86,BTC-28MAR25-120000-C,65416.79,buy,0.1,0.1,,,,
524,310411083,2024-07-24 23:34:09,2,0.075,0.07375715,71.79,BTC-28MAR25-120000-C,65304.47,sell,0.1,0.1,,,,
525,310418587,2024-07-25 01:06:23,2,0.0735,0.07358035,71.39,BTC-28MAR25-120000-C,65183.45,sell,0.1,0.1,,,,
526,310448081,2024-07-25 03:40:49,2,0.0675,0.06832457,70.35,BTC-28MAR25-120000-C,64170.26,buy,0.2,0.2,,,,
527,310609611,2024-07-25 22:13:48,0,0.073,0.07264951,70.77,BTC-28MAR25-120000-C,65875.37,sell,0.1,0.1,,,,
528,310669878,2024-07-26 05:50:33,0,0.0755,0.07385448,70.5,BTC-28MAR25-120000-C,66879.91,buy,0.3,0.3,,,,
529,310800294,2024-07-27 01:29:42,0,0.077,0.07701965,70.2,BTC-28MAR25-120000-C,67803.32,sell,2.0,2.0,,,,
530,310835862,2024-07-27 13:10:26,2,0.0755,0.07539214,68.62,BTC-28MAR25-120000-C,68712.84,buy,1.0,1.0,,,,
531,311049222,2024-07-28 20:09:04,2,0.0705,0.06954959,67.84,BTC-28MAR25-120000-C,68056.09,sell,0.1,0.1,,,,
532,311103628,2024-07-29 01:12:09,0,0.075,0.07434557,68.07,BTC-28MAR25-120000-C,68661.52,sell,0.1,0.1,,,,
533,311136090,2024-07-29 03:23:10,2,0.0715,0.07267919,66.05,BTC-28MAR25-120000-C,69442.66,sell,6.0,6.0,,,,
534,311136091,2024-07-29 03:23:10,3,0.0715,0.07267919,66.05,BTC-28MAR25-120000-C,69442.66,sell,0.7,0.7,,,,
535,311136092,2024-07-29 03:23:10,3,0.0715,0.07267919,66.05,BTC-28MAR25-120000-C,69442.66,buy,0.6,0.6,,,,
536,311152116,2024-07-29 05:50:23,2,0.069,0.06972881,65.05,BTC-28MAR25-120000-C,69608.77,buy,10.0,10.0,,,,
537,311152768,2024-07-29 05:59:31,2,0.0685,0.06945795,64.71,BTC-28MAR25-120000-C,69731.52,sell,6.0,6.0,,,,
538,311152769,2024-07-29 05:59:31,3,0.0685,0.06945795,64.71,BTC-28MAR25-120000-C,69731.52,sell,0.8,0.8,,,,
539,311152770,2024-07-29 05:59:31,3,0.0685,0.06945795,64.71,BTC-28MAR25-120000-C,69731.52,buy,0.6,0.6,,,,
540,311152771,2024-07-29 05:59:31,3,0.0685,0.06945795,64.71,BTC-28MAR25-120000-C,69731.52,buy,4.0,4.0,,,,
541,311152811,2024-07-29 05:59:40,3,0.0685,0.06945941,64.7,BTC-28MAR25-120000-C,69740.43,buy,8.6,8.6,,,,
542,311153088,2024-07-29 05:59:57,0,0.0695,0.06938925,65.1,BTC-28MAR25-120000-C,69710.36,buy,10.0,10.0,,,,
543,311153400,2024-07-29 06:00:36,2,0.068,0.06927719,64.57,BTC-28MAR25-120000-C,69700.43,sell,12.0,12.0,,,,
544,311153401,2024-07-29 06:00:36,3,0.068,0.06927719,64.57,BTC-28MAR25-120000-C,69700.43,buy,8.0,8.0,,,,
545,311160390,2024-07-29 06:34:49,0,0.071,0.06980279,65.69,BTC-28MAR25-120000-C,69694.74,buy,10.0,10.0,,,,
546,311160391,2024-07-29 06:34:49,1,0.071,0.06980279,65.69,BTC-28MAR25-120000-C,69694.74,buy,5.7,5.7,,,,
547,311160392,2024-07-29 06:34:49,1,0.071,0.06980279,65.69,BTC-28MAR25-120000-C,69694.74,sell,9.3,9.3,,,,
548,311160415,2024-07-29 06:35:10,1,0.071,0.06980022,65.69,BTC-28MAR25-120000-C,69692.83,sell,0.9,0.9,,,,
549,311160417,2024-07-29 06:35:13,1,0.071,0.06980265,65.7,BTC-28MAR25-120000-C,69685.67,sell,1.8,1.8,,,,
550,311160427,2024-07-29 06:35:21,1,0.071,0.06981058,65.69,BTC-28MAR25-120000-C,69688.77,sell,1.5,1.5,,,,
551,311160428,2024-07-29 06:35:21,1,0.071,0.06981058,65.69,BTC-28MAR25-120000-C,69688.77,sell,0.3,0.3,,,,
552,311160431,2024-07-29 06:35:24,1,0.071,0.0698186,65.69,BTC-28MAR25-120000-C,69688.89,sell,1.4,1.4,,,,
553,311160432,2024-07-29 06:35:24,1,0.071,0.0698186,65.69,BTC-28MAR25-120000-C,69688.89,sell,0.3,0.3,,,,
554,311160456,2024-07-29 06:35:28,1,0.071,0.06983639,65.68,BTC-28MAR25-120000-C,69699.8,sell,1.5,1.5,,,,
555,311160457,2024-07-29 06:35:28,1,0.071,0.06983639,65.68,BTC-28MAR25-120000-C,69699.8,sell,0.3,0.3,,,,
556,311160618,2024-07-29 06:36:01,1,0.071,0.06997753,65.68,BTC-28MAR25-120000-C,69694.25,sell,3.0,3.0,,,,
557,311160721,2024-07-29 06:36:31,1,0.071,0.07001444,65.69,BTC-28MAR25-120000-C,69689.9,sell,0.5,0.5,,,,
558,311162081,2024-07-29 06:46:53,1,0.071,0.07065956,65.76,BTC-28MAR25-120000-C,69620.76,sell,7.1,7.1,,,,
559,311168405,2024-07-29 07:59:33,2,0.0685,0.06956737,65.06,BTC-28MAR25-120000-C,69538.45,buy,14.0,14.0,,,,
560,311168406,2024-07-29 07:59:33,3,0.0685,0.06956737,65.06,BTC-28MAR25-120000-C,69538.45,buy,11.0,11.0,,,,
561,311169787,2024-07-29 08:10:15,2,0.067,0.06780252,64.51,BTC-28MAR25-120000-C,69536.17,sell,6.0,6.0,,,,
562,311169788,2024-07-29 08:10:15,3,0.067,0.06780252,64.51,BTC-28MAR25-120000-C,69536.17,buy,4.0,4.0,,,,
563,311169789,2024-07-29 08:10:15,3,0.067,0.06780252,64.51,BTC-28MAR25-120000-C,69536.17,buy,4.0,4.0,,,,
564,311169790,2024-07-29 08:10:15,3,0.067,0.06780252,64.51,BTC-28MAR25-120000-C,69536.17,buy,4.0,4.0,,,,
565,311169800,2024-07-29 08:10:32,3,0.067,0.06776652,64.51,BTC-28MAR25-120000-C,69536.37,buy,1.6,1.6,,,,
566,311169801,2024-07-29 08:10:32,3,0.067,0.06776652,64.51,BTC-28MAR25-120000-C,69536.37,buy,0.3,0.3,,,,
567,311169957,2024-07-29 08:12:40,3,0.067,0.06729091,64.46,BTC-28MAR25-120000-C,69576.96,buy,5.1,5.1,,,,
568,311328479,2024-07-30 01:36:02,2,0.061,0.06074422,65.88,BTC-28MAR25-120000-C,66484.23,sell,0.2,0.2,,,,
569,311350330,2024-07-30 06:36:03,2,0.0545,0.05502804,63.12,BTC-28MAR25-120000-C,66684.43,sell,3.0,3.0,,,,
570,311350331,2024-07-30 06:36:03,3,0.0545,0.05502804,63.12,BTC-28MAR25-120000-C,66684.43,buy,2.0,2.0,,,,
571,311350335,2024-07-30 06:36:14,2,0.054,0.05504155,62.91,BTC-28MAR25-120000-C,66686.97,sell,0.8,0.8,,,,
572,311350336,2024-07-30 06:36:14,3,0.054,0.05504155,62.91,BTC-28MAR25-120000-C,66686.97,buy,4.0,4.0,,,,
573,311350337,2024-07-30 06:36:14,3,0.054,0.05504155,62.91,BTC-28MAR25-120000-C,66686.97,buy,0.2,0.2,,,,
574,311350953,2024-07-30 06:41:53,2,0.052,0.05436866,62.12,BTC-28MAR25-120000-C,66659.94,sell,12.0,12.0,,,,
575,311350954,2024-07-30 06:41:53,3,0.052,0.05436866,62.12,BTC-28MAR25-120000-C,66659.94,sell,10.0,10.0,,,,
576,311350955,2024-07-30 06:41:53,3,0.052,0.05436866,62.12,BTC-28MAR25-120000-C,66659.94,sell,12.0,12.0,,,,
577,311350956,2024-07-30 06:41:53,3,0.052,0.05436866,62.12,BTC-28MAR25-120000-C,66659.94,sell,1.2,1.2,,,,
578,311350957,2024-07-30 06:41:53,3,0.052,0.05436866,62.12,BTC-28MAR25-120000-C,66659.94,buy,14.8,14.8,,,,
579,311350959,2024-07-30 06:42:04,3,0.052,0.05433258,62.12,BTC-28MAR25-120000-C,66659.13,buy,2.1,2.1,,,,
580,311351372,2024-07-30 06:51:35,0,0.0525,0.0534888,62.29,BTC-28MAR25-120000-C,66713.6,sell,5.0,5.0,,,,
581,311351373,2024-07-30 06:51:35,1,0.0525,0.0534888,62.29,BTC-28MAR25-120000-C,66713.6,buy,6.2,6.2,,,,
582,311351586,2024-07-30 06:56:23,0,0.0543,0.05322772,63.01,BTC-28MAR25-120000-C,66728.89,buy,100.0,100.0,,,150325,
583,311351763,2024-07-30 06:58:46,2,0.0515,0.05325789,61.85,BTC-28MAR25-120000-C,66749.98,sell,100.0,100.0,,,150326,
584,311353699,2024-07-30 07:19:17,0,0.0525,0.05336308,62.15,BTC-28MAR25-120000-C,66860.65,buy,10.0,10.0,,,,
585,311366662,2024-07-30 09:15:57,2,0.0522,0.05324068,62.08,BTC-28MAR25-120000-C,66875.7,sell,50.0,50.0,,BTC-CCAL-28MAR25_27DEC24-120000,150406,
586,311380928,2024-07-30 12:50:06,0,0.0535,0.05296626,62.77,BTC-28MAR25-120000-C,66740.93,buy,0.8,0.8,,,,
587,311404461,2024-07-30 16:24:11,2,0.0523,0.05276186,62.84,BTC-28MAR25-120000-C,66244.23,sell,150.0,150.0,,BTC-CS-28MAR25-90000_120000,150497,
588,311447706,2024-07-31 02:58:10,2,0.052,0.05278165,62.92,BTC-28MAR25-120000-C,66111.89,buy,15.0,15.0,,,,
589,311447806,2024-07-31 03:00:09,2,0.0515,0.0523698,62.72,BTC-28MAR25-120000-C,66104.84,sell,0.1,0.1,,,,
590,311449177,2024-07-31 03:30:59,2,0.051,0.0514988,62.55,BTC-28MAR25-120000-C,66077.53,sell,6.0,6.0,,,,
591,311449178,2024-07-31 03:30:59,3,0.051,0.0514988,62.55,BTC-28MAR25-120000-C,66077.53,buy,4.0,4.0,,,,
592,311449391,2024-07-31 03:40:30,2,0.05,0.05066744,62.1,BTC-28MAR25-120000-C,66113.25,buy,15.0,15.0,,,,
593,311483119,2024-07-31 11:55:19,0,0.052,0.05147216,63.09,BTC-28MAR25-120000-C,66059.89,sell,0.8,0.8,,,,
594,311596464,2024-08-01 02:03:21,2,0.0455,0.04643391,63.11,BTC-28MAR25-120000-C,64046.82,sell,8.0,8.0,,,,
595,311596465,2024-08-01 02:03:21,3,0.0455,0.04643391,63.11,BTC-28MAR25-120000-C,64046.82,sell,2.0,2.0,,,,
596,311605891,2024-08-01 02:27:02,2,0.045,0.04626965,62.91,BTC-28MAR25-120000-C,64054.04,buy,2.1,2.1,,,,
597,311605892,2024-08-01 02:27:02,3,0.045,0.04626965,62.91,BTC-28MAR25-120000-C,64054.04,buy,0.5,0.5,,,,
598,311605909,2024-08-01 02:27:04,3,0.045,0.04627298,62.94,BTC-28MAR25-120000-C,64032.97,buy,1.6,1.6,,,,
599,311605910,2024-08-01 02:27:04,3,0.045,0.04627298,62.94,BTC-28MAR25-120000-C,64032.97,buy,0.4,0.4,,,,
600,311606466,2024-08-01 02:29:25,2,0.0445,0.04581894,62.74,BTC-28MAR25-120000-C,63992.25,sell,5.4,5.4,,,,
601,311614172,2024-08-01 03:14:15,2,0.043,0.04434402,62.28,BTC-28MAR25-120000-C,63836.5,sell,6.0,6.0,,,,
602,311617741,2024-08-01 03:25:21,3,0.043,0.0431169,62.25,BTC-28MAR25-120000-C,63960.02,buy,9.0,9.0,,,,
603,311617742,2024-08-01 03:25:21,3,0.043,0.0431169,62.25,BTC-28MAR25-120000-C,63960.02,sell,4.0,4.0,,,,
604,311637571,2024-08-01 06:34:47,0,0.0435,0.04438936,62.05,BTC-28MAR25-120000-C,64210.39,buy,1.1,1.1,,,,
605,311637577,2024-08-01 06:35:14,2,0.043,0.04430956,61.83,BTC-28MAR25-120000-C,64208.37,buy,6.9,6.9,,,,
606,311637578,2024-08-01 06:35:14,3,0.043,0.04430956,61.83,BTC-28MAR25-120000-C,64208.37,buy,2.0,2.0,,,,
607,311637697,2024-08-01 06:38:38,2,0.0425,0.04310419,61.56,BTC-28MAR25-120000-C,64240.07,buy,1.6,1.6,,,,
608,311637727,2024-08-01 06:39:40,2,0.042,0.04266838,61.33,BTC-28MAR25-120000-C,64238.82,buy,8.4,8.4,,,,
609,311638084,2024-08-01 06:39:56,3,0.042,0.04291453,61.21,BTC-28MAR25-120000-C,64345.22,buy,0.6,0.6,,,,
610,311638085,2024-08-01 06:39:56,3,0.042,0.04291453,61.21,BTC-28MAR25-120000-C,64345.22,buy,0.1,0.1,,,,
611,311638086,2024-08-01 06:39:56,3,0.042,0.04291453,61.21,BTC-28MAR25-120000-C,64345.22,buy,4.3,4.3,,,,
612,311652916,2024-08-01 09:14:50,0,0.044,0.04501117,61.74,BTC-28MAR25-120000-C,64617.86,buy,15.0,15.0,,,,
613,311652917,2024-08-01 09:14:50,1,0.044,0.04501117,61.74,BTC-28MAR25-120000-C,64617.86,buy,10.0,10.0,,,,
614,311654320,2024-08-01 09:40:11,2,0.043,0.04379854,61.38,BTC-28MAR25-120000-C,64549.42,buy,15.0,15.0,,,,
615,311654321,2024-08-01 09:40:11,3,0.043,0.04379854,61.38,BTC-28MAR25-120000-C,64549.42,buy,10.0,10.0,,,,
616,311659819,2024-08-01 11:38:49,0,0.0435,0.04279481,61.57,BTC-28MAR25-120000-C,64497.61,sell,10.0,10.0,,,,
617,311732087,2024-08-01 18:30:37,2,0.042,0.04170127,62.82,BTC-28MAR25-120000-C,62988.88,sell,2.0,2.0,,,,
618,311767306,2024-08-01 21:10:03,0,0.045,0.04439012,62.33,BTC-28MAR25-120000-C,64745.84,buy,2.0,2.0,,,,
619,311796037,2024-08-02 00:44:45,0,0.0465,0.046678,62.55,BTC-28MAR25-120000-C,65101.91,buy,0.4,0.4,,,,
620,311809176,2024-08-02 02:07:15,2,0.044,0.04473167,61.96,BTC-28MAR25-120000-C,64665.68,sell,1.0,1.0,,,,
621,311825551,2024-08-02 04:07:25,3,0.044,0.04356627,62.2,BTC-28MAR25-120000-C,64442.82,buy,0.4,0.4,,,,
622,311831255,2024-08-02 05:53:05,2,0.042,0.0427475,61.78,BTC-28MAR25-120000-C,64105.62,sell,0.1,0.1,,,,
623,312058704,2024-08-03 15:34:49,2,0.038,0.03766832,63.18,BTC-28MAR25-120000-C,61371.99,sell,0.1,0.1,,,,
624,312131282,2024-08-04 06:59:27,2,0.0375,0.03731722,63.64,BTC-28MAR25-120000-C,60791.42,sell,0.1,0.1,,,,
625,312131285,2024-08-04 06:59:50,3,0.0375,0.03729203,63.66,BTC-28MAR25-120000-C,60778.59,sell,0.2,0.2,,,,
626,312131288,2024-08-04 07:00:24,3,0.0375,0.03730017,63.65,BTC-28MAR25-120000-C,60788.04,sell,0.2,0.2,,,,
627,312196993,2024-08-04 17:44:28,2,0.0305,0.0309043,64.06,BTC-28MAR25-120000-C,57330.81,sell,0.1,0.1,,,,T
628,312273456,2024-08-05 00:37:32,0,0.031,0.03101803,64.53,BTC-28MAR25-120000-C,57043.16,sell,0.1,0.1,,,,
629,312299352,2024-08-05 01:08:32,2,0.028,0.02828045,65.49,BTC-28MAR25-120000-C,54816.12,sell,0.1,0.1,,,,
630,312305372,2024-08-05 01:10:32,2,0.027,0.02804573,65.26,BTC-28MAR25-120000-C,54431.89,sell,0.3,0.3,,,,
631,312392067,2024-08-05 03:16:59,0,0.0315,0.03042863,68.13,BTC-28MAR25-120000-C,54154.25,buy,0.3,0.3,,,,
632,312410899,2024-08-05 04:33:43,0,0.032,0.03115054,68.52,BTC-28MAR25-120000-C,54138.6,buy,0.7,0.7,,,,
633,312410900,2024-08-05 04:33:43,1,0.032,0.03115054,68.52,BTC-28MAR25-120000-C,54138.6,sell,1.3,1.3,,,,
634,312475662,2024-08-05 06:24:00,0,0.0355,0.03144339,75.69,BTC-28MAR25-120000-C,50261.56,sell,3.0,3.0,,,,
635,312556700,2024-08-05 08:48:19,2,0.033,0.03357668,71.13,BTC-28MAR25-120000-C,52453.96,sell,0.3,0.3,,,,
636,312556701,2024-08-05 08:48:19,3,0.033,0.03357668,71.13,BTC-28MAR25-120000-C,52453.96,buy,0.7,0.7,,,,
637,312580193,2024-08-05 10:20:11,2,0.0305,0.03039891,70.46,BTC-28MAR25-120000-C,51758.57,buy,0.5,0.5,,,,
638,312727310,2024-08-05 14:26:07,0,0.0345,0.03376494,70.69,BTC-28MAR25-120000-C,53279.67,sell,0.1,0.1,,,,
639,312738118,2024-08-05 14:43:14,1,0.0345,0.03470481,69.52,BTC-28MAR25-120000-C,54346.39,buy,1.9,1.9,,,,
640,312738119,2024-08-05 14:43:14,1,0.0345,0.03470481,69.52,BTC-28MAR25-120000-C,54346.39,buy,0.3,0.3,,,,
641,312747942,2024-08-05 15:02:18,2,0.033,0.03279471,69.44,BTC-28MAR25-120000-C,53685.42,buy,3.1,3.1,,,,
642,312778839,2024-08-05 16:25:28,0,0.0345,0.03461735,68.3,BTC-28MAR25-120000-C,55458.67,buy,1.5,1.5,,,,
643,312781571,2024-08-05 16:31:02,1,0.0345,0.03406648,68.42,BTC-28MAR25-120000-C,55347.53,buy,6.3,6.3,,,,
644,312789631,2024-08-05 16:53:13,2,0.0325,0.03283259,68.44,BTC-28MAR25-120000-C,54392.74,sell,0.1,0.1,,,,
645,312918078,2024-08-06 03:40:34,0,0.035,0.03410512,68.13,BTC-28MAR25-120000-C,55833.79,buy,10.3,10.3,,,,
646,312918079,2024-08-06 03:40:34,1,0.035,0.03410512,68.13,BTC-28MAR25-120000-C,55833.79,buy,9.7,9.7,,,,
647,312964915,2024-08-06 08:43:18,2,0.034,0.03252211,68.6,BTC-28MAR25-120000-C,55071.18,buy,0.7,0.7,,,,
648,312964916,2024-08-06 08:43:18,3,0.034,0.03252211,68.6,BTC-28MAR25-120000-C,55071.18,buy,10.0,10.0,,,,
649,312980396,2024-08-06 10:05:39,3,0.034,0.03381701,68.57,BTC-28MAR25-120000-C,55064.22,sell,0.1,0.1,,,,
650,313017079,2024-08-06 14:10:52,0,0.0355,0.03540393,68.09,BTC-28MAR25-120000-C,56158.3,buy,10.5,10.5,,,,
651,313033245,2024-08-06 15:03:22,2,0.034,0.03451793,67.38,BTC-28MAR25-120000-C,56069.8,buy,1.0,1.0,,,,
652,313038612,2024-08-06 15:25:23,0,0.0355,0.03485732,68.14,BTC-28MAR25-120000-C,56077.18,buy,1.0,1.0,,,,
653,313039165,2024-08-06 15:28:03,2,0.035,0.03486651,67.92,BTC-28MAR25-120000-C,56040.07,buy,1.0,1.0,,,,
654,313039187,2024-08-06 15:28:17,3,0.035,0.03487071,67.92,BTC-28MAR25-120000-C,56036.09,buy,1.0,1.0,,,,
655,313039239,2024-08-06 15:28:29,3,0.035,0.0348761,67.95,BTC-28MAR25-120000-C,56016.56,buy,1.0,1.0,,,,
656,313041191,2024-08-06 15:34:04,3,0.035,0.03467734,68.06,BTC-28MAR25-120000-C,55923.5,buy,1.0,1.0,,,,
657,313041694,2024-08-06 15:37:05,0,0.036,0.03481386,68.6,BTC-28MAR25-120000-C,55919.61,buy,10.8,10.8,,,,
658,313041695,2024-08-06 15:37:05,1,0.036,0.03481386,68.6,BTC-28MAR25-120000-C,55919.61,sell,4.2,4.2,,,,
659,313044280,2024-08-06 15:57:17,0,0.0365,0.03601981,68.35,BTC-28MAR25-120000-C,56357.17,buy,11.0,11.0,,,,
660,313044419,2024-08-06 15:58:08,0,0.037,0.03615683,68.57,BTC-28MAR25-120000-C,56378.18,buy,10.0,10.0,,,,
661,313044429,2024-08-06 15:58:10,1,0.037,0.03612957,68.58,BTC-28MAR25-120000-C,56371.84,buy,1.0,1.0,,,,
662,313044486,2024-08-06 15:58:37,0,0.0375,0.03613942,68.83,BTC-28MAR25-120000-C,56370.72,buy,10.0,10.0,,,,
663,313044869,2024-08-06 16:00:48,1,0.0375,0.03654887,68.74,BTC-28MAR25-120000-C,56439.43,buy,1.3,1.3,,,,
664,313045295,2024-08-06 16:02:41,0,0.038,0.03657861,69.06,BTC-28MAR25-120000-C,56378.06,buy,10.0,10.0,,,,
665,313045999,2024-08-06 16:08:37,1,0.038,0.03696877,68.98,BTC-28MAR25-120000-C,56444.72,buy,1.5,1.5,,,,
666,313046261,2024-08-06 16:09:19,0,0.0385,0.03728443,69.11,BTC-28MAR25-120000-C,56550.84,buy,11.8,11.8,,,,
667,313046268,2024-08-06 16:09:19,1,0.0385,0.03729536,69.11,BTC-28MAR25-120000-C,56557.15,sell,2.4,2.4,,,,
668,313046269,2024-08-06 16:09:19,1,0.0385,0.03729536,69.11,BTC-28MAR25-120000-C,56557.15,sell,0.3,0.3,,,,
669,313047042,2024-08-06 16:13:05,1,0.0385,0.03795104,69.03,BTC-28MAR25-120000-C,56631.66,sell,4.0,4.0,,,,
670,313048693,2024-08-06 16:21:04,0,0.039,0.03865136,69.12,BTC-28MAR25-120000-C,56755.55,buy,12.0,12.0,,,,
671,313086922,2024-08-06 21:23:42,0,0.04,0.03884669,70.0,BTC-28MAR25-120000-C,56343.81,sell,0.1,0.1,,,,
672,313127489,2024-08-07 02:28:33,0,0.0405,0.03974866,69.2,BTC-28MAR25-120000-C,57269.73,sell,0.1,0.1,,,,
673,313139065,2024-08-07 03:53:20,2,0.04,0.03953286,69.41,BTC-28MAR25-120000-C,56889.44,sell,0.1,0.1,,,,
674,313162458,2024-08-07 07:37:40,2,0.039,0.03969038,68.9,BTC-28MAR25-120000-C,56825.87,sell,0.3,0.3,,,,
675,313162459,2024-08-07 07:37:40,3,0.039,0.03969038,68.9,BTC-28MAR25-120000-C,56825.87,sell,0.2,0.2,,,,
676,313508976,2024-08-08 22:55:45,0,0.049,0.04815862,67.61,BTC-28MAR25-120000-C,62095.48,sell,5.0,5.0,,,,
677,313518447,2024-08-08 23:14:10,2,0.0485,0.04832847,67.1,BTC-28MAR25-120000-C,62399.6,buy,0.1,0.1,,,,
678,313518449,2024-08-08 23:14:11,3,0.0485,0.04832847,67.1,BTC-28MAR25-120000-C,62399.6,sell,5.0,5.0,,,,
679,314027980,2024-08-12 19:00:57,2,0.0417,0.04090616,68.9,BTC-28MAR25-120000-C,58675.89,buy,100.0,100.0,,BTC-RR-28MAR25-45000_120000,152586,
680,314051773,2024-08-12 23:15:01,0,0.043,0.04225672,68.76,BTC-28MAR25-120000-C,59352.59,buy,1.0,1.0,,,,
681,314051883,2024-08-12 23:15:10,2,0.0415,0.04234183,68.01,BTC-28MAR25-120000-C,59382.79,sell,1.0,1.0,,,,
682,314107352,2024-08-13 13:17:27,0,0.042,0.04195958,68.82,BTC-28MAR25-120000-C,58983.98,buy,1.0,1.0,,,,
683,314107391,2024-08-13 13:18:16,1,0.042,0.04211261,68.74,BTC-28MAR25-120000-C,59056.49,buy,0.1,0.1,,,,
684,314173680,2024-08-13 22:56:58,0,0.0475,0.04707815,69.55,BTC-28MAR25-120000-C,60601.78,sell,0.7,0.7,,,,
685,314198133,2024-08-14 07:37:00,2,0.0465,0.04593635,68.98,BTC-28MAR25-120000-C,60827.51,buy,1.0,1.0,,,,
686,314359375,2024-08-15 08:29:57,2,0.0384,0.03908661,68.41,BTC-28MAR25-120000-C,58180.33,sell,200.0,200.0,,BTC-CCAL-28MAR25_27DEC24-120000,152909,
687,314436865,2024-08-15 18:53:35,0,0.0385,0.03783171,68.86,BTC-28MAR25-120000-C,57802.65,sell,4.2,4.2,,,,
688,314658405,2024-08-18 00:03:44,0,0.042,0.04125692,69.08,BTC-28MAR25-120000-C,59524.75,sell,0.8,0.8,,,,
689,314748020,2024-08-19 09:11:13,2,0.0415,0.04187138,70.15,BTC-28MAR25-120000-C,58661.21,sell,0.1,0.1,,,,
690,314748300,2024-08-19 09:18:20,2,0.041,0.04077754,69.93,BTC-28MAR25-120000-C,58626.45,buy,0.1,0.1,,,,
691,314748312,2024-08-19 09:18:45,2,0.0405,0.04076571,69.68,BTC-28MAR25-120000-C,58627.44,sell,0.1,0.1,,,,
692,314759550,2024-08-19 10:33:16,2,0.039,0.03867772,69.51,BTC-28MAR25-120000-C,58109.97,sell,0.1,0.1,,,,
693,314795417,2024-08-19 20:48:45,0,0.04,0.04001796,68.77,BTC-28MAR25-120000-C,59316.2,buy,0.4,0.4,,,,
694,314798087,2024-08-19 22:08:57,2,0.0395,0.03951345,68.83,BTC-28MAR25-120000-C,59068.28,buy,0.4,0.4,,,,
695,314902513,2024-08-20 15:22:36,2,0.0385,0.03829054,68.41,BTC-28MAR25-120000-C,59068.79,buy,0.4,0.4,,,,
696,314950638,2024-08-21 08:00:40,0,0.0405,0.04011913,68.78,BTC-28MAR25-120000-C,59772.92,buy,0.3,0.3,,,,
697,314972159,2024-08-21 13:37:24,1,0.0405,0.03969495,69.49,BTC-28MAR25-120000-C,59203.79,buy,1.8,1.8,,,,
698,315004515,2024-08-21 18:20:26,0,0.0415,0.04145291,68.96,BTC-28MAR25-120000-C,60141.72,buy,0.4,0.4,,,,
699,315089912,2024-08-22 10:55:57,0,0.042,0.041831,68.04,BTC-28MAR25-120000-C,61338.06,buy,0.5,0.5,,,,
700,315092607,2024-08-22 11:40:31,0,0.0425,0.0421845,68.35,BTC-28MAR25-120000-C,61262.64,buy,0.5,0.5,,,,
701,315093252,2024-08-22 11:54:26,0,0.043,0.04274408,68.47,BTC-28MAR25-120000-C,61370.38,buy,0.5,0.5,,,,
702,315106818,2024-08-22 14:00:56,2,0.0415,0.04166226,68.4,BTC-28MAR25-120000-C,60817.82,buy,0.5,0.5,,,,
703,315134379,2024-08-22 20:36:00,2,0.04,0.04095769,68.26,BTC-28MAR25-120000-C,60394.42,sell,0.2,0.2,,,,
704,315134417,2024-08-22 20:39:50,3,0.04,0.04094227,68.28,BTC-28MAR25-120000-C,60372.69,sell,0.2,0.2,,,,
705,315138147,2024-08-22 21:43:40,0,0.041,0.04127286,68.52,BTC-28MAR25-120000-C,60596.49,buy,0.4,0.4,,,,
706,315187812,2024-08-23 09:51:51,2,0.0405,0.0411677,67.85,BTC-28MAR25-120000-C,61033.26,buy,0.1,0.1,,,,
707,315277043,2024-08-23 20:16:49,0,0.05,0.04873891,69.23,BTC-28MAR25-120000-C,63803.91,buy,1.7,1.7,,,,
708,315277044,2024-08-23 20:16:49,0,0.0505,0.04873891,69.45,BTC-28MAR25-120000-C,63803.91,buy,1.3,1.3,,,,
709,315324958,2024-08-24 00:35:52,2,0.05,0.04933794,68.93,BTC-28MAR25-120000-C,63928.99,sell,2.0,2.0,,,,M
710,315326772,2024-08-24 01:24:25,2,0.0495,0.04899443,68.81,BTC-28MAR25-120000-C,63803.8,sell,2.0,2.0,,,,M
711,315349456,2024-08-24 09:59:14,0,0.05,0.04992163,68.43,BTC-28MAR25-120000-C,64353.9,sell,6.1,6.1,,,,
712,315349461,2024-08-24 10:00:02,1,0.05,0.05002356,68.42,BTC-28MAR25-120000-C,64359.07,sell,5.0,5.0,,,,
713,315349463,2024-08-24 10:00:08,1,0.05,0.05003039,68.42,BTC-28MAR25-120000-C,64358.68,sell,0.1,0.1,,,,
714,315362615,2024-08-24 15:58:04,1,0.05,0.04929889,68.92,BTC-28MAR25-120000-C,64007.65,buy,0.9,0.9,,,,
715,315458958,2024-08-26 02:30:13,2,0.045,0.04663768,66.62,BTC-28MAR25-120000-C,64020.14,sell,5.0,5.0,,,,
716,315458959,2024-08-26 02:30:13,3,0.045,0.04663768,66.62,BTC-28MAR25-120000-C,64020.14,sell,2.0,2.0,,,,
717,315458960,2024-08-26 02:30:13,3,0.045,0.04663768,66.62,BTC-28MAR25-120000-C,64020.14,sell,8.3,8.3,,,,
718,315458961,2024-08-26 02:30:13,3,0.045,0.04663768,66.62,BTC-28MAR25-120000-C,64020.14,sell,1.3,1.3,,,,
719,315458962,2024-08-26 02:30:13,3,0.045,0.04663768,66.62,BTC-28MAR25-120000-C,64020.14,buy,33.4,33.4,,,,
720,315459004,2024-08-26 02:31:49,0,0.0453,0.04649026,66.75,BTC-28MAR25-120000-C,64027.17,sell,100.0,100.0,,,154402,
721,315459069,2024-08-26 02:33:32,2,0.045,0.04638637,66.58,BTC-28MAR25-120000-C,64044.35,sell,100.0,100.0,,,154403,
722,315459121,2024-08-26 02:35:11,3,0.045,0.04621813,66.63,BTC-28MAR25-120000-C,64019.48,sell,50.0,50.0,,,154404,
723,315569401,2024-08-27 02:33:36,2,0.0415,0.04301118,66.42,BTC-28MAR25-120000-C,63121.89,sell,1.5,1.5,,,,
724,315569402,2024-08-27 02:33:36,3,0.0415,0.04301118,66.42,BTC-28MAR25-120000-C,63121.89,sell,5.0,5.0,,,,
725,315569403,2024-08-27 02:33:36,3,0.0415,0.04301118,66.42,BTC-28MAR25-120000-C,63121.89,sell,8.5,8.5,,,,
726,315569404,2024-08-27 02:33:36,3,0.0415,0.04301118,66.42,BTC-28MAR25-120000-C,63121.89,buy,4.0,4.0,,,,
727,315569406,2024-08-27 02:33:36,3,0.0415,0.04301118,66.42,BTC-28MAR25-120000-C,63121.89,buy,11.0,11.0,,,,
728,315586769,2024-08-27 08:08:48,2,0.0391,0.04009738,65.57,BTC-28MAR25-120000-C,62940.75,sell,100.0,100.0,,BTC-CS-28MAR25-120000_160000,154664,
729,315586885,2024-08-27 08:09:45,2,0.0387,0.04004368,65.39,BTC-28MAR25-120000-C,62927.5,sell,100.0,100.0,,BTC-CS-28MAR25-120000_200000,154666,
730,315587447,2024-08-27 08:16:54,3,0.0387,0.04007088,65.5,BTC-28MAR25-120000-C,62833.91,sell,50.0,50.0,,BTC-CS-28MAR25-120000_200000,154671,
731,315587510,2024-08-27 08:17:21,0,0.04,0.0400416,66.19,BTC-28MAR25-120000-C,62803.8,sell,2.1,2.1,,,,
732,315591796,2024-08-27 09:42:57,1,0.04,0.03978703,66.29,BTC-28MAR25-120000-C,62708.14,sell,0.1,0.1,,,,
733,315605244,2024-08-27 12:00:06,2,0.0385,0.03849423,65.98,BTC-28MAR25-120000-C,62409.33,buy,0.1,0.1,,,,
734,315754320,2024-08-28 01:58:14,2,0.033,0.03216657,66.87,BTC-28MAR25-120000-C,59416.04,buy,1.0,1.0,,,,
735,315754353,2024-08-28 01:58:23,3,0.033,0.03213475,66.88,BTC-28MAR25-120000-C,59406.21,buy,0.2,0.2,,,,
736,315754358,2024-08-28 01:58:26,3,0.033,0.03212801,66.87,BTC-28MAR25-120000-C,59413.91,buy,0.1,0.1,,,,
737,315755269,2024-08-28 02:03:22,3,0.033,0.03213934,66.96,BTC-28MAR25-120000-C,59348.24,buy,0.8,0.8,,,,
738,315755295,2024-08-28 02:03:35,3,0.033,0.03214943,66.96,BTC-28MAR25-120000-C,59355.19,buy,0.1,0.1,,,,
739,315755351,2024-08-28 02:04:09,3,0.033,0.03222459,66.93,BTC-28MAR25-120000-C,59373.66,buy,0.5,0.5,,,,
740,315832569,2024-08-28 10:20:50,0,0.0355,0.03408834,68.04,BTC-28MAR25-120000-C,59836.36,buy,0.1,0.1,,,,
741,315832573,2024-08-28 10:20:53,1,0.0355,0.03409191,68.04,BTC-28MAR25-120000-C,59835.55,buy,0.1,0.1,,,,
742,315832575,2024-08-28 10:20:55,1,0.0355,0.03409624,68.03,BTC-28MAR25-120000-C,59838.05,buy,0.1,0.1,,,,
743,315832580,2024-08-28 10:20:59,1,0.0355,0.03410926,68.03,BTC-28MAR25-120000-C,59840.25,buy,0.1,0.1,,,,
744,315832599,2024-08-28 10:21:02,1,0.0355,0.03412909,68.01,BTC-28MAR25-120000-C,59856.4,buy,0.7,0.7,,,,
745,315899839,2024-08-28 19:04:35,2,0.035,0.03538104,67.62,BTC-28MAR25-120000-C,59809.12,sell,5.0,5.0,,,,
746,315899840,2024-08-28 19:04:35,3,0.035,0.03538104,67.62,BTC-28MAR25-120000-C,59809.12,buy,0.5,0.5,,,,
747,315899841,2024-08-28 19:04:35,3,0.035,0.03538104,67.62,BTC-28MAR25-120000-C,59809.12,buy,4.5,4.5,,,,
748,315933337,2024-08-29 06:04:20,2,0.0335,0.03316423,67.22,BTC-28MAR25-120000-C,59534.12,buy,0.4,0.4,,,,
749,315962023,2024-08-29 13:19:43,0,0.0355,0.0351269,67.48,BTC-28MAR25-120000-C,60330.29,buy,2.4,2.4,,,,
750,316016371,2024-08-29 20:43:27,2,0.0335,0.03312765,67.56,BTC-28MAR25-120000-C,59365.06,sell,5.0,5.0,,,,
751,316016373,2024-08-29 20:43:32,3,0.0335,0.03313312,67.56,BTC-28MAR25-120000-C,59365.62,sell,5.0,5.0,,,,
752,316016380,2024-08-29 20:43:37,3,0.0335,0.03313556,67.56,BTC-28MAR25-120000-C,59367.63,sell,5.0,5.0,,,,
753,316051177,2024-08-30 06:42:48,0,0.0345,0.03317261,68.46,BTC-28MAR25-120000-C,59184.53,buy,5.0,5.0,,,,
754,316132793,2024-08-30 16:27:12,2,0.031,0.03166422,67.9,BTC-28MAR25-120000-C,57996.77,sell,1.1,1.1,,,,
755,316151351,2024-08-30 20:17:59,0,0.0335,0.03389343,68.34,BTC-28MAR25-120000-C,58856.49,sell,0.8,0.8,,,,
756,316194862,2024-09-01 05:07:40,2,0.031,0.0310123,67.9,BTC-28MAR25-120000-C,58306.47,sell,12.5,12.5,,,,
757,316195362,2024-09-01 05:14:47,3,0.031,0.03115795,67.9,BTC-28MAR25-120000-C,58303.68,sell,12.5,12.5,,,,
758,316197130,2024-09-01 05:26:49,3,0.031,0.03075133,68.28,BTC-28MAR25-120000-C,57966.64,sell,7.0,7.0,,,,
759,316197456,2024-09-01 05:28:05,3,0.031,0.03090013,68.25,BTC-28MAR25-120000-C,57983.45,sell,10.0,10.0,,,,
760,316198924,2024-09-01 05:39:44,3,0.031,0.03096748,68.43,BTC-28MAR25-120000-C,57828.66,sell,1.5,1.5,,,,
761,316198932,2024-09-01 05:39:49,3,0.031,0.03096716,68.43,BTC-28MAR25-120000-C,57828.18,sell,0.2,0.2,,,,
762,316208046,2024-09-01 09:25:10,0,0.0315,0.03131392,68.2,BTC-28MAR25-120000-C,58257.95,buy,2.0,2.0,,,,
763,316214586,2024-09-01 12:49:37,2,0.031,0.03122817,68.29,BTC-28MAR25-120000-C,57962.05,sell,10.0,10.0,,,,
764,316214644,2024-09-01 12:50:45,3,0.031,0.03127778,68.28,BTC-28MAR25-120000-C,57963.59,sell,5.0,5.0,,,,
765,316232433,2024-09-01 18:01:14,3,0.031,0.03154918,68.12,BTC-28MAR25-120000-C,58141.97,sell,10.0,10.0,,,,
766,316233698,2024-09-01 18:27:34,0,0.0315,0.03189846,67.94,BTC-28MAR25-120000-C,58534.89,buy,0.6,0.6,,,,
767,316233725,2024-09-01 18:27:35,1,0.0315,0.0319241,67.92,BTC-28MAR25-120000-C,58555.04,buy,0.4,0.4,,,,
768,316243867,2024-09-01 22:22:02,2,0.031,0.03112309,68.68,BTC-28MAR25-120000-C,57749.27,sell,4.1,4.1,,,,
769,316257673,2024-09-02 01:00:42,0,0.0315,0.03158027,69.31,BTC-28MAR25-120000-C,57472.31,buy,1.0,1.0,,,,
770,316262393,2024-09-02 02:37:31,2,0.031,0.03106984,69.2,BTC-28MAR25-120000-C,57331.72,sell,5.0,5.0,,,,
771,316262774,2024-09-02 02:45:58,3,0.031,0.03123711,69.18,BTC-28MAR25-120000-C,57351.81,sell,5.2,5.2,,,,
772,316270017,2024-09-02 06:39:18,0,0.0322,0.0312861,69.42,BTC-28MAR25-120000-C,57779.59,buy,150.0,150.0,,,155850,
773,316270074,2024-09-02 06:43:37,2,0.0315,0.03120405,69.06,BTC-28MAR25-120000-C,57748.07,buy,2.2,2.2,,,,
774,316270075,2024-09-02 06:43:37,3,0.0315,0.03120405,69.06,BTC-28MAR25-120000-C,57748.07,buy,5.0,5.0,,,,
775,316270076,2024-09-02 06:43:37,3,0.0315,0.03120405,69.06,BTC-28MAR25-120000-C,57748.07,sell,0.4,0.4,,,,
776,316270079,2024-09-02 06:44:09,3,0.0315,0.03122916,69.07,BTC-28MAR25-120000-C,57746.83,sell,2.4,2.4,,,,
777,316270083,2024-09-02 06:45:09,3,0.0315,0.03124296,69.06,BTC-28MAR25-120000-C,57748.53,buy,2.6,2.6,,,,
778,316270165,2024-09-02 06:49:35,3,0.0315,0.03150758,69.04,BTC-28MAR25-120000-C,57761.89,sell,3.4,3.4,,,,
779,316270213,2024-09-02 06:53:51,3,0.0315,0.03151682,69.1,BTC-28MAR25-120000-C,57719.61,sell,9.0,9.0,,,,
780,316270330,2024-09-02 06:57:46,3,0.0315,0.03156402,69.12,BTC-28MAR25-120000-C,57693.47,sell,5.0,5.0,,,,
781,316270340,2024-09-02 06:58:24,3,0.0315,0.03156382,69.12,BTC-28MAR25-120000-C,57689.38,sell,5.0,5.0,,,,
782,316270413,2024-09-02 06:59:09,3,0.0315,0.03153929,69.15,BTC-28MAR25-120000-C,57673.18,sell,5.0,5.0,,,,
783,316270425,2024-09-02 06:59:34,3,0.0315,0.03156712,69.14,BTC-28MAR25-120000-C,57681.62,sell,5.0,5.0,,,,
784,316270440,2024-09-02 07:00:21,3,0.0315,0.03158882,69.13,BTC-28MAR25-120000-C,57683.77,sell,5.0,5.0,,,,
785,316270469,2024-09-02 07:01:05,3,0.0315,0.03157451,69.15,BTC-28MAR25-120000-C,57669.28,sell,10.0,10.0,,,,
786,316275997,2024-09-02 08:25:45,0,0.032,0.03186041,69.01,BTC-28MAR25-120000-C,58024.58,buy,5.0,5.0,,,,
787,316283707,2024-09-02 10:01:21,0,0.0325,0.0320768,68.87,BTC-28MAR25-120000-C,58345.07,buy,1.5,1.5,,,,
788,316294144,2024-09-02 14:31:12,1,0.0325,0.03256007,68.66,BTC-28MAR25-120000-C,58552.69,buy,1.5,1.5,,,,
789,316294767,2024-09-02 14:32:15,1,0.0325,0.0326191,68.6,BTC-28MAR25-120000-C,58605.67,buy,0.4,0.4,,,,
790,316309481,2024-09-02 20:52:38,0,0.033,0.03251569,68.59,BTC-28MAR25-120000-C,58747.76,buy,3.0,3.0,,,,
791,316338963,2024-09-03 06:05:16,0,0.0335,0.03285422,68.7,BTC-28MAR25-120000-C,59030.74,buy,1.0,1.0,,,,
792,316356923,2024-09-03 12:22:03,2,0.033,0.03284465,68.3,BTC-28MAR25-120000-C,59232.58,buy,0.5,0.5,,,,
793,316368594,2024-09-03 14:01:27,2,0.032,0.03209237,68.84,BTC-28MAR25-120000-C,58316.59,buy,1.0,1.0,,,,
794,316382196,2024-09-03 14:59:45,2,0.0315,0.03199256,69.38,BTC-28MAR25-120000-C,57640.31,sell,5.0,5.0,,,,
795,316382199,2024-09-03 14:59:50,3,0.0315,0.0320019,69.38,BTC-28MAR25-120000-C,57644.78,sell,5.0,5.0,,,,
796,316383055,2024-09-03 15:03:56,3,0.0315,0.03204402,69.34,BTC-28MAR25-120000-C,57696.45,sell,5.0,5.0,,,,
797,316410678,2024-09-03 23:19:47,2,0.031,0.03151985,69.0,BTC-28MAR25-120000-C,57756.23,sell,0.1,0.1,,,,
798,316423034,2024-09-04 01:02:36,3,0.031,0.03013567,70.83,BTC-28MAR25-120000-C,56299.96,sell,0.4,0.4,,,,
799,316423067,2024-09-04 01:02:37,3,0.031,0.0301277,70.86,BTC-28MAR25-120000-C,56273.68,sell,4.3,4.3,,,,
800,316423137,2024-09-04 01:02:42,3,0.031,0.03023675,70.77,BTC-28MAR25-120000-C,56349.74,sell,0.2,0.2,,,,
801,316445746,2024-09-04 04:05:23,3,0.031,0.03120317,70.44,BTC-28MAR25-120000-C,56656.82,sell,2.0,2.0,,,,
802,316447053,2024-09-04 05:00:57,3,0.031,0.03118871,70.47,BTC-28MAR25-120000-C,56641.06,sell,0.3,0.3,,,,
803,316447054,2024-09-04 05:01:10,3,0.031,0.03118945,70.47,BTC-28MAR25-120000-C,56640.6,sell,4.2,4.2,,,,
804,316447078,2024-09-04 05:01:51,3,0.031,0.03118349,70.48,BTC-28MAR25-120000-C,56634.98,sell,0.2,0.2,,,,
805,316447092,2024-09-04 05:02:00,3,0.031,0.03115723,70.49,BTC-28MAR25-120000-C,56622.1,sell,4.4,4.4,,,,
806,316447988,2024-09-04 05:24:38,3,0.031,0.03108498,70.7,BTC-28MAR25-120000-C,56452.64,sell,21.0,21.0,,,,
807,316448015,2024-09-04 05:25:31,3,0.031,0.03118594,70.65,BTC-28MAR25-120000-C,56490.38,sell,10.0,10.0,,,,
808,316448588,2024-09-04 05:38:15,3,0.031,0.03101287,70.84,BTC-28MAR25-120000-C,56353.14,sell,0.1,0.1,,,,
809,316448598,2024-09-04 05:38:15,3,0.031,0.03101424,70.84,BTC-28MAR25-120000-C,56353.14,sell,30.0,30.0,,,,
810,316448621,2024-09-04 05:38:27,3,0.031,0.0309998,70.85,BTC-28MAR25-120000-C,56341.6,sell,4.4,4.4,,,,
811,316448622,2024-09-04 05:38:28,3,0.031,0.03100315,70.85,BTC-28MAR25-120000-C,56338.62,sell,0.1,0.1,,,,
812,316448762,2024-09-04 05:40:22,3,0.031,0.03098968,70.89,BTC-28MAR25-120000-C,56304.97,sell,16.0,16.0,,,,
813,316448769,2024-09-04 05:40:24,3,0.031,0.03094074,70.92,BTC-28MAR25-120000-C,56279.05,sell,19.3,19.3,,,,
814,316470419,2024-09-04 12:14:07,2,0.0305,0.03031385,70.31,BTC-28MAR25-120000-C,56520.29,buy,1.0,1.0,,,,
815,316470505,2024-09-04 12:17:40,3,0.0305,0.03042413,70.29,BTC-28MAR25-120000-C,56538.07,buy,1.0,1.0,,,,
816,316472658,2024-09-04 13:16:20,2,0.03,0.03047944,70.0,BTC-28MAR25-120000-C,56534.38,sell,5.0,5.0,,,,
817,316472659,2024-09-04 13:16:20,3,0.03,0.03047944,70.0,BTC-28MAR25-120000-C,56534.38,sell,1.0,1.0,,,,
818,316488200,2024-09-04 14:50:46,0,0.031,0.03126704,69.71,BTC-28MAR25-120000-C,57282.7,buy,1.5,1.5,,,,
819,316520799,2024-09-04 19:22:03,0,0.032,0.03193757,69.74,BTC-28MAR25-120000-C,57769.45,sell,3.0,3.0,,,,
820,316535629,2024-09-05 02:22:00,2,0.0315,0.03164632,69.39,BTC-28MAR25-120000-C,57832.09,buy,1.0,1.0,,,,
821,316545001,2024-09-05 05:25:51,3,0.0315,0.03056948,70.13,BTC-28MAR25-120000-C,57224.48,buy,1.9,1.9,,,,
822,316545002,2024-09-05 05:25:51,3,0.0315,0.03056948,70.13,BTC-28MAR25-120000-C,57224.48,buy,0.9,0.9,,,,
823,316545003,2024-09-05 05:25:51,3,0.0315,0.03056948,70.13,BTC-28MAR25-120000-C,57224.48,sell,2.2,2.2,,,,
824,316578031,2024-09-05 14:00:12,2,0.0305,0.03066212,69.8,BTC-28MAR25-120000-C,57170.2,buy,1.3,1.3,,,,
825,316578076,2024-09-05 14:00:13,3,0.0305,0.03067747,69.79,BTC-28MAR25-120000-C,57170.2,buy,0.2,0.2,,,,
826,316623609,2024-09-06 00:43:06,2,0.029,0.02850429,70.19,BTC-28MAR25-120000-C,56104.45,buy,1.0,1.0,,,,
827,316623610,2024-09-06 00:43:06,3,0.029,0.02850429,70.19,BTC-28MAR25-120000-C,56104.45,buy,5.0,5.0,,,,
828,316627888,2024-09-06 02:11:50,0,0.0295,0.02959667,69.65,BTC-28MAR25-120000-C,56810.67,buy,1.0,1.0,,,,
829,316629745,2024-09-06 02:47:22,1,0.0295,0.02943276,69.69,BTC-28MAR25-120000-C,56807.72,buy,1.0,1.0,,,,
830,316631829,2024-09-06 03:52:14,1,0.0295,0.02959265,69.93,BTC-28MAR25-120000-C,56600.78,sell,4.0,4.0,,,,
831,316635869,2024-09-06 05:47:55,1,0.0295,0.02884055,70.19,BTC-28MAR25-120000-C,56396.92,buy,0.5,0.5,,,,
832,316635917,2024-09-06 05:48:58,1,0.0295,0.02898197,70.12,BTC-28MAR25-120000-C,56455.28,buy,0.5,0.5,,,,
833,316656535,2024-09-06 07:52:52,2,0.029,0.02861716,70.66,BTC-28MAR25-120000-C,55792.15,buy,1.0,1.0,,,,
834,316656667,2024-09-06 07:53:35,3,0.029,0.02860932,70.66,BTC-28MAR25-120000-C,55792.8,buy,0.5,0.5,,,,
835,316663505,2024-09-06 08:38:25,3,0.029,0.02858262,70.63,BTC-28MAR25-120000-C,55810.66,buy,3.5,3.5,,,,
836,316669377,2024-09-06 09:49:47,3,0.029,0.02888572,70.54,BTC-28MAR25-120000-C,55898.51,buy,1.5,1.5,,,,
837,316671961,2024-09-06 10:24:52,3,0.029,0.02902173,70.32,BTC-28MAR25-120000-C,56099.34,buy,0.9,0.9,,,,
838,316671997,2024-09-06 10:25:13,3,0.029,0.02903603,70.31,BTC-28MAR25-120000-C,56106.68,buy,0.6,0.6,,,,
839,316794028,2024-09-06 21:34:37,2,0.0255,0.02557991,71.24,BTC-28MAR25-120000-C,53532.97,buy,1.5,1.5,,,,
840,316798396,2024-09-06 22:27:56,0,0.026,0.02590103,71.22,BTC-28MAR25-120000-C,53806.75,buy,1.0,1.0,,,,
841,316801936,2024-09-06 23:42:21,0,0.0265,0.02590293,71.5,BTC-28MAR25-120000-C,53840.0,buy,0.2,0.2,,,,
842,316801991,2024-09-06 23:43:02,1,0.0265,0.02588198,71.53,BTC-28MAR25-120000-C,53826.87,buy,0.2,0.2,,,,
843,316802018,2024-09-06 23:43:33,1,0.0265,0.0259013,71.53,BTC-28MAR25-120000-C,53834.03,buy,0.2,0.2,,,,
844,316817296,2024-09-07 06:50:11,1,0.0265,0.02626185,71.12,BTC-28MAR25-120000-C,54252.17,buy,0.4,0.4,,,,
845,316831648,2024-09-07 12:51:12,0,0.027,0.02651736,71.1,BTC-28MAR25-120000-C,54585.79,buy,1.0,1.0,,,,
846,316866993,2024-09-08 07:27:38,2,0.026,0.02563174,70.79,BTC-28MAR25-120000-C,54421.14,buy,1.5,1.5,,,,
847,316867157,2024-09-08 07:35:26,0,0.0265,0.02640636,71.06,BTC-28MAR25-120000-C,54477.64,buy,1.0,1.0,,,,
848,316869625,2024-09-08 08:52:42,2,0.026,0.02624618,70.79,BTC-28MAR25-120000-C,54437.09,sell,8.5,8.5,,,,
849,316869993,2024-09-08 09:07:10,0,0.0265,0.02628387,71.05,BTC-28MAR25-120000-C,54502.53,buy,3.0,3.0,,,,
850,316879061,2024-09-08 13:12:02,1,0.0265,0.02635584,71.5,BTC-28MAR25-120000-C,54143.25,buy,1.0,1.0,,,,
851,316883220,2024-09-08 15:14:31,1,0.0265,0.02610861,71.64,BTC-28MAR25-120000-C,54044.65,buy,1.5,1.5,,,,
852,316883221,2024-09-08 15:14:31,0,0.027,0.02610861,71.97,BTC-28MAR25-120000-C,54044.65,buy,1.5,1.5,,,,
853,316905321,2024-09-08 22:21:47,1,0.027,0.02740481,70.64,BTC-28MAR25-120000-C,55185.0,buy,0.5,0.5,,,,
854,316905322,2024-09-08 22:21:47,1,0.027,0.02740481,70.64,BTC-28MAR25-120000-C,55185.0,buy,1.0,1.0,,,,
855,316935067,2024-09-09 04:32:39,2,0.0265,0.02664098,70.68,BTC-28MAR25-120000-C,54945.37,buy,1.5,1.5,,,,
856,316935150,2024-09-09 04:34:07,3,0.0265,0.02669598,70.62,BTC-28MAR25-120000-C,54987.8,buy,3.5,3.5,,,,
857,316937282,2024-09-09 05:07:08,2,0.026,0.02597631,70.66,BTC-28MAR25-120000-C,54698.49,sell,25.0,25.0,,,,
858,316940482,2024-09-09 05:48:24,3,0.026,0.0259548,70.74,BTC-28MAR25-120000-C,54625.68,sell,10.0,10.0,,,,
859,316941204,2024-09-09 05:54:11,3,0.026,0.02602318,70.79,BTC-28MAR25-120000-C,54583.5,sell,5.0,5.0,,,,
860,316941290,2024-09-09 05:55:00,3,0.026,0.02610727,70.75,BTC-28MAR25-120000-C,54616.71,sell,10.0,10.0,,,,
861,316941304,2024-09-09 05:55:34,3,0.026,0.02613458,70.74,BTC-28MAR25-120000-C,54614.2,sell,40.0,40.0,,,,
862,316943457,2024-09-09 06:30:21,3,0.026,0.02572893,70.52,BTC-28MAR25-120000-C,54818.88,buy,2.0,2.0,,,,
863,316944550,2024-09-09 06:54:19,3,0.026,0.02593623,70.45,BTC-28MAR25-120000-C,54881.61,buy,1.5,1.5,,,,
864,316950137,2024-09-09 08:16:11,0,0.0265,0.02626015,70.48,BTC-28MAR25-120000-C,55138.88,buy,3.5,3.5,,,,
865,316950138,2024-09-09 08:16:13,1,0.0265,0.02626125,70.48,BTC-28MAR25-120000-C,55139.49,buy,100.0,100.0,,,157024,
866,316950235,2024-09-09 08:17:06,1,0.0265,0.02631675,70.48,BTC-28MAR25-120000-C,55134.7,buy,1.5,1.5,,,,
867,316950350,2024-09-09 08:17:47,0,0.0267,0.02638512,70.59,BTC-28MAR25-120000-C,55146.86,buy,100.0,100.0,,,157025,
868,316950461,2024-09-09 08:18:53,1,0.0267,0.02646643,70.56,BTC-28MAR25-120000-C,55164.54,buy,100.0,100.0,,,157026,
869,316953072,2024-09-09 08:35:14,0,0.027,0.0265585,70.69,BTC-28MAR25-120000-C,55242.8,buy,3.0,3.0,,,,
870,316954429,2024-09-09 08:58:22,1,0.027,0.0267407,70.71,BTC-28MAR25-120000-C,55225.36,buy,1.5,1.5,,,,
871,316959330,2024-09-09 10:04:49,1,0.027,0.02694518,70.83,BTC-28MAR25-120000-C,55140.81,buy,1.4,1.4,,,,
872,316959345,2024-09-09 10:04:53,0,0.0275,0.02694633,71.16,BTC-28MAR25-120000-C,55141.22,buy,1.0,1.0,,,,
873,316959346,2024-09-09 10:04:53,1,0.0275,0.02694633,71.16,BTC-28MAR25-120000-C,55141.22,buy,1.5,1.5,,,,
874,316960100,2024-09-09 10:12:05,1,0.0275,0.02757185,71.03,BTC-28MAR25-120000-C,55255.62,buy,2.0,2.0,,,,
875,316960685,2024-09-09 10:20:56,0,0.028,0.027692,71.2,BTC-28MAR25-120000-C,55374.98,buy,2.0,2.0,,,,
876,316961942,2024-09-09 10:57:35,2,0.0275,0.02754402,70.92,BTC-28MAR25-120000-C,55351.0,buy,3.0,3.0,,,,
877,316962432,2024-09-09 11:07:33,3,0.0275,0.02741612,71.05,BTC-28MAR25-120000-C,55247.49,buy,3.0,3.0,,,,
878,316963227,2024-09-09 11:30:07,3,0.0275,0.02752173,70.96,BTC-28MAR25-120000-C,55312.61,buy,3.0,3.0,,,,
879,316964118,2024-09-09 12:10:01,3,0.0275,0.02740928,71.09,BTC-28MAR25-120000-C,55218.29,buy,1.0,1.0,,,,
880,316964600,2024-09-09 12:18:20,3,0.0275,0.0274116,71.12,BTC-28MAR25-120000-C,55193.95,buy,1.0,1.0,,,,
881,316964715,2024-09-09 12:22:37,0,0.028,0.02734631,71.5,BTC-28MAR25-120000-C,55142.98,buy,1.5,1.5,,,,
882,316967164,2024-09-09 13:04:13,1,0.028,0.02744502,71.38,BTC-28MAR25-120000-C,55265.64,buy,1.0,1.0,,,,
883,316967165,2024-09-09 13:04:17,1,0.028,0.02744381,71.39,BTC-28MAR25-120000-C,55264.43,buy,1.0,1.0,,,,
884,316968727,2024-09-09 13:20:26,1,0.028,0.02793771,71.09,BTC-28MAR25-120000-C,55501.15,buy,1.0,1.0,,,,
885,316971679,2024-09-09 13:40:02,1,0.028,0.02768328,71.12,BTC-28MAR25-120000-C,55498.08,buy,1.5,1.5,,,,
886,316985134,2024-09-09 15:38:07,2,0.027,0.02704627,70.69,BTC-28MAR25-120000-C,55334.03,buy,1.0,1.0,,,,
887,316987542,2024-09-09 16:11:01,0,0.0275,0.0276115,70.59,BTC-28MAR25-120000-C,55673.82,buy,0.1,0.1,,,,
888,316987604,2024-09-09 16:11:07,1,0.0275,0.0275601,70.62,BTC-28MAR25-120000-C,55643.14,buy,1.1,1.1,,,,
889,316988549,2024-09-09 16:12:51,0,0.028,0.0280068,70.63,BTC-28MAR25-120000-C,55897.73,buy,1.0,1.0,,,,
890,317001536,2024-09-09 17:06:01,0,0.0295,0.02942033,70.77,BTC-28MAR25-120000-C,56557.4,buy,1.1,1.1,,,,
891,317017266,2024-09-09 18:53:31,0,0.03,0.03015599,71.01,BTC-28MAR25-120000-C,56645.87,buy,2.5,2.5,,,,
892,317032579,2024-09-09 21:10:33,1,0.03,0.02993337,70.35,BTC-28MAR25-120000-C,57188.13,buy,0.3,0.3,,,,
893,317033259,2024-09-09 21:14:31,1,0.03,0.03004592,70.25,BTC-28MAR25-120000-C,57296.1,buy,0.1,0.1,,,,
894,317033484,2024-09-09 21:14:33,1,0.03,0.03022418,70.12,BTC-28MAR25-120000-C,57391.75,buy,2.6,2.6,,,,
895,317034486,2024-09-09 21:15:12,0,0.0305,0.03043052,70.2,BTC-28MAR25-120000-C,57595.54,buy,0.1,0.1,,,,
896,317034531,2024-09-09 21:15:12,1,0.0305,0.03043052,70.2,BTC-28MAR25-120000-C,57595.54,buy,1.9,1.9,,,,
897,317041574,2024-09-09 21:32:55,1,0.0305,0.03137919,70.13,BTC-28MAR25-120000-C,57653.81,sell,0.1,0.1,,,,
898,317060228,2024-09-10 02:17:24,2,0.03,0.02967417,70.95,BTC-28MAR25-120000-C,56743.13,buy,1.1,1.1,,,,
899,317061451,2024-09-10 02:56:44,3,0.03,0.02971455,70.91,BTC-28MAR25-120000-C,56777.08,buy,1.0,1.0,,,,
900,317064580,2024-09-10 04:03:41,2,0.0295,0.02921661,70.9,BTC-28MAR25-120000-C,56546.25,buy,1.5,1.5,,,,
901,317072689,2024-09-10 07:24:21,0,0.03,0.02986146,70.58,BTC-28MAR25-120000-C,57061.93,buy,2.0,2.0,,,,
902,317073377,2024-09-10 07:27:25,0,0.0305,0.03003048,70.79,BTC-28MAR25-120000-C,57140.92,buy,0.5,0.5,,,,
903,317076091,2024-09-10 07:47:25,1,0.0305,0.03040843,70.64,BTC-28MAR25-120000-C,57246.64,buy,0.3,0.3,,,,
904,317076145,2024-09-10 07:47:28,1,0.0305,0.03045198,70.61,BTC-28MAR25-120000-C,57268.27,buy,0.3,0.3,,,,
905,317081711,2024-09-10 08:24:28,2,0.03,0.03034627,70.34,BTC-28MAR25-120000-C,57273.19,sell,5.0,5.0,,,,
906,317081712,2024-09-10 08:24:28,3,0.03,0.03034627,70.34,BTC-28MAR25-120000-C,57273.19,sell,2.0,2.0,,,,
907,317081713,2024-09-10 08:24:28,3,0.03,0.03034627,70.34,BTC-28MAR25-120000-C,57273.19,buy,3.0,3.0,,,,
908,317085846,2024-09-10 09:02:20,3,0.03,0.02979314,70.73,BTC-28MAR25-120000-C,56974.97,buy,1.0,1.0,,,,
909,317085989,2024-09-10 09:03:25,3,0.03,0.02969305,70.81,BTC-28MAR25-120000-C,56907.62,buy,1.0,1.0,,,,
910,317093690,2024-09-10 11:53:19,0,0.0305,0.03023486,70.74,BTC-28MAR25-120000-C,57230.82,buy,0.5,0.5,,,,
911,317093691,2024-09-10 11:53:19,1,0.0305,0.03023486,70.74,BTC-28MAR25-120000-C,57230.82,buy,1.0,1.0,,,,
912,317101493,2024-09-10 13:23:04,1,0.0305,0.03011041,71.17,BTC-28MAR25-120000-C,56904.4,buy,1.0,1.0,,,,
913,317116791,2024-09-10 14:24:18,2,0.03,0.02960072,71.19,BTC-28MAR25-120000-C,56643.87,buy,1.0,1.0,,,,
914,317127788,2024-09-10 15:41:35,3,0.03,0.02997776,70.78,BTC-28MAR25-120000-C,56997.63,buy,3.0,3.0,,,,
915,317135934,2024-09-10 17:14:20,0,0.0305,0.03070492,70.7,BTC-28MAR25-120000-C,57295.05,buy,0.1,0.1,,,,
916,317136043,2024-09-10 17:14:38,1,0.0305,0.03070543,70.72,BTC-28MAR25-120000-C,57282.01,buy,1.4,1.4,,,,
917,317138361,2024-09-10 17:34:21,0,0.031,0.03076409,71.16,BTC-28MAR25-120000-C,57170.2,sell,1.5,1.5,,,,
918,317153329,2024-09-10 19:30:53,0,0.032,0.03175684,71.13,BTC-28MAR25-120000-C,57615.19,buy,0.1,0.1,,,,
919,317153356,2024-09-10 19:31:02,1,0.032,0.03180341,71.1,BTC-28MAR25-120000-C,57644.23,buy,0.1,0.1,,,,
920,317153360,2024-09-10 19:31:05,1,0.032,0.03181606,71.09,BTC-28MAR25-120000-C,57651.85,buy,0.3,0.3,,,,
921,317153414,2024-09-10 19:31:24,1,0.032,0.03181034,71.08,BTC-28MAR25-120000-C,57656.08,buy,0.1,0.1,,,,
922,317153425,2024-09-10 19:31:34,1,0.032,0.03182619,71.08,BTC-28MAR25-120000-C,57663.04,buy,0.1,0.1,,,,
923,317153430,2024-09-10 19:31:40,1,0.032,0.0318451,71.07,BTC-28MAR25-120000-C,57670.38,buy,0.1,0.1,,,,
924,317153461,2024-09-10 19:31:44,1,0.032,0.03187035,71.05,BTC-28MAR25-120000-C,57683.13,buy,0.2,0.2,,,,
925,317170712,2024-09-10 23:39:23,1,0.032,0.03165285,71.13,BTC-28MAR25-120000-C,57671.18,buy,0.3,0.3,,,,
926,317170715,2024-09-10 23:39:26,1,0.032,0.03166625,71.11,BTC-28MAR25-120000-C,57681.13,buy,0.1,0.1,,,,
927,317173073,2024-09-11 00:48:34,2,0.0315,0.03155651,70.84,BTC-28MAR25-120000-C,57666.84,buy,1.0,1.0,,,,
928,317173642,2024-09-11 00:59:20,3,0.0315,0.03145383,70.86,BTC-28MAR25-120000-C,57647.63,buy,1.5,1.5,,,,
929,317174464,2024-09-11 01:12:47,3,0.0315,0.03140351,70.76,BTC-28MAR25-120000-C,57734.28,buy,1.1,1.1,,,,
930,317192418,2024-09-11 03:15:28,2,0.0285,0.02834709,70.06,BTC-28MAR25-120000-C,56847.31,buy,0.5,0.5,,,,
931,317207077,2024-09-11 06:05:08,2,0.028,0.02754725,70.44,BTC-28MAR25-120000-C,56301.74,buy,0.1,0.1,,,,
