trade_seq,trade_id,timestamp,tick_direction,price,mark_price,iv,instrument_name,index_price,direction,contracts,amount,combo_id,block_trade_id,liquidation,combo_trade_id
1,258919273,2023-06-22 11:05:19,1,0.06,0.0554675,60.47,BTC-28JUN24-60000-C,30123.53,buy,,1.0,,,,
2,258934755,2023-06-22 13:05:27,1,0.06,0.05999239,60.43,BTC-28JUN24-60000-C,30186.49,buy,,4.0,,,,
3,258991737,2023-06-22 19:56:06,2,0.0591,0.05922279,60.13,BTC-28JUN24-60000-C,30175.81,sell,,12.5,BTC-STRG-28JUN24-24000_60000,80908,,
4,259154276,2023-06-23 17:36:25,0,0.069,0.06525452,61.83,BTC-28JUN24-60000-C,31081.96,buy,,1.3,,,,
5,259483014,2023-06-27 10:48:15,2,0.0605,0.05992874,59.92,BTC-28JUN24-60000-C,30644.08,sell,,1.0,,,,
6,259489439,2023-06-27 12:09:51,2,0.06,0.06015343,59.64,BTC-28JUN24-60000-C,30708.97,sell,,0.1,,,,
7,259648969,2023-06-28 22:51:32,2,0.058,0.05703363,60.19,BTC-28JUN24-60000-C,30100.3,sell,,200.0,,82105,,
8,259649830,2023-06-28 23:19:04,2,0.053,0.05720675,58.34,BTC-28JUN24-60000-C,30164.76,sell,,200.0,,82107,,
9,259672367,2023-06-29 07:19:17,0,0.058,0.05700813,59.79,BTC-28JUN24-60000-C,30351.53,sell,,25.0,,82190,,
10,259673182,2023-06-29 07:26:34,2,0.057,0.05688997,59.42,BTC-28JUN24-60000-C,30365.16,sell,,25.0,,82196,,
11,259680883,2023-06-29 08:41:39,0,0.058,0.05781595,59.7,BTC-28JUN24-60000-C,30401.2,sell,,25.0,,82232,,
12,259723362,2023-06-29 16:46:06,2,0.056,0.05676839,58.85,BTC-28JUN24-60000-C,30500.66,sell,,0.1,,,,
13,259814224,2023-06-30 06:21:31,3,0.056,0.05386396,58.52,BTC-28JUN24-60000-C,30653.49,buy,,7.0,,,,
14,259814225,2023-06-30 06:21:31,3,0.056,0.05386396,58.52,BTC-28JUN24-60000-C,30653.49,sell,,1.0,,,,
15,259816434,2023-06-30 06:40:41,3,0.056,0.05625128,58.52,BTC-28JUN24-60000-C,30670.45,sell,,10.0,,,,
16,259816600,2023-06-30 06:40:50,3,0.056,0.05630002,58.51,BTC-28JUN24-60000-C,30678.02,sell,,5.0,,,,
17,259816602,2023-06-30 06:40:51,3,0.056,0.0563211,58.51,BTC-28JUN24-60000-C,30676.85,sell,,2.0,,,,
18,259916258,2023-06-30 13:56:54,2,0.054,0.05492311,59.08,BTC-28JUN24-60000-C,29823.61,sell,,11.0,,,,
19,259916280,2023-06-30 13:56:59,3,0.054,0.0549271,59.07,BTC-28JUN24-60000-C,29824.15,sell,,11.0,,,,
20,259916309,2023-06-30 13:57:00,3,0.054,0.0549271,59.07,BTC-28JUN24-60000-C,29831.2,sell,,3.0,,,,
21,260299001,2023-07-05 22:29:25,0,0.0579,0.05737892,59.52,BTC-28JUN24-60000-C,30463.96,sell,,12.5,BTC-CS-28JUN24-60000_70000,83572,,
22,260299009,2023-07-05 22:29:29,1,0.0579,0.05735358,59.52,BTC-28JUN24-60000-C,30462.86,sell,,12.5,BTC-CS-28JUN24-60000_70000,83573,,
23,260436063,2023-07-06 21:26:16,0,0.06,0.06139023,60.8,BTC-28JUN24-60000-C,30201.94,sell,,0.1,,,,
24,260436795,2023-07-06 21:50:34,1,0.06,0.05972061,60.76,BTC-28JUN24-60000-C,30210.7,sell,,0.1,,,,
25,260749772,2023-07-12 07:29:07,2,0.057,0.05960472,59.04,BTC-28JUN24-60000-C,30784.99,sell,,0.1,,,,
26,260825043,2023-07-12 21:31:45,2,0.0525,0.05482936,58.44,BTC-28JUN24-60000-C,30335.21,sell,,0.1,,,,
27,260856345,2023-07-13 12:25:25,3,0.0525,0.05196731,58.03,BTC-28JUN24-60000-C,30546.83,buy,,10.0,,,,
28,260856687,2023-07-13 12:31:29,3,0.0525,0.05193439,58.05,BTC-28JUN24-60000-C,30543.13,buy,,10.0,,,,
29,260857334,2023-07-13 12:43:15,3,0.0525,0.05176946,58.15,BTC-28JUN24-60000-C,30547.77,buy,,5.0,,,,
30,260857412,2023-07-13 12:44:18,3,0.0525,0.05190616,58.11,BTC-28JUN24-60000-C,30556.5,buy,,5.0,,,,
31,261001006,2023-07-14 08:38:46,0,0.056,0.05836097,57.96,BTC-28JUN24-60000-C,31294.68,sell,,0.1,,,,
32,261066848,2023-07-14 19:07:37,2,0.0545,0.05354694,59.81,BTC-28JUN24-60000-C,30085.82,sell,,0.5,,,,
33,261180524,2023-07-17 14:46:58,2,0.052,0.05226679,58.85,BTC-28JUN24-60000-C,30279.83,sell,,5.0,,,,
34,261180525,2023-07-17 14:47:01,3,0.052,0.05226785,58.85,BTC-28JUN24-60000-C,30280.13,sell,,1.8,,,,
35,261180526,2023-07-17 14:47:01,3,0.052,0.05226785,58.85,BTC-28JUN24-60000-C,30280.13,sell,,0.1,,,,
36,261180541,2023-07-17 14:47:45,3,0.052,0.05233185,58.83,BTC-28JUN24-60000-C,30283.53,sell,,6.8,,,,
37,261180542,2023-07-17 14:47:45,3,0.052,0.05233185,58.83,BTC-28JUN24-60000-C,30283.53,sell,,0.1,,,,
38,261180546,2023-07-17 14:48:36,3,0.052,0.05224343,58.83,BTC-28JUN24-60000-C,30282.18,buy,,0.1,,,,
39,261180559,2023-07-17 14:49:59,3,0.052,0.05236621,58.82,BTC-28JUN24-60000-C,30289.08,sell,,6.7,,,,
40,261180560,2023-07-17 14:49:59,3,0.052,0.05236621,58.82,BTC-28JUN24-60000-C,30289.08,sell,,0.1,,,,
41,261180573,2023-07-17 14:50:09,3,0.052,0.05234159,58.82,BTC-28JUN24-60000-C,30285.03,buy,,0.2,,,,
42,261180583,2023-07-17 14:50:14,3,0.052,0.05234467,58.82,BTC-28JUN24-60000-C,30281.76,sell,,5.0,,,,
43,261180586,2023-07-17 14:50:16,3,0.052,0.05234,58.82,BTC-28JUN24-60000-C,30281.06,sell,,1.6,,,,
44,261183005,2023-07-17 16:04:03,0,0.0525,0.05249703,59.21,BTC-28JUN24-60000-C,30157.21,sell,,0.5,,,,
45,261183006,2023-07-17 16:04:03,1,0.0525,0.05249703,59.21,BTC-28JUN24-60000-C,30157.21,sell,,0.1,,,,
46,261184661,2023-07-17 16:49:02,2,0.052,0.05240736,59.05,BTC-28JUN24-60000-C,30126.22,sell,,5.0,,,,
47,261184665,2023-07-17 16:49:07,3,0.052,0.05241475,59.04,BTC-28JUN24-60000-C,30131.95,sell,,1.8,,,,
48,261194283,2023-07-17 18:44:42,2,0.0515,0.05159114,59.35,BTC-28JUN24-60000-C,29861.38,sell,,6.8,,,,
49,261195690,2023-07-17 18:48:55,3,0.0515,0.05122832,59.51,BTC-28JUN24-60000-C,29765.42,sell,,10.2,,,,
50,261245070,2023-07-18 14:16:08,0,0.0545,0.05215827,60.47,BTC-28JUN24-60000-C,29893.55,buy,,13.0,,,,
51,261245081,2023-07-18 14:16:09,1,0.0545,0.05215409,60.47,BTC-28JUN24-60000-C,29892.15,buy,,0.8,,,,
52,261245082,2023-07-18 14:16:09,1,0.0545,0.05215409,60.47,BTC-28JUN24-60000-C,29892.15,buy,,7.4,,,,
53,261273740,2023-07-19 03:06:32,2,0.054,0.05347989,60.03,BTC-28JUN24-60000-C,30021.17,buy,,1.0,,,,
54,261415705,2023-07-21 09:23:22,0,0.056,0.05484987,61.23,BTC-28JUN24-60000-C,29830.64,buy,,0.1,,,,
55,261421782,2023-07-21 12:40:31,2,0.054,0.05422245,60.53,BTC-28JUN24-60000-C,29860.76,sell,,0.5,,,,
56,261486897,2023-07-23 15:49:56,2,0.0525,0.052466,60.23,BTC-28JUN24-60000-C,29903.37,sell,,0.1,,,,
57,261537229,2023-07-24 09:53:18,2,0.051,0.05213954,61.2,BTC-28JUN24-60000-C,29159.48,sell,,11.0,,,,
58,261553038,2023-07-24 13:55:15,3,0.051,0.05142827,61.15,BTC-28JUN24-60000-C,29145.11,sell,,1.3,,,,
59,261594167,2023-07-25 09:15:20,2,0.047,0.0486704,59.74,BTC-28JUN24-60000-C,29173.8,sell,,2.5,,,,
60,261594175,2023-07-25 09:16:23,3,0.047,0.04864563,59.74,BTC-28JUN24-60000-C,29170.45,buy,,0.3,,,,
61,261595856,2023-07-25 09:49:07,0,0.0495,0.04859219,60.65,BTC-28JUN24-60000-C,29209.88,buy,,0.1,,,,
62,261595930,2023-07-25 09:52:09,1,0.0495,0.04856581,60.66,BTC-28JUN24-60000-C,29204.23,buy,,0.1,,,,
63,261613861,2023-07-25 19:47:40,2,0.049,0.04769677,60.43,BTC-28JUN24-60000-C,29222.08,buy,,0.1,,,,
64,261638794,2023-07-26 13:06:08,2,0.048,0.04881293,60.11,BTC-28JUN24-60000-C,29240.5,sell,,0.1,,,,
65,261670117,2023-07-26 20:40:39,0,0.049,0.04880484,59.77,BTC-28JUN24-60000-C,29595.32,buy,,2.0,,,,
66,261685570,2023-07-27 05:13:53,2,0.0475,0.04823244,59.39,BTC-28JUN24-60000-C,29476.21,sell,,0.2,,,,
67,261687748,2023-07-27 07:08:44,0,0.048,0.04722251,59.74,BTC-28JUN24-60000-C,29408.06,buy,,0.7,,,,
68,261693355,2023-07-27 09:45:55,0,0.049,0.04758145,59.88,BTC-28JUN24-60000-C,29524.58,buy,,5.2,,,,
69,261704584,2023-07-27 15:09:47,2,0.0485,0.04842221,60.19,BTC-28JUN24-60000-C,29293.22,sell,,0.1,,,,
70,261704590,2023-07-27 15:09:51,3,0.0485,0.04841564,60.2,BTC-28JUN24-60000-C,29287.94,sell,,0.1,,,,
71,261706638,2023-07-27 15:49:21,0,0.05,0.04910584,60.7,BTC-28JUN24-60000-C,29340.14,buy,,0.5,,,,
72,261707650,2023-07-27 16:33:08,1,0.05,0.04939932,60.73,BTC-28JUN24-60000-C,29313.75,buy,,0.5,,,,
73,261707682,2023-07-27 16:34:36,1,0.05,0.049206,60.74,BTC-28JUN24-60000-C,29321.57,buy,,0.1,,,,
74,261734553,2023-07-28 07:44:35,2,0.0485,0.04715481,60.62,BTC-28JUN24-60000-C,29155.74,buy,,0.1,,,,
75,261734560,2023-07-28 07:44:36,3,0.0485,0.04715513,60.62,BTC-28JUN24-60000-C,29155.73,buy,,0.1,,,,
76,261734565,2023-07-28 07:44:38,3,0.0485,0.04715559,60.62,BTC-28JUN24-60000-C,29155.73,buy,,0.1,,,,
77,261736230,2023-07-28 07:54:40,2,0.0465,0.04719283,59.9,BTC-28JUN24-60000-C,29131.3,sell,,0.1,,,,
78,261742210,2023-07-28 08:59:32,0,0.048,0.04752488,60.46,BTC-28JUN24-60000-C,29146.95,buy,,0.1,,,,
79,261742224,2023-07-28 08:59:38,1,0.048,0.04752558,60.46,BTC-28JUN24-60000-C,29147.59,buy,,0.1,,,,
80,261744599,2023-07-28 10:02:53,1,0.048,0.04742203,60.31,BTC-28JUN24-60000-C,29207.83,buy,,0.1,,,,
81,261744659,2023-07-28 10:03:21,2,0.0475,0.04742084,60.12,BTC-28JUN24-60000-C,29209.8,buy,,0.1,,,,
82,261744660,2023-07-28 10:03:21,0,0.048,0.04742084,60.31,BTC-28JUN24-60000-C,29209.8,buy,,0.1,,,,
83,261744661,2023-07-28 10:03:21,1,0.048,0.04742084,60.31,BTC-28JUN24-60000-C,29209.8,buy,,1.8,,,,
84,261772965,2023-07-29 02:06:57,2,0.0465,0.04781425,59.51,BTC-28JUN24-60000-C,29381.11,sell,,0.1,,,,
85,261782249,2023-07-29 14:00:11,3,0.0465,0.04567412,59.71,BTC-28JUN24-60000-C,29293.38,buy,,5.0,,,,
86,261782358,2023-07-29 14:10:28,2,0.045,0.04571103,59.13,BTC-28JUN24-60000-C,29295.54,sell,,15.0,,,,
87,261829864,2023-07-31 06:08:27,0,0.0465,0.04532058,59.65,BTC-28JUN24-60000-C,29384.38,buy,,1.0,,,,
88,261835259,2023-07-31 09:56:10,2,0.045,0.04413549,59.11,BTC-28JUN24-60000-C,29358.28,buy,,0.1,,,,
89,261835261,2023-07-31 09:56:20,0,0.046,0.04416227,59.5,BTC-28JUN24-60000-C,29359.08,buy,,0.2,,,,
90,261835262,2023-07-31 09:56:20,1,0.046,0.04416227,59.5,BTC-28JUN24-60000-C,29359.08,buy,,0.3,,,,
91,261835522,2023-07-31 10:05:55,2,0.0455,0.04449056,59.29,BTC-28JUN24-60000-C,29367.39,buy,,0.1,,,,
92,261838869,2023-07-31 12:36:29,3,0.0455,0.04442721,59.23,BTC-28JUN24-60000-C,29429.76,buy,,0.5,,,,
93,261860998,2023-08-01 00:52:56,2,0.0445,0.04385132,59.25,BTC-28JUN24-60000-C,29261.37,buy,,0.1,,,,
94,261868823,2023-08-01 02:10:31,2,0.0435,0.04403053,59.59,BTC-28JUN24-60000-C,28848.93,sell,,0.1,,,,
95,261868824,2023-08-01 02:10:31,3,0.0435,0.04403053,59.59,BTC-28JUN24-60000-C,28848.93,sell,,0.1,,,,
96,261882329,2023-08-01 07:19:30,2,0.043,0.04310379,59.32,BTC-28JUN24-60000-C,28904.22,sell,,0.1,,,,
97,261894465,2023-08-01 14:51:47,2,0.041,0.04197163,58.6,BTC-28JUN24-60000-C,28822.56,sell,,300.0,,87716,,
98,261894488,2023-08-01 14:53:53,3,0.041,0.04198558,58.59,BTC-28JUN24-60000-C,28821.83,sell,,300.0,,87717,,
99,261895359,2023-08-01 15:02:35,3,0.041,0.04194128,58.61,BTC-28JUN24-60000-C,28783.81,sell,,300.0,,87722,,
100,262125661,2023-08-05 06:56:56,0,0.0415,0.04187153,58.7,BTC-28JUN24-60000-C,29024.59,sell,,5.0,,,,
101,262130091,2023-08-05 09:56:50,0,0.0425,0.04162587,59.1,BTC-28JUN24-60000-C,29026.96,buy,,0.1,,,,
102,262130094,2023-08-05 09:56:50,1,0.0425,0.04162587,59.1,BTC-28JUN24-60000-C,29026.96,buy,,0.1,,,,
103,262130098,2023-08-05 09:56:52,1,0.0425,0.04162599,59.1,BTC-28JUN24-60000-C,29027.03,buy,,0.1,,,,
104,262130100,2023-08-05 09:56:52,1,0.0425,0.04162599,59.1,BTC-28JUN24-60000-C,29027.03,buy,,0.1,,,,
105,262130525,2023-08-05 10:20:49,2,0.042,0.04165577,58.89,BTC-28JUN24-60000-C,29038.7,buy,,0.1,,,,
106,262130527,2023-08-05 10:20:49,3,0.042,0.04165577,58.89,BTC-28JUN24-60000-C,29038.7,buy,,0.1,,,,
107,262131161,2023-08-05 11:00:41,2,0.0415,0.04159562,58.73,BTC-28JUN24-60000-C,29023.37,buy,,0.1,,,,
108,262131163,2023-08-05 11:00:41,3,0.0415,0.04159562,58.73,BTC-28JUN24-60000-C,29023.37,sell,,0.1,,,,
109,262142511,2023-08-06 02:21:21,3,0.0415,0.0411475,58.78,BTC-28JUN24-60000-C,29028.13,buy,,1.0,,,,
110,262142594,2023-08-06 02:26:01,3,0.0415,0.0411804,58.76,BTC-28JUN24-60000-C,29036.19,buy,,1.0,,,,
111,262144930,2023-08-06 07:36:16,2,0.041,0.04116912,58.57,BTC-28JUN24-60000-C,29046.93,sell,,0.1,,,,
112,262144931,2023-08-06 07:36:16,3,0.041,0.04116912,58.57,BTC-28JUN24-60000-C,29046.93,sell,,1.0,,,,
113,262148268,2023-08-06 09:37:07,0,0.0415,0.04619653,58.76,BTC-28JUN24-60000-C,29044.56,buy,,0.1,,,,
114,262148371,2023-08-06 09:43:01,1,0.0415,0.03926953,58.78,BTC-28JUN24-60000-C,29044.01,buy,,0.3,,,,
115,262169815,2023-08-07 05:45:18,2,0.037,0.0381762,56.85,BTC-28JUN24-60000-C,29086.96,sell,,0.1,,,,
116,262169818,2023-08-07 05:45:46,2,0.0365,0.03809957,56.63,BTC-28JUN24-60000-C,29087.18,sell,,0.1,,,,
117,262169819,2023-08-07 05:45:46,3,0.0365,0.03809957,56.63,BTC-28JUN24-60000-C,29087.18,sell,,1.9,,,,
118,262181115,2023-08-07 13:13:12,0,0.0405,0.03938005,58.51,BTC-28JUN24-60000-C,29009.89,buy,,2.0,,,,
119,262181137,2023-08-07 13:15:26,0,0.041,0.03944912,58.7,BTC-28JUN24-60000-C,29009.49,buy,,0.2,,,,
120,262181229,2023-08-07 13:18:55,2,0.039,0.03937267,57.86,BTC-28JUN24-60000-C,29003.27,buy,,0.1,,,,
121,262212478,2023-08-08 00:59:54,0,0.041,0.03920703,58.33,BTC-28JUN24-60000-C,29216.53,buy,,0.1,,,,
122,262214819,2023-08-08 03:42:11,1,0.041,0.03991361,58.45,BTC-28JUN24-60000-C,29165.2,buy,,0.6,,,,
123,262254145,2023-08-08 17:05:02,0,0.0419,0.04083219,57.82,BTC-28JUN24-60000-C,29684.28,buy,,25.0,BTC-CS-28JUN24-60000_70000,88894,,
124,262269026,2023-08-08 19:55:08,0,0.0425,0.04202661,57.76,BTC-28JUN24-60000-C,29881.83,buy,,5.0,,,,
125,262274309,2023-08-08 21:04:42,1,0.0425,0.04182948,57.54,BTC-28JUN24-60000-C,30005.75,buy,,12.7,,,,
126,262319188,2023-08-09 13:30:32,0,0.046,0.04442495,59.06,BTC-28JUN24-60000-C,29942.03,buy,,0.3,,,,
127,262319200,2023-08-09 13:30:57,2,0.0455,0.044462,58.87,BTC-28JUN24-60000-C,29939.2,sell,,0.3,,,,
128,262325112,2023-08-09 14:55:18,2,0.045,0.04400117,58.93,BTC-28JUN24-60000-C,29798.98,buy,,2.1,,,,
129,262381453,2023-08-10 15:46:02,2,0.043,0.04163501,58.91,BTC-28JUN24-60000-C,29444.13,buy,,0.2,,,,
130,262435860,2023-08-11 17:41:03,2,0.0395,0.03964857,57.78,BTC-28JUN24-60000-C,29331.94,buy,,0.1,,,,
131,262435922,2023-08-11 17:42:11,2,0.039,0.03944243,57.6,BTC-28JUN24-60000-C,29319.82,buy,,0.1,,,,
132,262449832,2023-08-12 14:17:33,0,0.0395,0.03886882,57.7,BTC-28JUN24-60000-C,29407.23,buy,,0.1,,,,
133,262489729,2023-08-14 05:55:42,2,0.0375,0.03726363,57.01,BTC-28JUN24-60000-C,29407.36,buy,,0.1,,,,
134,262489731,2023-08-14 05:55:43,3,0.0375,0.03726212,57.01,BTC-28JUN24-60000-C,29407.36,buy,,0.1,,,,
135,262494439,2023-08-14 08:37:48,2,0.037,0.03709664,56.76,BTC-28JUN24-60000-C,29438.43,buy,,0.1,,,,
136,262494441,2023-08-14 08:37:50,3,0.037,0.03709587,56.76,BTC-28JUN24-60000-C,29439.17,buy,,0.1,,,,
137,262496840,2023-08-14 10:26:01,2,0.0365,0.0369909,56.66,BTC-28JUN24-60000-C,29373.13,sell,,2.1,,,,
138,262501117,2023-08-14 13:48:56,2,0.036,0.0355844,56.54,BTC-28JUN24-60000-C,29327.97,buy,,0.1,,,,
139,262501119,2023-08-14 13:48:59,2,0.0355,0.03558023,56.32,BTC-28JUN24-60000-C,29327.71,buy,,0.1,,,,
140,262501121,2023-08-14 13:49:01,3,0.0355,0.0355795,56.32,BTC-28JUN24-60000-C,29326.66,buy,,0.1,,,,
141,262699686,2023-08-17 10:50:11,2,0.0315,0.03205873,56.31,BTC-28JUN24-60000-C,28497.38,sell,,0.1,,,,
142,262730317,2023-08-17 15:44:21,2,0.03,0.03051931,56.62,BTC-28JUN24-60000-C,27969.98,sell,,0.1,,,,
143,262734492,2023-08-17 15:55:49,3,0.03,0.03064828,56.69,BTC-28JUN24-60000-C,27887.1,sell,,0.1,,,,
144,262737876,2023-08-17 16:03:22,3,0.03,0.03079996,56.84,BTC-28JUN24-60000-C,27836.88,sell,,0.1,,,,
145,262738227,2023-08-17 16:04:14,3,0.03,0.03069192,56.89,BTC-28JUN24-60000-C,27811.81,sell,,0.1,,,,
146,262784959,2023-08-17 21:43:40,3,0.03,0.02860449,60.53,BTC-28JUN24-60000-C,26385.5,sell,,14.7,,,,
147,262809762,2023-08-17 21:49:10,0,0.0335,0.02845044,67.34,BTC-28JUN24-60000-C,26365.2,buy,,0.1,,,,
148,262859662,2023-08-17 22:11:00,0,0.0565,0.0539488,73.74,BTC-28JUN24-60000-C,26110.7,buy,,0.4,,,T,
149,262917820,2023-08-17 23:05:46,2,0.0435,0.04138859,65.64,BTC-28JUN24-60000-C,26816.0,buy,,1.2,,,,
150,262973454,2023-08-18 04:04:17,2,0.0395,0.03991836,64.51,BTC-28JUN24-60000-C,26409.43,buy,,5.0,,,,
151,262973472,2023-08-18 04:04:28,0,0.04,0.03992213,64.73,BTC-28JUN24-60000-C,26410.86,buy,,4.4,,,,
152,262973473,2023-08-18 04:04:28,1,0.04,0.03992213,64.73,BTC-28JUN24-60000-C,26410.86,buy,,0.6,,,,
153,262974773,2023-08-18 04:21:11,2,0.0375,0.03938007,63.71,BTC-28JUN24-60000-C,26341.38,sell,,0.5,,,,
154,263075222,2023-08-18 17:07:00,2,0.031,0.03076803,61.85,BTC-28JUN24-60000-C,25771.82,sell,,0.1,,,,
155,263075403,2023-08-18 17:07:11,3,0.031,0.03076743,61.82,BTC-28JUN24-60000-C,25796.83,buy,,0.3,,,,
156,263078049,2023-08-18 17:09:16,3,0.031,0.03065367,61.92,BTC-28JUN24-60000-C,25780.96,buy,,0.3,,,,
157,263084327,2023-08-18 17:36:33,3,0.031,0.03096347,61.6,BTC-28JUN24-60000-C,25936.84,buy,,0.4,,,,
158,263084751,2023-08-18 17:38:46,3,0.031,0.03131127,61.39,BTC-28JUN24-60000-C,26041.59,buy,,0.6,,,,
159,263084930,2023-08-18 17:39:39,3,0.031,0.03135362,61.3,BTC-28JUN24-60000-C,26072.95,buy,,0.2,,,,
160,263097731,2023-08-18 19:46:27,2,0.03,0.0303594,60.89,BTC-28JUN24-60000-C,26018.25,sell,,0.3,,,,
161,263097732,2023-08-18 19:46:27,3,0.03,0.0303594,60.89,BTC-28JUN24-60000-C,26018.25,sell,,0.5,,,,
162,263133017,2023-08-19 12:05:07,0,0.0305,0.02792627,61.5,BTC-28JUN24-60000-C,25900.14,buy,,1.0,,,,
163,263133183,2023-08-19 12:13:19,1,0.0305,0.02909545,61.56,BTC-28JUN24-60000-C,25876.24,sell,,1.0,,,,
164,263133192,2023-08-19 12:14:12,1,0.0305,0.02897811,61.56,BTC-28JUN24-60000-C,25873.86,sell,,1.0,,,,
165,263138133,2023-08-19 15:14:44,2,0.0285,0.0285881,60.26,BTC-28JUN24-60000-C,26049.28,buy,,0.1,,,,
166,263138162,2023-08-19 15:14:53,3,0.0285,0.02861429,60.25,BTC-28JUN24-60000-C,26056.56,buy,,0.3,,,,
167,263203897,2023-08-21 07:34:42,2,0.028,0.02721909,60.07,BTC-28JUN24-60000-C,26009.66,buy,,0.8,,,,
168,263204367,2023-08-21 07:47:52,0,0.029,0.02759668,60.59,BTC-28JUN24-60000-C,26019.32,buy,,0.8,,,,
169,263204497,2023-08-21 07:53:03,2,0.0285,0.02795916,60.31,BTC-28JUN24-60000-C,26019.91,sell,,0.8,,,,
170,263205143,2023-08-21 08:04:18,3,0.0285,0.02802867,60.32,BTC-28JUN24-60000-C,26016.79,buy,,0.8,,,,
171,263205506,2023-08-21 08:16:36,3,0.0285,0.02778519,60.38,BTC-28JUN24-60000-C,25991.02,buy,,2.3,,,,
172,263205609,2023-08-21 08:19:27,0,0.029,0.02786516,60.64,BTC-28JUN24-60000-C,25984.27,buy,,0.2,,,,
173,263206284,2023-08-21 08:41:15,1,0.029,0.02842201,60.56,BTC-28JUN24-60000-C,26039.48,sell,,0.1,,,,
174,263208314,2023-08-21 09:56:29,2,0.0285,0.02772632,60.33,BTC-28JUN24-60000-C,26015.59,buy,,0.4,,,,
175,263230350,2023-08-21 15:33:45,0,0.029,0.02892737,60.84,BTC-28JUN24-60000-C,25910.91,sell,,0.8,,,,
176,263245630,2023-08-21 22:49:55,2,0.0285,0.02856931,60.18,BTC-28JUN24-60000-C,26139.3,sell,,0.6,,,,
177,263246035,2023-08-21 23:17:23,3,0.0285,0.02852492,60.19,BTC-28JUN24-60000-C,26134.69,sell,,0.2,,,,
178,263257891,2023-08-22 09:19:25,2,0.028,0.02777464,60.23,BTC-28JUN24-60000-C,26048.53,sell,,0.5,,,,
179,263263194,2023-08-22 13:07:15,2,0.0275,0.02746613,60.0,BTC-28JUN24-60000-C,26037.82,sell,,0.2,,,,
180,263342677,2023-08-23 15:21:46,0,0.0295,0.02837887,61.09,BTC-28JUN24-60000-C,26084.94,buy,,0.5,,,,
181,263365002,2023-08-23 17:31:29,1,0.0295,0.02937953,60.25,BTC-28JUN24-60000-C,26508.39,buy,,0.6,,,,
182,263367309,2023-08-23 17:35:53,0,0.031,0.03057467,60.95,BTC-28JUN24-60000-C,26485.07,buy,,0.8,,,,
183,263367758,2023-08-23 17:36:44,0,0.0315,0.03105886,61.17,BTC-28JUN24-60000-C,26491.83,buy,,0.1,,,,
184,263374133,2023-08-23 18:01:24,1,0.0315,0.03257251,61.09,BTC-28JUN24-60000-C,26529.38,sell,,2.2,,,,
185,263374134,2023-08-23 18:01:24,1,0.0315,0.03257251,61.09,BTC-28JUN24-60000-C,26529.38,sell,,0.1,,,,
186,263374135,2023-08-23 18:01:24,1,0.0315,0.03257251,61.09,BTC-28JUN24-60000-C,26529.38,buy,,1.2,,,,
187,263428988,2023-08-24 11:34:12,1,0.0315,0.03178613,61.31,BTC-28JUN24-60000-C,26512.35,buy,,0.1,,,,
188,263430821,2023-08-24 12:15:11,2,0.0305,0.03156874,61.08,BTC-28JUN24-60000-C,26378.55,sell,,0.1,,,,
189,263431879,2023-08-24 12:36:45,0,0.032,0.03119095,61.78,BTC-28JUN24-60000-C,26384.9,sell,,0.1,,,,
190,263432955,2023-08-24 13:00:50,0,0.0325,0.03114146,62.05,BTC-28JUN24-60000-C,26383.34,buy,,0.1,,,,
191,263435014,2023-08-24 13:34:59,2,0.0305,0.03101344,61.17,BTC-28JUN24-60000-C,26329.76,buy,,0.1,,,,
192,263448052,2023-08-24 15:23:07,0,0.032,0.03132917,62.38,BTC-28JUN24-60000-C,26107.97,sell,,0.1,,,,
193,263449135,2023-08-24 15:31:41,2,0.0305,0.0310871,61.76,BTC-28JUN24-60000-C,26027.83,sell,,0.1,,,,
194,263450366,2023-08-24 15:46:47,0,0.032,0.0314149,62.48,BTC-28JUN24-60000-C,26077.37,sell,,0.1,,,,
195,263451943,2023-08-24 16:06:20,2,0.03,0.03118789,61.54,BTC-28JUN24-60000-C,26049.34,buy,,0.1,,,,
196,263453884,2023-08-24 16:35:58,0,0.032,0.03107247,62.55,BTC-28JUN24-60000-C,26055.73,sell,,0.1,,,,
197,263615825,2023-08-28 17:41:01,2,0.03,0.02954825,61.79,BTC-28JUN24-60000-C,26161.92,buy,,2.8,,,,
198,263615826,2023-08-28 17:41:01,3,0.03,0.02954825,61.79,BTC-28JUN24-60000-C,26161.92,buy,,0.1,,,,
199,263649571,2023-08-29 14:21:05,0,0.032,0.03171086,61.89,BTC-28JUN24-60000-C,26664.9,buy,,0.6,,,,
200,263655991,2023-08-29 14:22:46,1,0.032,0.03229618,61.38,BTC-28JUN24-60000-C,26894.27,buy,,0.5,,,,
201,263669271,2023-08-29 14:32:30,0,0.0325,0.03164164,61.5,BTC-28JUN24-60000-C,27013.25,buy,,2.0,,,,
202,263700118,2023-08-29 14:55:11,0,0.0355,0.0349944,62.28,BTC-28JUN24-60000-C,27355.72,buy,,2.4,,,,
203,263715482,2023-08-29 15:40:59,0,0.036,0.03535965,62.27,BTC-28JUN24-60000-C,27435.55,buy,,2.3,,,,
204,263749983,2023-08-29 17:20:44,0,0.0365,0.03614176,61.5,BTC-28JUN24-60000-C,27933.17,sell,,1.0,,,,
205,263830868,2023-08-30 15:34:34,2,0.032,0.03238724,60.96,BTC-28JUN24-60000-C,27195.66,sell,,2.5,,,,
206,263842467,2023-08-30 22:09:32,2,0.0315,0.03257129,60.53,BTC-28JUN24-60000-C,27304.31,sell,,2.5,,,,
207,263842468,2023-08-30 22:09:37,2,0.031,0.03257758,60.28,BTC-28JUN24-60000-C,27303.86,sell,,1.2,,,,
208,263848441,2023-08-31 03:19:24,0,0.0315,0.032049,60.75,BTC-28JUN24-60000-C,27191.74,sell,,1.7,,,,
209,263848442,2023-08-31 03:19:24,2,0.031,0.032049,60.5,BTC-28JUN24-60000-C,27191.74,sell,,0.8,,,,
210,263970095,2023-09-01 12:33:53,2,0.027,0.02732125,60.89,BTC-28JUN24-60000-C,26055.87,buy,,0.7,,,,
211,264160731,2023-09-06 06:46:56,2,0.0265,0.02642228,61.72,BTC-28JUN24-60000-C,25748.81,sell,,0.1,,,,
212,264169224,2023-09-06 12:20:57,2,0.0255,0.02578948,61.25,BTC-28JUN24-60000-C,25713.25,sell,,0.5,,,,
213,264169225,2023-09-06 12:20:57,3,0.0255,0.02578948,61.25,BTC-28JUN24-60000-C,25713.25,sell,,0.1,,,,
214,264215037,2023-09-07 01:41:15,2,0.025,0.02600714,61.01,BTC-28JUN24-60000-C,25731.95,sell,,0.8,,,,
215,264393583,2023-09-11 07:37:06,0,0.0275,0.0277959,62.79,BTC-28JUN24-60000-C,25803.46,buy,,2.0,,,,
216,264393584,2023-09-11 07:37:06,1,0.0275,0.0277959,62.79,BTC-28JUN24-60000-C,25803.46,buy,,0.5,,,,
217,264435053,2023-09-11 14:59:20,2,0.027,0.02705548,63.88,BTC-28JUN24-60000-C,25166.92,buy,,0.1,,,,
218,264435135,2023-09-11 14:59:39,3,0.027,0.02696975,63.92,BTC-28JUN24-60000-C,25137.61,buy,,0.1,,,,
219,264435136,2023-09-11 14:59:44,3,0.027,0.0269435,63.94,BTC-28JUN24-60000-C,25132.82,buy,,0.1,,,,
220,264435139,2023-09-11 14:59:48,3,0.027,0.02694362,63.94,BTC-28JUN24-60000-C,25131.65,buy,,0.1,,,,
221,264435178,2023-09-11 14:59:52,3,0.027,0.02692158,63.94,BTC-28JUN24-60000-C,25130.44,buy,,0.1,,,,
222,264435311,2023-09-11 14:59:57,3,0.027,0.02693846,63.93,BTC-28JUN24-60000-C,25131.52,buy,,0.1,,,,
223,264435383,2023-09-11 15:00:05,3,0.027,0.02697668,63.92,BTC-28JUN24-60000-C,25139.91,buy,,0.1,,,,
224,264448624,2023-09-11 16:38:51,3,0.027,0.0264715,63.87,BTC-28JUN24-60000-C,25166.44,buy,,0.1,,,,
225,264448625,2023-09-11 16:38:51,3,0.027,0.0264715,63.87,BTC-28JUN24-60000-C,25166.44,sell,,0.3,,,,
226,264520369,2023-09-12 10:22:43,0,0.0285,0.02872792,62.62,BTC-28JUN24-60000-C,26248.33,buy,,1.1,,,,
227,264533118,2023-09-12 12:45:08,1,0.0285,0.0283728,62.62,BTC-28JUN24-60000-C,26204.46,buy,,0.4,,,,
228,264657112,2023-09-14 07:13:55,0,0.032,0.03135267,64.56,BTC-28JUN24-60000-C,26286.98,buy,,0.1,,,,
229,264664161,2023-09-14 10:58:05,2,0.0314,0.0315757,64.25,BTC-28JUN24-60000-C,26305.49,sell,,12.5,BTC-CS-28JUN24-34000_60000,95502,,
230,264697545,2023-09-14 16:10:40,0,0.033,0.03217354,64.36,BTC-28JUN24-60000-C,26659.04,buy,,0.1,,,,
231,264697546,2023-09-14 16:10:40,1,0.033,0.03217354,64.36,BTC-28JUN24-60000-C,26659.04,buy,,0.7,,,,
232,264769573,2023-09-15 20:28:01,2,0.0305,0.03086671,63.8,BTC-28JUN24-60000-C,26405.66,buy,,1.0,,,,
233,264769602,2023-09-15 20:32:05,3,0.0305,0.03073809,63.8,BTC-28JUN24-60000-C,26406.63,sell,,1.0,,,,
234,264769621,2023-09-15 20:32:33,2,0.03,0.03074438,63.53,BTC-28JUN24-60000-C,26413.07,sell,,0.1,,,,
235,264769622,2023-09-15 20:32:33,3,0.03,0.03074438,63.53,BTC-28JUN24-60000-C,26413.07,sell,,0.9,,,,
236,264769696,2023-09-15 20:38:07,0,0.031,0.03064389,64.06,BTC-28JUN24-60000-C,26412.11,buy,,0.2,,,T,
237,264769697,2023-09-15 20:38:07,1,0.031,0.03064389,64.06,BTC-28JUN24-60000-C,26412.11,sell,,1.8,,,M,
238,264769967,2023-09-15 20:48:22,2,0.0305,0.03082302,63.76,BTC-28JUN24-60000-C,26429.58,sell,,1.0,,,,
239,264769969,2023-09-15 20:49:38,3,0.0305,0.03080266,63.76,BTC-28JUN24-60000-C,26429.29,buy,,0.5,,,,
240,264769980,2023-09-15 20:50:08,3,0.0305,0.03081761,63.74,BTC-28JUN24-60000-C,26436.31,buy,,0.5,,,,
241,264857928,2023-09-18 05:46:30,3,0.0305,0.03010486,63.55,BTC-28JUN24-60000-C,26672.18,sell,,1.0,,,,
242,264857949,2023-09-18 05:47:41,3,0.0305,0.03010633,63.55,BTC-28JUN24-60000-C,26673.58,sell,,0.1,,,,
243,264923986,2023-09-18 18:37:31,0,0.0335,0.03333172,64.98,BTC-28JUN24-60000-C,26735.21,buy,,0.1,,,,
244,264923987,2023-09-18 18:37:36,1,0.0335,0.03333167,64.98,BTC-28JUN24-60000-C,26734.65,buy,,0.1,,,,
245,264923989,2023-09-18 18:37:40,1,0.0335,0.0333328,64.98,BTC-28JUN24-60000-C,26734.75,buy,,0.1,,,,
246,264923992,2023-09-18 18:37:57,1,0.0335,0.03334,64.98,BTC-28JUN24-60000-C,26735.16,buy,,0.1,,,,
247,264924014,2023-09-18 18:38:50,1,0.0335,0.03332384,65.0,BTC-28JUN24-60000-C,26728.27,buy,,0.1,,,,
248,264924015,2023-09-18 18:39:00,1,0.0335,0.03332112,65.0,BTC-28JUN24-60000-C,26728.98,buy,,0.1,,,,
249,264924022,2023-09-18 18:39:07,1,0.0335,0.03331213,65.01,BTC-28JUN24-60000-C,26722.24,buy,,0.1,,,,
250,264924027,2023-09-18 18:39:16,1,0.0335,0.03328875,65.02,BTC-28JUN24-60000-C,26716.6,buy,,0.1,,,,
251,264924061,2023-09-18 18:39:26,1,0.0335,0.03330643,65.01,BTC-28JUN24-60000-C,26721.17,buy,,0.1,,,,
252,264924062,2023-09-18 18:39:39,1,0.0335,0.03329364,65.02,BTC-28JUN24-60000-C,26717.31,buy,,0.1,,,,
253,264928541,2023-09-18 19:54:29,1,0.0335,0.03308707,64.78,BTC-28JUN24-60000-C,26871.03,buy,,0.1,,,,
254,264947989,2023-09-19 07:18:36,2,0.032,0.03162079,64.1,BTC-28JUN24-60000-C,26840.65,buy,,3.1,,,,
255,264947990,2023-09-19 07:18:36,3,0.032,0.03162079,64.1,BTC-28JUN24-60000-C,26840.65,sell,,2.9,,,,
256,264948815,2023-09-19 07:50:11,0,0.0325,0.03232976,64.31,BTC-28JUN24-60000-C,26873.52,sell,,2.1,,,,
257,264957709,2023-09-19 09:32:03,0,0.034,0.03420548,64.13,BTC-28JUN24-60000-C,27312.62,buy,,0.1,,,,
258,264988521,2023-09-19 15:34:54,0,0.035,0.03507575,64.39,BTC-28JUN24-60000-C,27438.66,buy,,0.1,,,,
259,265000491,2023-09-19 17:36:07,2,0.034,0.03420109,64.34,BTC-28JUN24-60000-C,27225.1,buy,,0.8,,,,
260,265000492,2023-09-19 17:36:07,3,0.034,0.03420109,64.34,BTC-28JUN24-60000-C,27225.1,buy,,0.2,,,,
261,265001981,2023-09-19 17:56:24,3,0.034,0.03408971,64.43,BTC-28JUN24-60000-C,27180.56,buy,,0.1,,,,
262,265006303,2023-09-19 19:25:50,2,0.0335,0.03358421,64.3,BTC-28JUN24-60000-C,27118.8,buy,,0.1,,,,
263,265007037,2023-09-19 19:42:52,0,0.034,0.03390043,64.43,BTC-28JUN24-60000-C,27184.11,buy,,0.1,,,,
264,265007095,2023-09-19 19:44:55,0,0.0355,0.0347078,65.17,BTC-28JUN24-60000-C,27179.48,buy,,0.7,,,,
265,265007102,2023-09-19 19:45:05,1,0.0355,0.03478885,65.17,BTC-28JUN24-60000-C,27179.89,buy,,0.4,,,,
266,265007257,2023-09-19 19:49:31,0,0.038,0.03714204,66.39,BTC-28JUN24-60000-C,27173.35,buy,,0.7,,,,
267,265007304,2023-09-19 19:49:50,1,0.038,0.03733956,66.4,BTC-28JUN24-60000-C,27172.33,buy,,0.4,,,,
268,265007305,2023-09-19 19:49:50,1,0.038,0.03733956,66.4,BTC-28JUN24-60000-C,27172.33,buy,,0.1,,,,
269,265021124,2023-09-20 01:14:06,2,0.0375,0.03777853,66.01,BTC-28JUN24-60000-C,27275.75,sell,,0.9,,,,
270,265031209,2023-09-20 05:59:40,2,0.037,0.03719125,66.28,BTC-28JUN24-60000-C,27033.6,sell,,0.6,,,,
271,265031291,2023-09-20 06:00:20,0,0.039,0.03752782,67.23,BTC-28JUN24-60000-C,27031.8,buy,,0.7,,,,
272,265031292,2023-09-20 06:00:21,1,0.039,0.03757893,67.23,BTC-28JUN24-60000-C,27032.43,buy,,0.1,,,,
273,265031374,2023-09-20 06:01:08,0,0.0395,0.03861585,67.46,BTC-28JUN24-60000-C,27033.41,buy,,0.7,,,,
274,265031376,2023-09-20 06:01:10,1,0.0395,0.03863009,67.46,BTC-28JUN24-60000-C,27033.31,buy,,0.4,,,,
275,265031431,2023-09-20 06:01:54,0,0.0405,0.03937147,67.93,BTC-28JUN24-60000-C,27029.18,buy,,0.7,,,,
276,265031508,2023-09-20 06:02:27,0,0.041,0.03990922,68.19,BTC-28JUN24-60000-C,27016.63,sell,,0.2,,,,
277,265032462,2023-09-20 06:06:44,0,0.044,0.04328713,69.57,BTC-28JUN24-60000-C,27002.08,sell,,1.7,,,,
278,265032713,2023-09-20 06:09:47,2,0.042,0.04363107,68.64,BTC-28JUN24-60000-C,27014.92,sell,,0.1,,,,
279,265033044,2023-09-20 06:16:31,0,0.0425,0.04287651,68.79,BTC-28JUN24-60000-C,27054.5,sell,,5.0,,,,
280,265034620,2023-09-20 06:55:23,2,0.0405,0.04080684,67.87,BTC-28JUN24-60000-C,27052.28,sell,,1.1,,,,
281,265034624,2023-09-20 06:55:25,0,0.0415,0.04083395,68.33,BTC-28JUN24-60000-C,27052.28,sell,,0.1,,,,
282,265034654,2023-09-20 06:55:55,0,0.042,0.04097761,68.55,BTC-28JUN24-60000-C,27054.63,sell,,2.3,,,,
283,265034718,2023-09-20 06:57:07,0,0.0435,0.04267307,69.21,BTC-28JUN24-60000-C,27062.88,sell,,1.5,,,,
284,265034733,2023-09-20 06:57:21,0,0.0445,0.04283266,69.66,BTC-28JUN24-60000-C,27061.2,sell,,0.1,,,,
285,265034738,2023-09-20 06:57:28,1,0.0445,0.04315266,69.66,BTC-28JUN24-60000-C,27061.36,sell,,1.8,,,,
286,265035230,2023-09-20 07:16:18,2,0.044,0.04471286,69.45,BTC-28JUN24-60000-C,27057.29,buy,,1.0,,,,
287,265035231,2023-09-20 07:16:20,3,0.044,0.04471123,69.45,BTC-28JUN24-60000-C,27057.58,buy,,2.0,,,,
288,265038829,2023-09-20 08:42:15,3,0.044,0.04358023,69.28,BTC-28JUN24-60000-C,27146.07,buy,,0.6,,,,
289,265040651,2023-09-20 09:16:12,2,0.0435,0.0444554,69.09,BTC-28JUN24-60000-C,27122.31,sell,,5.0,,,,
290,265042527,2023-09-20 09:49:56,2,0.043,0.04323796,69.12,BTC-28JUN24-60000-C,27007.53,sell,,2.0,,,,
291,265042528,2023-09-20 09:49:56,3,0.043,0.04323796,69.12,BTC-28JUN24-60000-C,27007.53,sell,,0.1,,,,
292,265042529,2023-09-20 09:49:56,2,0.0425,0.04323796,68.89,BTC-28JUN24-60000-C,27007.53,sell,,2.9,,,,
293,265046041,2023-09-20 10:56:59,0,0.0445,0.04369727,69.67,BTC-28JUN24-60000-C,27070.44,buy,,1.6,,,,
294,265046106,2023-09-20 10:57:40,0,0.0455,0.04461322,70.11,BTC-28JUN24-60000-C,27066.21,sell,,0.1,,,,
295,265046155,2023-09-20 10:58:19,0,0.0475,0.04569604,70.96,BTC-28JUN24-60000-C,27070.98,buy,,2.2,,,,
296,265047338,2023-09-20 11:30:14,1,0.0475,0.04795591,70.91,BTC-28JUN24-60000-C,27112.46,sell,,1.4,,,,
297,265047570,2023-09-20 11:36:20,2,0.0465,0.04750144,70.52,BTC-28JUN24-60000-C,27089.99,sell,,1.5,,,,
298,265047683,2023-09-20 11:37:05,2,0.046,0.04740619,70.32,BTC-28JUN24-60000-C,27080.16,sell,,1.0,,,,
299,265050880,2023-09-20 12:52:52,2,0.0445,0.04484988,69.76,BTC-28JUN24-60000-C,27054.53,buy,,0.7,,,,
300,265051212,2023-09-20 13:12:11,2,0.044,0.04455291,69.43,BTC-28JUN24-60000-C,27101.86,sell,,16.0,,,,
301,265051216,2023-09-20 13:12:20,3,0.044,0.04454743,69.43,BTC-28JUN24-60000-C,27102.59,buy,,0.9,,,,
302,265052263,2023-09-20 13:33:26,2,0.0415,0.04225892,68.37,BTC-28JUN24-60000-C,27055.38,sell,,16.0,,,,
303,265052288,2023-09-20 13:33:37,0,0.042,0.04225853,68.59,BTC-28JUN24-60000-C,27061.94,buy,,0.3,,,,
304,265052289,2023-09-20 13:33:37,1,0.042,0.04225853,68.59,BTC-28JUN24-60000-C,27061.94,buy,,0.1,,,,
305,265052296,2023-09-20 13:33:47,1,0.042,0.04224853,68.59,BTC-28JUN24-60000-C,27060.73,buy,,0.1,,,,
306,265052297,2023-09-20 13:33:47,1,0.042,0.04224853,68.59,BTC-28JUN24-60000-C,27060.73,sell,,0.3,,,,
307,265052309,2023-09-20 13:33:54,1,0.042,0.04224936,68.59,BTC-28JUN24-60000-C,27064.55,sell,,0.4,,,,
308,265052327,2023-09-20 13:34:09,1,0.042,0.04204294,68.58,BTC-28JUN24-60000-C,27068.91,buy,,0.4,,,,
309,265052749,2023-09-20 13:43:31,2,0.041,0.04128379,68.09,BTC-28JUN24-60000-C,27096.72,buy,,1.0,,,,
310,265052750,2023-09-20 13:43:31,3,0.041,0.04128379,68.09,BTC-28JUN24-60000-C,27096.72,buy,,0.1,,,,
311,265052812,2023-09-20 13:46:30,3,0.041,0.04106126,68.08,BTC-28JUN24-60000-C,27104.68,buy,,1.0,,,,
312,265052813,2023-09-20 13:46:30,3,0.041,0.04106126,68.08,BTC-28JUN24-60000-C,27104.68,buy,,0.1,,,,
313,265053748,2023-09-20 13:57:57,2,0.04,0.04068279,67.48,BTC-28JUN24-60000-C,27157.51,sell,,1.0,,,,
314,265053868,2023-09-20 13:59:29,3,0.04,0.04067072,67.45,BTC-28JUN24-60000-C,27172.31,sell,,0.1,,,,
315,265053869,2023-09-20 13:59:29,3,0.04,0.04067072,67.45,BTC-28JUN24-60000-C,27172.31,buy,,0.9,,,,
316,265053870,2023-09-20 13:59:29,3,0.04,0.04067072,67.45,BTC-28JUN24-60000-C,27172.31,buy,,0.1,,,,
317,265054185,2023-09-20 14:03:56,3,0.04,0.04042369,67.42,BTC-28JUN24-60000-C,27200.24,buy,,1.0,,,,
318,265054186,2023-09-20 14:03:56,3,0.04,0.04042369,67.42,BTC-28JUN24-60000-C,27200.24,buy,,0.1,,,,
319,265054779,2023-09-20 14:09:01,2,0.0395,0.0403379,67.15,BTC-28JUN24-60000-C,27205.51,sell,,1.0,,,,
320,265054786,2023-09-20 14:09:11,3,0.0395,0.0403219,67.15,BTC-28JUN24-60000-C,27204.43,sell,,1.0,,,,
321,265054794,2023-09-20 14:09:21,3,0.0395,0.0403098,67.15,BTC-28JUN24-60000-C,27201.92,sell,,1.0,,,,
322,265054807,2023-09-20 14:09:38,3,0.0395,0.04029468,67.15,BTC-28JUN24-60000-C,27201.84,sell,,2.1,,,,
323,265054812,2023-09-20 14:09:48,3,0.0395,0.04026962,67.16,BTC-28JUN24-60000-C,27197.58,buy,,1.0,,,,
324,265054924,2023-09-20 14:13:34,3,0.0395,0.03993713,67.2,BTC-28JUN24-60000-C,27178.14,buy,,1.0,,,,
325,265054925,2023-09-20 14:13:34,3,0.0395,0.03993713,67.2,BTC-28JUN24-60000-C,27178.14,buy,,0.1,,,,
326,265054990,2023-09-20 14:13:51,3,0.0395,0.03979021,67.28,BTC-28JUN24-60000-C,27142.99,buy,,1.0,,,,
327,265054992,2023-09-20 14:14:00,3,0.0395,0.03981945,67.26,BTC-28JUN24-60000-C,27152.05,buy,,1.0,,,,
328,265055196,2023-09-20 14:16:07,3,0.0395,0.03977576,67.32,BTC-28JUN24-60000-C,27122.1,sell,,1.2,,,,
329,265055866,2023-09-20 14:21:55,3,0.0395,0.0396111,67.29,BTC-28JUN24-60000-C,27145.27,buy,,2.0,,,,
330,265055867,2023-09-20 14:21:55,3,0.0395,0.0396111,67.29,BTC-28JUN24-60000-C,27145.27,buy,,0.1,,,,
331,265056422,2023-09-20 14:35:44,0,0.04,0.03983513,67.48,BTC-28JUN24-60000-C,27166.7,buy,,1.0,,,,
332,265056423,2023-09-20 14:35:44,1,0.04,0.03983513,67.48,BTC-28JUN24-60000-C,27166.7,buy,,0.1,,,,
333,265058583,2023-09-20 15:24:53,0,0.0405,0.04036144,67.73,BTC-28JUN24-60000-C,27137.63,buy,,1.0,,,,
334,265058584,2023-09-20 15:24:53,1,0.0405,0.04036144,67.73,BTC-28JUN24-60000-C,27137.63,buy,,0.1,,,,
335,265058585,2023-09-20 15:24:53,1,0.0405,0.04036144,67.73,BTC-28JUN24-60000-C,27137.63,sell,,0.9,,,,
336,265060602,2023-09-20 16:01:25,2,0.0395,0.04011908,67.18,BTC-28JUN24-60000-C,27186.03,sell,,2.1,,,,
337,265060603,2023-09-20 16:01:25,3,0.0395,0.04011908,67.18,BTC-28JUN24-60000-C,27186.03,sell,,16.0,,,,
338,265060623,2023-09-20 16:03:03,3,0.0395,0.03990154,67.19,BTC-28JUN24-60000-C,27183.11,buy,,6.9,,,,
339,265060624,2023-09-20 16:03:03,3,0.0395,0.03990154,67.19,BTC-28JUN24-60000-C,27183.11,buy,,0.1,,,,
340,265060661,2023-09-20 16:04:01,0,0.04,0.03987029,67.42,BTC-28JUN24-60000-C,27182.82,buy,,2.3,,,,
341,265060703,2023-09-20 16:04:44,1,0.04,0.03986565,67.4,BTC-28JUN24-60000-C,27190.88,buy,,5.0,,,,
342,265060704,2023-09-20 16:04:44,1,0.04,0.03986565,67.4,BTC-28JUN24-60000-C,27190.88,buy,,2.7,,,,
343,265060705,2023-09-20 16:04:44,1,0.04,0.03986565,67.4,BTC-28JUN24-60000-C,27190.88,buy,,0.1,,,,
344,265060706,2023-09-20 16:04:44,0,0.0405,0.03986698,67.63,BTC-28JUN24-60000-C,27190.88,buy,,0.6,,,,
345,265060708,2023-09-20 16:04:46,1,0.0405,0.0398693,67.63,BTC-28JUN24-60000-C,27191.0,buy,,0.4,,,,
346,265060726,2023-09-20 16:05:08,0,0.041,0.03988359,67.87,BTC-28JUN24-60000-C,27186.28,buy,,0.6,,,,
347,265060747,2023-09-20 16:06:22,1,0.041,0.04018916,67.88,BTC-28JUN24-60000-C,27187.28,buy,,0.3,,,,
348,265060748,2023-09-20 16:06:22,1,0.041,0.04018916,67.88,BTC-28JUN24-60000-C,27187.28,buy,,0.1,,,,
349,265060821,2023-09-20 16:07:44,0,0.0425,0.04133712,68.57,BTC-28JUN24-60000-C,27184.59,sell,,2.1,,,,
350,265060934,2023-09-20 16:09:47,1,0.0425,0.04221447,68.58,BTC-28JUN24-60000-C,27179.43,sell,,1.5,,,,
351,265060935,2023-09-20 16:09:47,1,0.0425,0.04221447,68.58,BTC-28JUN24-60000-C,27179.43,sell,,0.1,,,,
352,265060936,2023-09-20 16:09:47,1,0.0425,0.04221447,68.58,BTC-28JUN24-60000-C,27179.43,buy,,1.5,,,,
353,265060952,2023-09-20 16:10:09,1,0.0425,0.04227876,68.58,BTC-28JUN24-60000-C,27176.01,sell,,3.0,,,,
354,265060953,2023-09-20 16:10:09,1,0.0425,0.04227876,68.58,BTC-28JUN24-60000-C,27176.01,sell,,0.1,,,,
355,265060955,2023-09-20 16:10:17,0,0.043,0.04229169,68.81,BTC-28JUN24-60000-C,27176.5,buy,,3.1,,,,
356,265060956,2023-09-20 16:10:17,1,0.043,0.04229169,68.81,BTC-28JUN24-60000-C,27176.5,buy,,0.1,,,,
357,265060968,2023-09-20 16:10:58,2,0.0425,0.04237483,68.58,BTC-28JUN24-60000-C,27176.14,sell,,2.8,,,,
358,265060969,2023-09-20 16:10:58,3,0.0425,0.04237483,68.58,BTC-28JUN24-60000-C,27176.14,sell,,0.1,,,,
359,265060970,2023-09-20 16:10:58,3,0.0425,0.04237483,68.58,BTC-28JUN24-60000-C,27176.14,buy,,7.1,,,,
360,265061051,2023-09-20 16:12:49,2,0.0415,0.04248872,68.1,BTC-28JUN24-60000-C,27198.84,sell,,1.9,,,,
361,265061052,2023-09-20 16:12:49,3,0.0415,0.04248872,68.1,BTC-28JUN24-60000-C,27198.84,buy,,8.1,,,,
362,265061053,2023-09-20 16:12:49,3,0.0415,0.04248872,68.1,BTC-28JUN24-60000-C,27198.84,buy,,0.1,,,,
363,265061180,2023-09-20 16:18:44,0,0.042,0.04241738,68.31,BTC-28JUN24-60000-C,27197.07,buy,,1.0,,,,
364,265061181,2023-09-20 16:18:51,1,0.042,0.04241611,68.31,BTC-28JUN24-60000-C,27197.15,buy,,1.0,,,,
365,265061675,2023-09-20 16:25:25,1,0.042,0.04216235,68.37,BTC-28JUN24-60000-C,27161.85,buy,,1.0,,,,
366,265064946,2023-09-20 17:27:04,1,0.042,0.04172245,68.18,BTC-28JUN24-60000-C,27245.66,buy,,1.0,,,,
367,265064947,2023-09-20 17:27:04,1,0.042,0.04172245,68.18,BTC-28JUN24-60000-C,27245.66,buy,,0.1,,,,
368,265064958,2023-09-20 17:27:36,2,0.0415,0.04175134,67.95,BTC-28JUN24-60000-C,27247.04,buy,,1.0,,,,
369,265064959,2023-09-20 17:27:36,3,0.0415,0.04175134,67.95,BTC-28JUN24-60000-C,27247.04,buy,,0.1,,,,
370,265065741,2023-09-20 17:37:15,0,0.042,0.04168371,68.21,BTC-28JUN24-60000-C,27234.29,buy,,1.0,,,,
371,265065742,2023-09-20 17:37:15,1,0.042,0.04168371,68.21,BTC-28JUN24-60000-C,27234.29,buy,,0.1,,,,
372,265071031,2023-09-20 18:26:12,1,0.042,0.04177878,68.32,BTC-28JUN24-60000-C,27207.69,buy,,1.0,,,,
373,265071032,2023-09-20 18:26:12,1,0.042,0.04177878,68.32,BTC-28JUN24-60000-C,27207.69,buy,,0.1,,,,
374,265072019,2023-09-20 18:34:48,1,0.042,0.04206511,68.18,BTC-28JUN24-60000-C,27277.72,buy,,1.0,,,,
375,265072020,2023-09-20 18:34:48,1,0.042,0.04206511,68.18,BTC-28JUN24-60000-C,27277.72,buy,,0.1,,,,
376,265072049,2023-09-20 18:35:02,0,0.043,0.04207496,68.63,BTC-28JUN24-60000-C,27279.36,buy,,2.8,,,,
377,265072050,2023-09-20 18:35:02,1,0.043,0.04207496,68.63,BTC-28JUN24-60000-C,27279.36,buy,,0.1,,,,
378,265072181,2023-09-20 18:36:02,2,0.0425,0.04236988,68.38,BTC-28JUN24-60000-C,27283.97,sell,,9.0,,,,
379,265073544,2023-09-20 18:44:32,0,0.043,0.04216269,68.83,BTC-28JUN24-60000-C,27178.91,buy,,5.0,,,,
380,265073546,2023-09-20 18:44:35,1,0.043,0.04219761,68.84,BTC-28JUN24-60000-C,27177.61,buy,,4.0,,,,
381,265073547,2023-09-20 18:44:35,1,0.043,0.04219761,68.84,BTC-28JUN24-60000-C,27177.61,buy,,0.1,,,,
382,265073562,2023-09-20 18:44:47,1,0.043,0.04238323,68.83,BTC-28JUN24-60000-C,27173.73,sell,,1.5,,,,
383,265073563,2023-09-20 18:44:47,1,0.043,0.04238323,68.83,BTC-28JUN24-60000-C,27173.73,sell,,0.2,,,,
384,265073707,2023-09-20 18:46:20,1,0.043,0.04284294,68.85,BTC-28JUN24-60000-C,27165.29,sell,,1.9,,,,
385,265073708,2023-09-20 18:46:20,1,0.043,0.04284294,68.85,BTC-28JUN24-60000-C,27165.29,buy,,1.0,,,,
386,265073709,2023-09-20 18:46:20,1,0.043,0.04284294,68.85,BTC-28JUN24-60000-C,27165.29,buy,,1.0,,,,
387,265073764,2023-09-20 18:46:29,0,0.0435,0.0429218,69.02,BTC-28JUN24-60000-C,27193.12,buy,,3.9,,,,
388,265073810,2023-09-20 18:47:04,2,0.043,0.04290432,68.83,BTC-28JUN24-60000-C,27185.41,sell,,2.5,,,,
389,265073811,2023-09-20 18:47:04,3,0.043,0.04290432,68.83,BTC-28JUN24-60000-C,27185.41,buy,,1.0,,,,
390,265073813,2023-09-20 18:47:10,3,0.043,0.04292773,68.82,BTC-28JUN24-60000-C,27187.58,buy,,0.4,,,,
391,265073843,2023-09-20 18:47:30,0,0.0435,0.0429295,69.04,BTC-28JUN24-60000-C,27187.88,buy,,3.9,,,,
392,265073846,2023-09-20 18:47:32,1,0.0435,0.04293924,69.05,BTC-28JUN24-60000-C,27186.44,sell,,1.3,,,,
393,265073857,2023-09-20 18:47:42,1,0.0435,0.04291972,69.05,BTC-28JUN24-60000-C,27180.76,buy,,3.9,,,,
394,265082342,2023-09-20 19:32:54,2,0.042,0.04165118,68.97,BTC-28JUN24-60000-C,26908.39,buy,,0.5,,,,
395,265082468,2023-09-20 19:33:50,3,0.042,0.04169997,68.98,BTC-28JUN24-60000-C,26899.46,buy,,0.5,,,,
396,265084764,2023-09-20 20:02:39,3,0.042,0.0419749,68.88,BTC-28JUN24-60000-C,26959.62,buy,,0.5,,,,
397,265086996,2023-09-20 20:54:55,3,0.042,0.04207859,68.67,BTC-28JUN24-60000-C,27059.89,buy,,0.5,,,,
398,265089099,2023-09-20 21:19:46,0,0.0425,0.04256749,68.55,BTC-28JUN24-60000-C,27221.57,buy,,4.4,,,,
399,265096129,2023-09-21 00:46:33,2,0.042,0.0419497,68.49,BTC-28JUN24-60000-C,27152.82,buy,,1.3,,,,
400,265105606,2023-09-21 07:12:15,2,0.0415,0.04205517,68.55,BTC-28JUN24-60000-C,27017.42,sell,,3.7,,,,
401,265132760,2023-09-21 13:09:00,2,0.04,0.04001688,68.8,BTC-28JUN24-60000-C,26583.91,sell,,0.2,,,,
402,265139409,2023-09-21 13:51:51,0,0.0405,0.03978165,69.37,BTC-28JUN24-60000-C,26426.42,buy,,1.0,,,,
403,265161420,2023-09-21 21:35:21,2,0.039,0.03845671,68.44,BTC-28JUN24-60000-C,26574.34,buy,,1.0,,,,
404,265201755,2023-09-22 17:08:46,2,0.037,0.03699197,67.5,BTC-28JUN24-60000-C,26603.23,sell,,0.1,,,,
405,265216134,2023-09-23 04:57:16,2,0.0365,0.03638422,67.44,BTC-28JUN24-60000-C,26548.16,sell,,0.3,,,,
406,265216166,2023-09-23 05:04:05,2,0.0355,0.03559014,66.94,BTC-28JUN24-60000-C,26553.68,buy,,0.3,,,,
407,265216170,2023-09-23 05:05:22,3,0.0355,0.03554498,66.94,BTC-28JUN24-60000-C,26554.02,buy,,0.3,,,,
408,265216192,2023-09-23 05:14:47,3,0.0355,0.03535203,66.94,BTC-28JUN24-60000-C,26555.56,buy,,0.1,,,,
409,265216195,2023-09-23 05:15:31,3,0.0355,0.03532703,66.94,BTC-28JUN24-60000-C,26552.35,buy,,0.1,,,,
410,265216200,2023-09-23 05:16:12,3,0.0355,0.03532249,66.94,BTC-28JUN24-60000-C,26552.75,buy,,0.1,,,,
411,265293763,2023-09-25 07:48:32,2,0.034,0.03499358,67.29,BTC-28JUN24-60000-C,26164.16,sell,,2.9,,,,
412,265297995,2023-09-25 08:58:27,2,0.033,0.03265095,66.89,BTC-28JUN24-60000-C,26122.64,buy,,5.0,,,,
413,265305316,2023-09-25 11:59:41,2,0.032,0.03275559,66.47,BTC-28JUN24-60000-C,26062.61,buy,,1.0,,,,
414,265305318,2023-09-25 11:59:56,3,0.032,0.03273444,66.47,BTC-28JUN24-60000-C,26062.65,buy,,1.0,,,,
415,265305334,2023-09-25 12:00:42,0,0.0325,0.03268949,66.72,BTC-28JUN24-60000-C,26065.97,buy,,3.0,,,,
416,265368267,2023-09-26 15:19:14,0,0.0355,0.03454856,68.1,BTC-28JUN24-60000-C,26182.58,buy,,20.0,,,,
417,265368268,2023-09-26 15:19:18,1,0.0355,0.03462276,68.1,BTC-28JUN24-60000-C,26181.59,buy,,0.1,,,,
418,265368286,2023-09-26 15:19:26,1,0.0355,0.03483313,68.1,BTC-28JUN24-60000-C,26183.53,sell,,0.1,,,,
419,265368336,2023-09-26 15:19:41,1,0.0355,0.03523748,68.09,BTC-28JUN24-60000-C,26185.09,sell,,2.2,,,,
420,265368337,2023-09-26 15:19:41,1,0.0355,0.03523748,68.09,BTC-28JUN24-60000-C,26185.09,sell,,0.4,,,,
421,265368338,2023-09-26 15:19:41,1,0.0355,0.03523748,68.09,BTC-28JUN24-60000-C,26185.09,sell,,0.1,,,,
422,265368474,2023-09-26 15:21:55,1,0.0355,0.03536487,68.09,BTC-28JUN24-60000-C,26181.86,buy,,18.0,,,,
423,265368590,2023-09-26 15:23:14,2,0.035,0.03532002,67.86,BTC-28JUN24-60000-C,26171.0,sell,,18.0,,,,
424,265393133,2023-09-27 02:51:53,3,0.035,0.03389125,67.82,BTC-28JUN24-60000-C,26226.96,buy,,0.1,,,,
425,265393177,2023-09-27 02:52:38,3,0.035,0.03388842,67.83,BTC-28JUN24-60000-C,26222.87,buy,,2.5,,,,
426,265393178,2023-09-27 02:52:38,3,0.035,0.03388842,67.83,BTC-28JUN24-60000-C,26222.87,buy,,2.5,,,,
427,265425615,2023-09-27 12:01:43,0,0.0355,0.03522616,66.91,BTC-28JUN24-60000-C,26786.03,buy,,0.1,,,,
428,265426811,2023-09-27 12:06:07,1,0.0355,0.03525627,66.86,BTC-28JUN24-60000-C,26796.17,buy,,0.1,,,,
429,265448645,2023-09-27 14:35:52,2,0.0345,0.03393248,67.5,BTC-28JUN24-60000-C,26243.44,buy,,0.6,,,,
430,265453206,2023-09-27 15:03:49,3,0.0345,0.03392294,67.57,BTC-28JUN24-60000-C,26215.67,buy,,0.2,,,,
431,265453419,2023-09-27 15:04:21,3,0.0345,0.03396312,67.55,BTC-28JUN24-60000-C,26222.12,buy,,0.5,,,,
432,265457873,2023-09-27 16:23:22,3,0.0345,0.03395191,67.42,BTC-28JUN24-60000-C,26285.12,buy,,0.2,,,,
433,265457876,2023-09-27 16:23:27,3,0.0345,0.03396315,67.42,BTC-28JUN24-60000-C,26285.12,buy,,0.1,,,,
434,265457893,2023-09-27 16:23:46,0,0.035,0.03409317,67.68,BTC-28JUN24-60000-C,26280.0,buy,,1.3,,,,
435,265457953,2023-09-27 16:24:49,0,0.0355,0.03419489,67.94,BTC-28JUN24-60000-C,26273.79,buy,,1.2,,,,
436,265457954,2023-09-27 16:24:49,1,0.0355,0.03419489,67.94,BTC-28JUN24-60000-C,26273.79,sell,,2.4,,,,
437,265457957,2023-09-27 16:24:55,0,0.036,0.03431901,68.19,BTC-28JUN24-60000-C,26274.14,buy,,4.2,,,,
438,265458403,2023-09-27 16:41:26,2,0.0348,0.03576787,67.63,BTC-28JUN24-60000-C,26250.89,sell,,25.0,,97787,,
439,265458404,2023-09-27 16:41:26,3,0.0348,0.03576787,67.63,BTC-28JUN24-60000-C,26250.89,sell,,25.0,,97788,,
440,265486505,2023-09-28 06:45:08,0,0.035,0.03442363,67.52,BTC-28JUN24-60000-C,26408.88,buy,,0.6,,,,
441,265486575,2023-09-28 06:46:10,1,0.035,0.03446465,67.5,BTC-28JUN24-60000-C,26415.59,buy,,0.6,,,,
442,265486722,2023-09-28 06:46:53,1,0.035,0.03448132,67.5,BTC-28JUN24-60000-C,26416.97,buy,,0.6,,,,
443,265486723,2023-09-28 06:46:53,1,0.035,0.03448132,67.5,BTC-28JUN24-60000-C,26416.97,buy,,0.1,,,,
444,265491961,2023-09-28 08:36:42,2,0.034,0.03485848,67.03,BTC-28JUN24-60000-C,26404.99,buy,,18.0,,,,
445,265511165,2023-09-28 14:42:31,0,0.035,0.03502098,66.79,BTC-28JUN24-60000-C,26771.89,buy,,0.6,,,,
446,265511274,2023-09-28 14:42:41,1,0.035,0.03508295,66.77,BTC-28JUN24-60000-C,26782.98,buy,,0.3,,,,
447,265516677,2023-09-28 15:01:13,0,0.0355,0.03491297,66.95,BTC-28JUN24-60000-C,26814.15,buy,,1.3,,,,
448,265516678,2023-09-28 15:01:13,1,0.0355,0.03491297,66.95,BTC-28JUN24-60000-C,26814.15,buy,,0.1,,,,
449,265519854,2023-09-28 15:36:37,2,0.0353,0.03525847,66.72,BTC-28JUN24-60000-C,26872.77,buy,,200.0,BTC-CBUT-28JUN24-50000_60000_70000,98075,,
450,265520067,2023-09-28 15:39:28,2,0.035,0.03528666,66.54,BTC-28JUN24-60000-C,26884.46,sell,,3.0,,,,
451,265525035,2023-09-28 15:59:47,0,0.0355,0.03538235,66.52,BTC-28JUN24-60000-C,26995.82,buy,,0.6,,,,
452,265525114,2023-09-28 15:59:47,1,0.0355,0.03538939,66.51,BTC-28JUN24-60000-C,26998.92,buy,,0.2,,,,
453,265530215,2023-09-28 16:11:11,0,0.036,0.0354897,66.6,BTC-28JUN24-60000-C,27082.95,buy,,19.2,,,,
454,265530346,2023-09-28 16:12:14,2,0.0355,0.03566505,66.31,BTC-28JUN24-60000-C,27103.28,sell,,18.0,,,,
455,265530600,2023-09-28 16:13:17,0,0.036,0.03556112,66.58,BTC-28JUN24-60000-C,27096.56,buy,,1.2,,,,
456,265534980,2023-09-28 16:25:41,1,0.036,0.03584885,66.3,BTC-28JUN24-60000-C,27225.6,buy,,0.6,,,,
457,265534982,2023-09-28 16:25:41,1,0.036,0.03584885,66.3,BTC-28JUN24-60000-C,27225.6,buy,,0.6,,,,
458,265535613,2023-09-28 16:26:39,1,0.036,0.03614958,66.18,BTC-28JUN24-60000-C,27285.89,buy,,0.3,,,,
459,265536600,2023-09-28 16:29:30,1,0.036,0.03596307,66.25,BTC-28JUN24-60000-C,27248.86,buy,,0.3,,,,
460,265543000,2023-09-28 17:12:45,2,0.0355,0.03522731,66.15,BTC-28JUN24-60000-C,27182.87,buy,,0.3,,,,
461,265543001,2023-09-28 17:12:45,3,0.0355,0.03522731,66.15,BTC-28JUN24-60000-C,27182.87,buy,,0.1,,,,
462,265543007,2023-09-28 17:12:57,0,0.036,0.03523488,66.39,BTC-28JUN24-60000-C,27186.25,buy,,0.8,,,,
463,265543008,2023-09-28 17:12:57,1,0.036,0.03523488,66.39,BTC-28JUN24-60000-C,27186.25,buy,,0.1,,,,
464,265543009,2023-09-28 17:12:57,1,0.036,0.03523488,66.39,BTC-28JUN24-60000-C,27186.25,buy,,1.8,,,,
465,265545605,2023-09-28 17:47:02,1,0.036,0.03551316,66.41,BTC-28JUN24-60000-C,27155.87,buy,,1.8,,,,
466,265545999,2023-09-28 17:55:40,1,0.036,0.03555159,66.4,BTC-28JUN24-60000-C,27156.05,buy,,7.9,,,,
467,265547708,2023-09-28 18:11:02,0,0.0365,0.03575233,66.55,BTC-28JUN24-60000-C,27200.33,buy,,7.4,,,,
468,265548406,2023-09-28 18:19:13,2,0.036,0.03578192,66.3,BTC-28JUN24-60000-C,27204.3,buy,,3.1,,,,
469,265580003,2023-09-29 03:28:46,2,0.035,0.03524041,66.52,BTC-28JUN24-60000-C,26892.7,sell,,0.4,,,,
470,265580004,2023-09-29 03:28:46,3,0.035,0.03524041,66.52,BTC-28JUN24-60000-C,26892.7,sell,,0.1,,,,
471,265620522,2023-09-29 11:43:40,2,0.0335,0.03401132,65.71,BTC-28JUN24-60000-C,27005.37,sell,,0.2,,,,
472,265620613,2023-09-29 11:47:04,3,0.0335,0.03392788,65.72,BTC-28JUN24-60000-C,26998.74,sell,,0.6,,,,
473,265620614,2023-09-29 11:47:04,3,0.0335,0.03392788,65.72,BTC-28JUN24-60000-C,26998.74,sell,,0.4,,,,
474,265673438,2023-09-30 11:08:23,2,0.0315,0.03174487,64.81,BTC-28JUN24-60000-C,26975.13,sell,,1.0,,,,
475,265673439,2023-09-30 11:08:23,3,0.0315,0.03174487,64.81,BTC-28JUN24-60000-C,26975.13,sell,,13.0,,,,
476,265675074,2023-09-30 12:51:34,3,0.0315,0.03051424,64.85,BTC-28JUN24-60000-C,26948.38,buy,,1.0,,,,
477,265675468,2023-09-30 13:20:38,3,0.0315,0.03048295,64.9,BTC-28JUN24-60000-C,26927.5,buy,,24.0,,,,
478,265675469,2023-09-30 13:20:38,3,0.0315,0.03048295,64.9,BTC-28JUN24-60000-C,26927.5,sell,,26.0,,,,
479,265691322,2023-10-01 03:04:54,2,0.031,0.03088995,64.43,BTC-28JUN24-60000-C,27029.62,buy,,0.9,,,,
480,265691323,2023-10-01 03:05:01,3,0.031,0.03088802,64.43,BTC-28JUN24-60000-C,27029.62,buy,,0.9,,,,
481,265691324,2023-10-01 03:05:05,3,0.031,0.03088696,64.43,BTC-28JUN24-60000-C,27029.62,buy,,0.9,,,,
482,265701451,2023-10-01 10:01:29,0,0.0315,0.03033581,64.3,BTC-28JUN24-60000-C,27222.64,buy,,0.8,,,,
483,265716091,2023-10-01 20:04:12,2,0.0305,0.03065575,64.22,BTC-28JUN24-60000-C,27044.37,buy,,0.5,,,,
484,265727811,2023-10-01 22:17:59,0,0.0315,0.03299992,62.69,BTC-28JUN24-60000-C,28037.33,buy,,4.7,,,,
485,265757766,2023-10-02 00:16:07,2,0.031,0.03092727,62.59,BTC-28JUN24-60000-C,27944.84,sell,,15.0,,,,
486,265757767,2023-10-02 00:16:07,3,0.031,0.03092727,62.59,BTC-28JUN24-60000-C,27944.84,buy,,1.0,,,,
487,265763827,2023-10-02 01:45:38,3,0.031,0.03053755,62.7,BTC-28JUN24-60000-C,27906.97,buy,,0.5,,,,
488,265764963,2023-10-02 02:08:17,3,0.031,0.03076492,62.64,BTC-28JUN24-60000-C,27936.53,buy,,1.8,,,,
489,265765149,2023-10-02 02:14:09,0,0.0315,0.03091814,62.88,BTC-28JUN24-60000-C,27948.71,buy,,5.1,,,,
490,265767355,2023-10-02 03:08:04,1,0.0315,0.03124543,62.81,BTC-28JUN24-60000-C,27987.89,buy,,4.9,,,,
491,265779885,2023-10-02 06:44:38,0,0.032,0.0316567,62.89,BTC-28JUN24-60000-C,28084.22,buy,,6.3,,,,
492,265788133,2023-10-02 07:45:51,0,0.0345,0.03392827,63.57,BTC-28JUN24-60000-C,28357.63,sell,,0.5,,,,
493,265792845,2023-10-02 08:05:04,2,0.0335,0.03404469,63.2,BTC-28JUN24-60000-C,28283.9,sell,,0.8,,,,
494,265800290,2023-10-02 08:45:26,0,0.036,0.03462879,64.31,BTC-28JUN24-60000-C,28353.57,buy,,0.5,,,,
495,265800291,2023-10-02 08:45:26,1,0.036,0.03462879,64.31,BTC-28JUN24-60000-C,28353.57,buy,,2.3,,,,
496,265800692,2023-10-02 08:47:26,0,0.0365,0.03512927,64.48,BTC-28JUN24-60000-C,28393.2,buy,,7.0,,,,
497,265800986,2023-10-02 08:49:39,1,0.0365,0.03519479,64.56,BTC-28JUN24-60000-C,28354.58,buy,,1.6,,,,
498,265810685,2023-10-02 11:21:43,2,0.0355,0.03574173,64.12,BTC-28JUN24-60000-C,28333.88,buy,,0.8,,,,
499,265810687,2023-10-02 11:21:47,3,0.0355,0.035759,64.12,BTC-28JUN24-60000-C,28336.76,buy,,0.7,,,,
500,265810688,2023-10-02 11:21:47,3,0.0355,0.035759,64.12,BTC-28JUN24-60000-C,28336.76,buy,,0.1,,,,
501,265820807,2023-10-02 13:30:49,0,0.036,0.03542481,64.4,BTC-28JUN24-60000-C,28320.89,buy,,0.8,,,,
502,265820813,2023-10-02 13:30:52,0,0.0365,0.03546481,64.64,BTC-28JUN24-60000-C,28319.26,sell,,1.8,,,,
503,265821389,2023-10-02 13:35:24,0,0.037,0.0364653,64.71,BTC-28JUN24-60000-C,28406.95,buy,,3.2,,,,
504,265829339,2023-10-02 14:07:54,2,0.0355,0.03545069,64.0,BTC-28JUN24-60000-C,28392.57,buy,,0.9,,,,
505,265829561,2023-10-02 14:09:05,3,0.0355,0.03534398,64.04,BTC-28JUN24-60000-C,28373.55,buy,,0.9,,,,
506,265833493,2023-10-02 14:29:23,0,0.036,0.03535151,64.38,BTC-28JUN24-60000-C,28326.49,buy,,4.0,,,,
507,265833843,2023-10-02 14:32:25,1,0.036,0.03547528,64.35,BTC-28JUN24-60000-C,28348.85,buy,,0.5,,,,
508,265835053,2023-10-02 14:41:04,1,0.036,0.03574372,64.35,BTC-28JUN24-60000-C,28339.24,buy,,2.7,,,,
509,265836471,2023-10-02 14:57:15,1,0.036,0.03579895,64.38,BTC-28JUN24-60000-C,28327.4,buy,,0.9,,,,
510,265837394,2023-10-02 15:05:47,1,0.036,0.03558497,64.43,BTC-28JUN24-60000-C,28307.17,buy,,3.1,,,,
511,265837395,2023-10-02 15:05:47,1,0.036,0.03558497,64.43,BTC-28JUN24-60000-C,28307.17,buy,,0.1,,,,
512,265855500,2023-10-02 17:00:22,2,0.0355,0.03508295,64.8,BTC-28JUN24-60000-C,28009.43,buy,,0.1,,,,
513,265857598,2023-10-02 17:25:44,3,0.0355,0.03526789,64.74,BTC-28JUN24-60000-C,28041.17,buy,,0.5,,,,
514,265860011,2023-10-02 18:18:44,3,0.0355,0.03517917,64.67,BTC-28JUN24-60000-C,28062.29,buy,,0.3,,,,
515,266000545,2023-10-04 10:04:51,2,0.033,0.03202907,64.63,BTC-28JUN24-60000-C,27601.63,buy,,1.0,,,,
516,266000677,2023-10-04 10:08:01,3,0.033,0.03219243,64.6,BTC-28JUN24-60000-C,27618.24,sell,,1.0,,,,
517,266001073,2023-10-04 10:11:17,3,0.033,0.03222177,64.64,BTC-28JUN24-60000-C,27593.42,sell,,1.0,,,,
518,266001296,2023-10-04 10:14:43,0,0.0335,0.03244844,64.84,BTC-28JUN24-60000-C,27620.0,buy,,0.9,,,,
519,266019820,2023-10-04 15:59:30,2,0.033,0.03258667,65.06,BTC-28JUN24-60000-C,27400.54,buy,,0.1,,,,
520,266022614,2023-10-04 16:47:01,3,0.033,0.03258613,64.73,BTC-28JUN24-60000-C,27542.0,buy,,0.3,,,,
521,266025008,2023-10-04 17:45:49,3,0.033,0.03312279,64.77,BTC-28JUN24-60000-C,27527.63,buy,,2.2,,,,
522,266025098,2023-10-04 17:48:05,3,0.033,0.03321073,64.7,BTC-28JUN24-60000-C,27560.52,buy,,2.0,,,,
523,266026575,2023-10-04 18:34:07,0,0.0335,0.03315191,64.95,BTC-28JUN24-60000-C,27556.49,buy,,0.7,,,,
524,266027068,2023-10-04 18:51:03,0,0.034,0.03323283,65.26,BTC-28JUN24-60000-C,27537.81,buy,,5.0,,,,
525,266027069,2023-10-04 18:51:03,1,0.034,0.03323283,65.26,BTC-28JUN24-60000-C,27537.81,buy,,0.4,,,,
526,266027141,2023-10-04 18:52:16,1,0.034,0.03337015,65.24,BTC-28JUN24-60000-C,27547.25,sell,,1.8,,,,
527,266027203,2023-10-04 18:53:04,0,0.0345,0.03396256,65.47,BTC-28JUN24-60000-C,27555.39,sell,,2.6,,,,
528,266030245,2023-10-04 19:07:39,0,0.035,0.03503592,65.36,BTC-28JUN24-60000-C,27729.72,buy,,0.8,,,,
529,266037934,2023-10-04 20:25:59,0,0.0355,0.03511523,65.72,BTC-28JUN24-60000-C,27680.5,buy,,5.1,,,,
530,266037970,2023-10-04 20:26:19,0,0.036,0.03528407,65.95,BTC-28JUN24-60000-C,27688.04,buy,,2.8,,,,
531,266037972,2023-10-04 20:26:20,0,0.0365,0.03529784,66.2,BTC-28JUN24-60000-C,27688.14,buy,,2.1,,,,
532,266038014,2023-10-04 20:26:37,2,0.036,0.03548802,65.94,BTC-28JUN24-60000-C,27692.63,buy,,5.1,,,,
533,266038015,2023-10-04 20:26:37,0,0.037,0.03548802,66.43,BTC-28JUN24-60000-C,27692.63,buy,,13.0,,,,
534,266038018,2023-10-04 20:26:39,1,0.037,0.03548527,66.43,BTC-28JUN24-60000-C,27692.05,buy,,0.1,,,,
535,266038019,2023-10-04 20:26:39,1,0.037,0.03548527,66.43,BTC-28JUN24-60000-C,27692.05,buy,,5.0,,,,
536,266038031,2023-10-04 20:26:51,2,0.0365,0.03557382,66.19,BTC-28JUN24-60000-C,27692.87,buy,,5.1,,,,
537,266038088,2023-10-04 20:27:09,3,0.0365,0.03587021,66.17,BTC-28JUN24-60000-C,27701.74,buy,,5.1,,,,
538,266038096,2023-10-04 20:27:17,0,0.037,0.03609743,66.41,BTC-28JUN24-60000-C,27700.06,sell,,1.5,,,,
539,266038097,2023-10-04 20:27:17,1,0.037,0.03609743,66.41,BTC-28JUN24-60000-C,27700.06,sell,,0.2,,,,
540,266038099,2023-10-04 20:27:19,1,0.037,0.03613495,66.42,BTC-28JUN24-60000-C,27699.69,buy,,3.4,,,,
541,266038100,2023-10-04 20:27:20,0,0.0375,0.03616283,66.66,BTC-28JUN24-60000-C,27699.91,sell,,1.6,,,,
542,266038137,2023-10-04 20:27:32,2,0.037,0.03636042,66.42,BTC-28JUN24-60000-C,27694.57,sell,,0.2,,,,
543,266038138,2023-10-04 20:27:32,3,0.037,0.03636042,66.42,BTC-28JUN24-60000-C,27694.57,sell,,2.6,,,,
544,266038139,2023-10-04 20:27:32,3,0.037,0.03636042,66.42,BTC-28JUN24-60000-C,27694.57,buy,,2.3,,,,
545,266038168,2023-10-04 20:28:25,2,0.0365,0.03658774,66.17,BTC-28JUN24-60000-C,27697.76,sell,,18.0,,,,
546,266039344,2023-10-04 20:59:29,3,0.0365,0.03649013,66.23,BTC-28JUN24-60000-C,27664.56,sell,,2.7,,,,
547,266039345,2023-10-04 20:59:29,3,0.0365,0.03649013,66.23,BTC-28JUN24-60000-C,27664.56,sell,,0.2,,,,
548,266041746,2023-10-04 22:19:31,2,0.036,0.03623482,65.91,BTC-28JUN24-60000-C,27698.87,sell,,0.8,,,,
549,266042362,2023-10-04 22:37:09,0,0.0365,0.03629419,66.11,BTC-28JUN24-60000-C,27728.48,buy,,0.1,,,,
550,266042363,2023-10-04 22:37:10,1,0.0365,0.03629314,66.11,BTC-28JUN24-60000-C,27728.53,buy,,0.1,,,,
551,266042364,2023-10-04 22:37:11,1,0.0365,0.03629315,66.11,BTC-28JUN24-60000-C,27728.53,buy,,0.1,,,,
552,266042365,2023-10-04 22:37:13,1,0.0365,0.03629298,66.11,BTC-28JUN24-60000-C,27728.56,buy,,0.1,,,,
553,266042829,2023-10-04 22:50:05,1,0.0365,0.03628672,66.04,BTC-28JUN24-60000-C,27771.64,buy,,0.1,,,,
554,266042831,2023-10-04 22:50:08,1,0.0365,0.03628662,66.04,BTC-28JUN24-60000-C,27771.57,buy,,0.1,,,,
555,266042832,2023-10-04 22:50:09,1,0.0365,0.03628677,66.04,BTC-28JUN24-60000-C,27771.54,buy,,0.1,,,,
556,266042833,2023-10-04 22:50:12,1,0.0365,0.03628751,66.04,BTC-28JUN24-60000-C,27771.5,buy,,0.1,,,,
557,266042886,2023-10-04 22:52:42,0,0.037,0.03633403,66.29,BTC-28JUN24-60000-C,27770.94,buy,,0.1,,,,
558,266042918,2023-10-04 22:55:14,1,0.037,0.03642978,66.28,BTC-28JUN24-60000-C,27772.52,buy,,0.8,,,,
559,266043218,2023-10-04 23:04:47,1,0.037,0.03654891,66.22,BTC-28JUN24-60000-C,27801.0,buy,,0.1,,,,
560,266043751,2023-10-04 23:19:32,1,0.037,0.03666084,66.18,BTC-28JUN24-60000-C,27818.47,buy,,0.1,,,,
561,266043752,2023-10-04 23:19:34,1,0.037,0.03666174,66.18,BTC-28JUN24-60000-C,27817.29,buy,,0.1,,,,
562,266044539,2023-10-04 23:58:06,1,0.037,0.03648411,66.24,BTC-28JUN24-60000-C,27792.5,buy,,0.1,,,,
563,266044540,2023-10-04 23:58:12,1,0.037,0.03648491,66.24,BTC-28JUN24-60000-C,27792.58,buy,,0.1,,,,
564,266044541,2023-10-04 23:58:13,1,0.037,0.03648514,66.24,BTC-28JUN24-60000-C,27792.57,buy,,0.1,,,,
565,266044542,2023-10-04 23:58:19,1,0.037,0.03648477,66.24,BTC-28JUN24-60000-C,27792.45,buy,,0.1,,,,
566,266058574,2023-10-05 08:13:02,2,0.0335,0.03309647,64.93,BTC-28JUN24-60000-C,27607.91,sell,,0.1,,,,
567,266058579,2023-10-05 08:13:07,3,0.0335,0.03316646,64.93,BTC-28JUN24-60000-C,27606.72,sell,,0.1,,,,
568,266058586,2023-10-05 08:13:21,3,0.0335,0.03320399,64.93,BTC-28JUN24-60000-C,27606.62,sell,,0.1,,,,
569,266058590,2023-10-05 08:13:35,3,0.0335,0.03322366,64.93,BTC-28JUN24-60000-C,27607.2,sell,,0.1,,,,
570,266058593,2023-10-05 08:13:44,3,0.0335,0.03323064,64.93,BTC-28JUN24-60000-C,27605.59,sell,,0.1,,,,
571,266058596,2023-10-05 08:13:49,3,0.0335,0.03323084,64.93,BTC-28JUN24-60000-C,27604.7,sell,,0.1,,,,
572,266062753,2023-10-05 11:01:38,0,0.0345,0.03411829,65.2,BTC-28JUN24-60000-C,27732.94,buy,,0.3,,,,
573,266062799,2023-10-05 11:04:44,1,0.0345,0.03411394,65.21,BTC-28JUN24-60000-C,27726.7,sell,,0.3,,,,
574,266062935,2023-10-05 11:07:55,1,0.0345,0.03410219,65.21,BTC-28JUN24-60000-C,27722.7,sell,,0.3,,,,
575,266081400,2023-10-05 14:21:11,0,0.035,0.0349791,64.7,BTC-28JUN24-60000-C,28114.56,buy,,5.0,,,,
576,266100696,2023-10-05 15:44:19,2,0.0345,0.0345465,65.54,BTC-28JUN24-60000-C,27599.44,buy,,0.6,,,,
577,266121926,2023-10-05 20:40:14,2,0.034,0.03424945,65.61,BTC-28JUN24-60000-C,27450.25,buy,,1.0,,,,
578,266133358,2023-10-06 04:15:34,0,0.0345,0.0342325,65.73,BTC-28JUN24-60000-C,27550.33,buy,,0.1,,,,
579,266133359,2023-10-06 04:15:37,1,0.0345,0.03423146,65.73,BTC-28JUN24-60000-C,27550.33,buy,,0.1,,,,
580,266133896,2023-10-06 04:34:04,1,0.0345,0.03434001,65.78,BTC-28JUN24-60000-C,27527.28,buy,,0.1,,,,
581,266133897,2023-10-06 04:34:05,1,0.0345,0.03434026,65.78,BTC-28JUN24-60000-C,27527.28,buy,,0.1,,,,
582,266133898,2023-10-06 04:34:10,1,0.0345,0.03433789,65.78,BTC-28JUN24-60000-C,27527.18,buy,,0.1,,,,
583,266133902,2023-10-06 04:34:30,2,0.034,0.03431675,65.54,BTC-28JUN24-60000-C,27523.92,buy,,1.6,,,,
584,266167859,2023-10-06 13:24:16,2,0.032,0.03191401,64.86,BTC-28JUN24-60000-C,27381.67,buy,,1.8,,,,
585,266174806,2023-10-06 14:27:06,0,0.0329,0.03281843,64.84,BTC-28JUN24-60000-C,27629.17,buy,,25.0,BTC-CBUT-28JUN24-60000_90000_120000,99760,,
586,266204920,2023-10-06 20:14:36,0,0.0335,0.033337,64.42,BTC-28JUN24-60000-C,27980.27,buy,,0.1,,,,
587,266204924,2023-10-06 20:14:38,1,0.0335,0.03333649,64.42,BTC-28JUN24-60000-C,27980.0,buy,,0.1,,,,
588,266204942,2023-10-06 20:14:39,1,0.0335,0.03333632,64.42,BTC-28JUN24-60000-C,27980.33,buy,,0.1,,,,
589,266204944,2023-10-06 20:14:40,1,0.0335,0.0333385,64.4,BTC-28JUN24-60000-C,27988.48,buy,,0.1,,,,
590,266204956,2023-10-06 20:14:42,1,0.0335,0.03337112,64.41,BTC-28JUN24-60000-C,27986.35,buy,,0.1,,,,
591,266204958,2023-10-06 20:14:43,1,0.0335,0.03337507,64.41,BTC-28JUN24-60000-C,27986.35,buy,,0.1,,,,
592,266204968,2023-10-06 20:14:46,1,0.0335,0.03336262,64.41,BTC-28JUN24-60000-C,27985.72,buy,,0.1,,,,
593,266204969,2023-10-06 20:14:47,1,0.0335,0.03336051,64.41,BTC-28JUN24-60000-C,27985.88,buy,,0.1,,,,
594,266205564,2023-10-06 20:28:41,1,0.0335,0.03328454,64.37,BTC-28JUN24-60000-C,28000.59,buy,,1.0,,,,
595,266206018,2023-10-06 20:44:34,1,0.0335,0.03328085,64.33,BTC-28JUN24-60000-C,28015.36,buy,,0.1,,,,
596,266206022,2023-10-06 20:44:37,1,0.0335,0.03328469,64.33,BTC-28JUN24-60000-C,28016.17,buy,,0.1,,,,
597,266206061,2023-10-06 20:45:41,1,0.0335,0.03324974,64.35,BTC-28JUN24-60000-C,28006.95,buy,,0.1,,,,
598,266229937,2023-10-07 10:04:31,2,0.033,0.0327471,64.26,BTC-28JUN24-60000-C,27967.64,buy,,2.0,,,,
599,266229940,2023-10-07 10:04:33,0,0.0335,0.03274811,64.51,BTC-28JUN24-60000-C,27967.64,buy,,2.2,,,,
600,266233703,2023-10-07 13:10:17,2,0.032,0.03318388,63.75,BTC-28JUN24-60000-C,27981.7,buy,,0.1,,,,
601,266282724,2023-10-09 01:42:37,0,0.035,0.03475527,65.7,BTC-28JUN24-60000-C,27875.47,buy,,0.3,,,,
602,266288359,2023-10-09 05:57:31,2,0.0345,0.03521798,65.45,BTC-28JUN24-60000-C,27877.17,sell,,2.1,,,,
603,266291140,2023-10-09 06:45:02,2,0.033,0.03304042,64.57,BTC-28JUN24-60000-C,27925.38,buy,,1.8,,,,
604,266291752,2023-10-09 06:59:46,3,0.033,0.03279966,64.6,BTC-28JUN24-60000-C,27917.78,buy,,1.0,,,,
605,266291753,2023-10-09 06:59:46,3,0.033,0.03279966,64.6,BTC-28JUN24-60000-C,27917.78,buy,,0.8,,,,
606,266299565,2023-10-09 09:21:50,2,0.0325,0.03308332,64.64,BTC-28JUN24-60000-C,27784.32,buy,,10.0,,,,
607,266299572,2023-10-09 09:23:21,3,0.0325,0.03310341,64.64,BTC-28JUN24-60000-C,27785.86,sell,,1.7,,,,
608,266299573,2023-10-09 09:23:21,3,0.0325,0.03310341,64.64,BTC-28JUN24-60000-C,27785.86,sell,,0.2,,,,
609,266307216,2023-10-09 10:17:46,0,0.0335,0.03279417,65.69,BTC-28JUN24-60000-C,27551.14,sell,,3.5,,,,
610,266307391,2023-10-09 10:18:39,1,0.0335,0.033177,65.65,BTC-28JUN24-60000-C,27572.3,sell,,0.8,,,,
611,266307425,2023-10-09 10:18:44,1,0.0335,0.03320086,65.65,BTC-28JUN24-60000-C,27573.25,sell,,0.1,,,,
612,266307455,2023-10-09 10:18:48,1,0.0335,0.03321488,65.64,BTC-28JUN24-60000-C,27574.89,sell,,0.1,,,,
613,266307900,2023-10-09 10:20:52,1,0.0335,0.03308092,65.73,BTC-28JUN24-60000-C,27529.1,sell,,1.0,,,,
614,266307901,2023-10-09 10:20:52,1,0.0335,0.03308092,65.73,BTC-28JUN24-60000-C,27529.1,sell,,1.3,,,,
615,266335230,2023-10-09 14:23:29,2,0.0321,0.03204462,64.99,BTC-28JUN24-60000-C,27565.83,buy,,12.5,BTC-CS-28JUN24-50000_60000,100029,,
616,266335246,2023-10-09 14:24:29,0,0.0322,0.03210058,65.02,BTC-28JUN24-60000-C,27572.98,buy,,12.5,BTC-CS-28JUN24-50000_60000,100030,,
617,266335518,2023-10-09 14:26:33,2,0.0321,0.0319933,65.03,BTC-28JUN24-60000-C,27544.28,buy,,200.0,BTC-CBUT-28JUN24-50000_60000_70000,100031,,
618,266342872,2023-10-09 16:11:03,0,0.0323,0.03114074,65.23,BTC-28JUN24-60000-C,27493.41,buy,,12.5,BTC-CS-28JUN24-50000_60000,100053,,
619,266372662,2023-10-10 02:17:01,2,0.0315,0.03131894,64.69,BTC-28JUN24-60000-C,27591.63,buy,,0.1,,,,
620,266394414,2023-10-10 13:23:05,2,0.031,0.03109397,64.88,BTC-28JUN24-60000-C,27417.57,buy,,1.0,,,,
621,266398891,2023-10-10 14:14:44,0,0.0315,0.03150787,64.88,BTC-28JUN24-60000-C,27551.33,buy,,0.8,,,,
622,266398892,2023-10-10 14:14:44,1,0.0315,0.03150787,64.88,BTC-28JUN24-60000-C,27551.33,buy,,1.0,,,,
623,266415672,2023-10-10 17:21:46,2,0.0305,0.03053401,64.69,BTC-28JUN24-60000-C,27386.94,buy,,0.7,,,,
624,266415842,2023-10-10 17:24:03,3,0.0305,0.03058531,64.67,BTC-28JUN24-60000-C,27392.63,buy,,1.0,,,,
625,266416516,2023-10-10 17:41:15,3,0.0305,0.03060349,64.72,BTC-28JUN24-60000-C,27365.29,buy,,1.0,,,,
626,266418512,2023-10-10 18:43:36,3,0.0305,0.03064078,64.77,BTC-28JUN24-60000-C,27346.33,buy,,0.8,,,,
627,266420653,2023-10-10 19:24:27,3,0.0305,0.03072545,64.63,BTC-28JUN24-60000-C,27409.87,buy,,2.1,,,,
628,266421080,2023-10-10 19:39:45,3,0.0305,0.03061951,64.67,BTC-28JUN24-60000-C,27390.36,buy,,1.2,,,,
629,266422765,2023-10-10 20:06:27,0,0.031,0.03071046,64.93,BTC-28JUN24-60000-C,27396.42,buy,,0.1,,,,
630,266424099,2023-10-10 20:46:02,1,0.031,0.03065744,65.05,BTC-28JUN24-60000-C,27340.81,buy,,1.1,,,,
631,266424674,2023-10-10 21:03:47,0,0.032,0.03187332,65.44,BTC-28JUN24-60000-C,27410.52,buy,,0.7,,,,
632,266429461,2023-10-11 00:56:35,2,0.031,0.03076425,64.84,BTC-28JUN24-60000-C,27458.23,buy,,0.7,,,,
633,266430645,2023-10-11 01:52:37,0,0.0315,0.03186591,65.18,BTC-28JUN24-60000-C,27430.86,buy,,1.8,,,,
634,266451176,2023-10-11 05:29:54,2,0.0305,0.03109531,65.45,BTC-28JUN24-60000-C,27108.09,sell,,14.0,,,,
635,266453058,2023-10-11 06:11:55,0,0.031,0.03092055,65.74,BTC-28JUN24-60000-C,27098.73,sell,,1.8,,,,
636,266476162,2023-10-11 10:18:30,0,0.032,0.03109221,65.98,BTC-28JUN24-60000-C,27247.3,buy,,0.8,,,,
637,266476422,2023-10-11 10:21:41,0,0.0325,0.03317448,66.16,BTC-28JUN24-60000-C,27280.8,sell,,5.0,,,,
638,266476423,2023-10-11 10:21:43,1,0.0325,0.03317532,66.16,BTC-28JUN24-60000-C,27279.78,sell,,5.0,,,,
639,266476424,2023-10-11 10:21:45,1,0.0325,0.03317277,66.16,BTC-28JUN24-60000-C,27279.87,sell,,3.0,,,,
640,266481458,2023-10-11 12:11:09,2,0.0315,0.03139965,65.73,BTC-28JUN24-60000-C,27250.63,buy,,1.7,,,,
641,266491767,2023-10-11 15:00:33,3,0.0315,0.03153073,66.05,BTC-28JUN24-60000-C,27091.07,buy,,1.9,,,,
642,266491768,2023-10-11 15:00:44,3,0.0315,0.03152448,66.05,BTC-28JUN24-60000-C,27091.11,buy,,2.0,,,,
643,266513154,2023-10-11 16:25:10,2,0.031,0.03072787,66.75,BTC-28JUN24-60000-C,26688.93,buy,,0.1,,,,
644,266513155,2023-10-11 16:25:11,3,0.031,0.03073059,66.75,BTC-28JUN24-60000-C,26688.84,buy,,0.1,,,,
645,266513156,2023-10-11 16:25:15,3,0.031,0.0307298,66.75,BTC-28JUN24-60000-C,26688.67,buy,,0.1,,,,
646,266513157,2023-10-11 16:25:16,3,0.031,0.03073019,66.75,BTC-28JUN24-60000-C,26688.97,buy,,0.1,,,,
647,266535415,2023-10-11 20:29:46,2,0.0305,0.03041632,66.47,BTC-28JUN24-60000-C,26701.36,buy,,0.1,,,,
648,266535473,2023-10-11 20:32:26,3,0.0305,0.03043823,66.47,BTC-28JUN24-60000-C,26705.85,buy,,0.1,,,,
649,266535474,2023-10-11 20:32:27,3,0.0305,0.03043812,66.47,BTC-28JUN24-60000-C,26705.76,buy,,0.1,,,,
650,266535856,2023-10-11 20:46:57,3,0.0305,0.030392,66.49,BTC-28JUN24-60000-C,26700.98,buy,,0.9,,,,
651,266536560,2023-10-11 21:19:09,2,0.03,0.03014127,66.17,BTC-28JUN24-60000-C,26727.1,buy,,0.1,,,,
652,266536561,2023-10-11 21:19:11,3,0.03,0.03013989,66.17,BTC-28JUN24-60000-C,26727.15,buy,,0.1,,,,
653,266537544,2023-10-11 21:34:56,0,0.0305,0.03014533,66.47,BTC-28JUN24-60000-C,26706.15,buy,,0.5,,,,
654,266538648,2023-10-11 22:08:01,1,0.0305,0.03081082,66.43,BTC-28JUN24-60000-C,26729.77,sell,,18.0,,,,
655,266538649,2023-10-11 22:08:01,1,0.0305,0.03081082,66.43,BTC-28JUN24-60000-C,26729.77,sell,,1.0,,,,
656,266538650,2023-10-11 22:08:01,1,0.0305,0.03081082,66.43,BTC-28JUN24-60000-C,26729.77,sell,,1.9,,,,
657,266539942,2023-10-11 22:47:17,2,0.0295,0.03006306,65.81,BTC-28JUN24-60000-C,26765.94,sell,,2.0,,,,
658,266539943,2023-10-11 22:47:17,3,0.0295,0.03006306,65.81,BTC-28JUN24-60000-C,26765.94,sell,,3.0,,,,
659,266545674,2023-10-12 02:25:15,0,0.031,0.03058127,66.59,BTC-28JUN24-60000-C,26805.3,buy,,0.1,,,,
660,266545675,2023-10-12 02:25:16,1,0.031,0.03058169,66.59,BTC-28JUN24-60000-C,26805.35,buy,,0.1,,,,
661,266545676,2023-10-12 02:25:17,1,0.031,0.03058199,66.59,BTC-28JUN24-60000-C,26805.52,buy,,0.1,,,,
662,266547509,2023-10-12 02:54:33,2,0.0305,0.0306861,66.05,BTC-28JUN24-60000-C,26927.54,buy,,1.2,,,,
663,266550313,2023-10-12 05:02:20,0,0.031,0.03071346,66.61,BTC-28JUN24-60000-C,26808.61,buy,,0.5,,,,
664,266550317,2023-10-12 05:02:35,1,0.031,0.03072138,66.6,BTC-28JUN24-60000-C,26810.32,buy,,0.9,,,,
665,266550318,2023-10-12 05:02:35,1,0.031,0.03072138,66.6,BTC-28JUN24-60000-C,26810.32,buy,,0.2,,,,
666,266550538,2023-10-12 05:09:05,1,0.031,0.03092718,66.65,BTC-28JUN24-60000-C,26791.92,buy,,0.5,,,,
667,266551375,2023-10-12 05:55:07,1,0.031,0.0313254,66.5,BTC-28JUN24-60000-C,26855.17,buy,,1.6,,,,
668,266553860,2023-10-12 07:11:34,2,0.0305,0.03111206,66.19,BTC-28JUN24-60000-C,26864.7,sell,,0.2,,,,
669,266553861,2023-10-12 07:11:34,3,0.0305,0.03111206,66.19,BTC-28JUN24-60000-C,26864.7,sell,,1.9,,,,
670,266555919,2023-10-12 08:08:44,2,0.03,0.03012856,66.07,BTC-28JUN24-60000-C,26791.58,buy,,0.1,,,,
671,266556104,2023-10-12 08:12:31,3,0.03,0.03011647,66.1,BTC-28JUN24-60000-C,26778.5,sell,,0.9,,,,
672,266570114,2023-10-12 13:29:20,2,0.0295,0.02950287,65.92,BTC-28JUN24-60000-C,26751.46,buy,,2.2,,,,
673,266576710,2023-10-12 15:30:28,2,0.029,0.02891327,65.87,BTC-28JUN24-60000-C,26648.92,sell,,0.3,,,,
674,266582615,2023-10-12 16:42:34,3,0.029,0.02875856,65.66,BTC-28JUN24-60000-C,26743.37,buy,,0.1,,,,
675,266582625,2023-10-12 16:43:43,3,0.029,0.02873312,65.67,BTC-28JUN24-60000-C,26741.72,buy,,0.2,,,,
676,266585393,2023-10-12 17:19:08,2,0.028,0.02852872,65.41,BTC-28JUN24-60000-C,26601.97,sell,,14.0,,,,
677,266587856,2023-10-12 17:49:55,0,0.0285,0.02805355,65.69,BTC-28JUN24-60000-C,26609.56,buy,,3.3,,,,
678,266594007,2023-10-12 20:51:30,0,0.029,0.02878912,65.69,BTC-28JUN24-60000-C,26737.64,buy,,1.8,,,,
679,266626096,2023-10-13 10:51:31,2,0.0285,0.02929984,65.44,BTC-28JUN24-60000-C,26766.68,sell,,8.0,,,,
680,266627225,2023-10-13 11:29:24,0,0.029,0.02874417,65.61,BTC-28JUN24-60000-C,26817.82,sell,,0.7,,,,
681,266639660,2023-10-13 14:58:03,1,0.029,0.02912906,65.8,BTC-28JUN24-60000-C,26737.0,sell,,2.3,,,,
682,266653878,2023-10-13 19:21:25,2,0.0285,0.02784731,65.48,BTC-28JUN24-60000-C,26765.6,buy,,8.2,,,,
683,266662121,2023-10-13 21:00:16,0,0.03,0.02982149,65.84,BTC-28JUN24-60000-C,26991.32,buy,,0.3,,,,
684,266673375,2023-10-13 22:06:49,1,0.03,0.02985304,65.72,BTC-28JUN24-60000-C,27051.56,buy,,0.3,,,,
685,266682653,2023-10-14 02:20:28,2,0.028,0.02899814,64.94,BTC-28JUN24-60000-C,26899.19,sell,,1.1,,,,
686,266690368,2023-10-14 09:40:39,0,0.029,0.02924569,65.6,BTC-28JUN24-60000-C,26873.89,sell,,0.1,,,,
687,266692247,2023-10-14 12:59:12,1,0.029,0.02851022,65.57,BTC-28JUN24-60000-C,26891.91,buy,,0.4,,,,
688,266732008,2023-10-16 00:25:30,2,0.0285,0.0289302,64.98,BTC-28JUN24-60000-C,27143.97,buy,,0.1,,,,
689,266735430,2023-10-16 02:33:56,0,0.029,0.02851472,65.03,BTC-28JUN24-60000-C,27250.73,buy,,5.0,,,,
690,266736500,2023-10-16 03:37:19,1,0.029,0.029077,65.12,BTC-28JUN24-60000-C,27226.92,buy,,4.0,,,,
691,266736501,2023-10-16 03:37:28,1,0.029,0.02907351,65.11,BTC-28JUN24-60000-C,27227.26,buy,,5.0,,,,
692,266750010,2023-10-16 05:23:09,0,0.0295,0.02966705,64.28,BTC-28JUN24-60000-C,27731.04,buy,,4.0,,,,
693,266751397,2023-10-16 05:27:07,0,0.03,0.02964334,64.52,BTC-28JUN24-60000-C,27733.43,buy,,4.0,,,,
694,266752198,2023-10-16 05:28:51,1,0.03,0.02976372,64.44,BTC-28JUN24-60000-C,27767.95,buy,,5.0,,,,
695,266752257,2023-10-16 05:28:55,0,0.0305,0.02973682,64.72,BTC-28JUN24-60000-C,27760.48,buy,,3.0,,,,
696,266753065,2023-10-16 05:30:59,0,0.031,0.03009384,64.85,BTC-28JUN24-60000-C,27831.61,buy,,5.0,,,,
697,266756034,2023-10-16 05:36:15,1,0.031,0.03010999,64.68,BTC-28JUN24-60000-C,27911.91,buy,,5.0,,,,
698,266763679,2023-10-16 06:06:57,0,0.032,0.0315067,65.14,BTC-28JUN24-60000-C,27932.85,buy,,0.5,,,,
699,266763680,2023-10-16 06:06:57,1,0.032,0.0315067,65.14,BTC-28JUN24-60000-C,27932.85,buy,,5.0,,,,
700,266764054,2023-10-16 06:08:32,1,0.032,0.03155527,65.24,BTC-28JUN24-60000-C,27884.19,sell,,0.1,,,,
701,266778672,2023-10-16 08:45:52,1,0.032,0.03193951,65.39,BTC-28JUN24-60000-C,27844.02,sell,,2.5,,,,
702,266782573,2023-10-16 09:29:12,2,0.0316,0.03166163,65.5,BTC-28JUN24-60000-C,27701.17,buy,,13.0,BTC-CS-28JUN24-40000_60000,101022,,
703,266784101,2023-10-16 09:52:13,2,0.0315,0.03187195,65.29,BTC-28JUN24-60000-C,27764.43,buy,,1.2,,,,
704,266811999,2023-10-16 13:28:02,0,0.033,0.03360407,64.48,BTC-28JUN24-60000-C,28499.19,buy,,5.0,,,,
705,266818397,2023-10-16 13:29:09,0,0.034,0.03628513,63.98,BTC-28JUN24-60000-C,28980.97,buy,,5.0,,,,
706,266818398,2023-10-16 13:29:09,0,0.0345,0.03628513,64.23,BTC-28JUN24-60000-C,28980.97,buy,,0.1,,,,
707,266824821,2023-10-16 13:30:13,0,0.035,0.03714821,63.58,BTC-28JUN24-60000-C,29440.24,buy,,5.0,,,,
708,266825007,2023-10-16 13:30:14,0,0.0355,0.03710622,63.74,BTC-28JUN24-60000-C,29501.85,buy,,0.1,,,,
709,266894133,2023-10-16 13:59:14,2,0.0325,0.03359335,65.21,BTC-28JUN24-60000-C,28007.41,sell,,0.6,,,,
710,266906787,2023-10-16 14:29:23,2,0.032,0.03269293,64.54,BTC-28JUN24-60000-C,28210.01,sell,,18.0,,,,
711,266909502,2023-10-16 14:33:33,0,0.033,0.0326211,64.83,BTC-28JUN24-60000-C,28303.17,buy,,5.0,,,,
712,266909509,2023-10-16 14:33:34,0,0.0335,0.03263285,65.09,BTC-28JUN24-60000-C,28298.53,buy,,0.3,,,,
713,266909510,2023-10-16 14:33:34,1,0.0335,0.03263285,65.09,BTC-28JUN24-60000-C,28298.53,buy,,3.9,,,,
714,266909511,2023-10-16 14:33:34,1,0.0335,0.03260531,65.09,BTC-28JUN24-60000-C,28298.53,sell,,0.8,,,,
715,266913172,2023-10-16 14:43:29,2,0.0325,0.03257465,64.83,BTC-28JUN24-60000-C,28195.63,buy,,8.0,,,,
716,266913248,2023-10-16 14:44:20,3,0.0325,0.03254976,64.82,BTC-28JUN24-60000-C,28202.11,buy,,1.5,,,,
717,266941354,2023-10-16 18:08:59,2,0.0315,0.03144341,64.0,BTC-28JUN24-60000-C,28328.37,buy,,1.0,,,,
718,266941364,2023-10-16 18:09:01,0,0.032,0.03142307,64.26,BTC-28JUN24-60000-C,28324.78,buy,,1.1,,,,
719,266990153,2023-10-17 02:18:45,0,0.033,0.03329955,64.78,BTC-28JUN24-60000-C,28361.4,buy,,1.9,,,,
720,267019846,2023-10-17 09:22:11,1,0.033,0.03276105,64.75,BTC-28JUN24-60000-C,28412.91,buy,,1.0,,,,
721,267019912,2023-10-17 09:24:56,2,0.0325,0.03272986,64.52,BTC-28JUN24-60000-C,28397.27,buy,,0.5,,,,
722,267029391,2023-10-17 11:45:29,0,0.034,0.03423564,65.11,BTC-28JUN24-60000-C,28468.8,sell,,1.6,,,,
723,267147066,2023-10-18 08:57:35,2,0.032,0.03236517,64.08,BTC-28JUN24-60000-C,28563.84,buy,,1.6,,,,
724,267147067,2023-10-18 08:57:35,3,0.032,0.03236517,64.08,BTC-28JUN24-60000-C,28563.84,buy,,0.2,,,,
725,267150659,2023-10-18 09:59:40,2,0.0315,0.03129479,64.32,BTC-28JUN24-60000-C,28321.12,sell,,0.2,,,,
726,267181772,2023-10-18 18:32:04,0,0.032,0.03237518,64.53,BTC-28JUN24-60000-C,28377.77,sell,,1.0,,,,
727,267219339,2023-10-19 10:07:57,2,0.0315,0.03160809,64.2,BTC-28JUN24-60000-C,28470.53,sell,,1.0,,,,
728,267223038,2023-10-19 11:08:12,0,0.032,0.0316757,64.49,BTC-28JUN24-60000-C,28460.7,buy,,1.0,,,,
729,267223039,2023-10-19 11:08:12,1,0.032,0.0316757,64.49,BTC-28JUN24-60000-C,28460.7,buy,,7.0,,,,
730,267253244,2023-10-19 15:54:06,0,0.033,0.03314311,64.45,BTC-28JUN24-60000-C,28702.07,buy,,1.0,,,,
731,267319311,2023-10-20 04:05:59,0,0.0365,0.03603173,65.02,BTC-28JUN24-60000-C,29276.11,buy,,1.5,,,,
732,267320279,2023-10-20 04:12:38,0,0.037,0.03611971,65.39,BTC-28JUN24-60000-C,29207.51,buy,,0.5,,,,
733,267328047,2023-10-20 05:26:57,1,0.037,0.03620065,65.46,BTC-28JUN24-60000-C,29186.02,sell,,0.1,,,,
734,267336640,2023-10-20 07:21:44,0,0.039,0.03886586,66.19,BTC-28JUN24-60000-C,29293.94,sell,,1.8,,,,
735,267364097,2023-10-20 08:39:49,0,0.042,0.04167589,66.8,BTC-28JUN24-60000-C,29702.88,sell,,0.1,,,,
736,267383970,2023-10-20 10:25:20,0,0.0425,0.04273699,66.39,BTC-28JUN24-60000-C,29968.6,sell,,0.1,,,,
737,267410249,2023-10-20 12:38:50,2,0.041,0.04083066,66.39,BTC-28JUN24-60000-C,29675.21,buy,,0.5,,,,
738,267432666,2023-10-20 14:56:07,2,0.04,0.03949587,66.08,BTC-28JUN24-60000-C,29579.2,buy,,1.5,,,,
739,267511132,2023-10-21 18:14:21,0,0.042,0.04153704,66.34,BTC-28JUN24-60000-C,29997.59,sell,,1.0,,,,
740,267639364,2023-10-23 04:39:23,0,0.045,0.04627072,66.27,BTC-28JUN24-60000-C,30686.15,buy,,0.1,,,,
741,267688050,2023-10-23 08:52:15,0,0.046,0.04611588,66.99,BTC-28JUN24-60000-C,30611.78,sell,,2.3,,,,
742,267688070,2023-10-23 08:52:25,1,0.046,0.04609174,66.99,BTC-28JUN24-60000-C,30612.26,sell,,3.6,,,,
743,267689643,2023-10-23 09:01:08,1,0.046,0.04613855,66.87,BTC-28JUN24-60000-C,30671.21,buy,,2.7,,,,
744,267748818,2023-10-23 15:53:22,2,0.045,0.04448699,65.93,BTC-28JUN24-60000-C,30975.81,buy,,2.4,,,,
745,267785031,2023-10-23 18:15:18,0,0.0485,0.04825531,67.14,BTC-28JUN24-60000-C,31113.2,buy,,1.4,,,,
746,267785032,2023-10-23 18:15:19,1,0.0485,0.04825531,67.14,BTC-28JUN24-60000-C,31113.2,sell,,0.1,,,,
747,267785033,2023-10-23 18:15:20,1,0.0485,0.04825566,67.14,BTC-28JUN24-60000-C,31114.71,sell,,0.1,,,,
748,267785034,2023-10-23 18:15:22,1,0.0485,0.04825455,67.14,BTC-28JUN24-60000-C,31114.73,sell,,0.1,,,,
749,267785039,2023-10-23 18:15:23,1,0.0485,0.04825583,67.14,BTC-28JUN24-60000-C,31116.49,sell,,0.1,,,,
750,267785040,2023-10-23 18:15:24,1,0.0485,0.04825694,67.14,BTC-28JUN24-60000-C,31119.02,sell,,0.1,,,,
751,267785041,2023-10-23 18:15:25,1,0.0485,0.04826604,67.13,BTC-28JUN24-60000-C,31118.81,sell,,0.1,,,,
752,267785067,2023-10-23 18:15:46,0,0.049,0.04825714,67.37,BTC-28JUN24-60000-C,31111.19,buy,,1.0,,,,
753,267829174,2023-10-23 20:40:01,0,0.0525,0.05219458,67.46,BTC-28JUN24-60000-C,31755.54,sell,,0.1,,,,
754,267865596,2023-10-23 22:41:07,0,0.0565,0.05611156,67.37,BTC-28JUN24-60000-C,32624.58,buy,,1.1,,,,
755,268105398,2023-10-24 05:56:44,0,0.061,0.06146704,66.04,BTC-28JUN24-60000-C,33878.49,sell,,4.0,,,,
756,268150162,2023-10-24 08:42:02,0,0.0629,0.06280301,66.17,BTC-28JUN24-60000-C,34187.66,buy,,10.0,,103840,,
757,268169715,2023-10-24 10:01:54,0,0.066,0.06517892,66.94,BTC-28JUN24-60000-C,34394.94,buy,,0.2,,,,
758,268169716,2023-10-24 10:01:54,1,0.066,0.06517892,66.94,BTC-28JUN24-60000-C,34394.94,buy,,0.3,,,,
759,268170371,2023-10-24 10:05:01,1,0.066,0.06554096,66.88,BTC-28JUN24-60000-C,34420.54,sell,,0.5,,,,
760,268170952,2023-10-24 10:08:06,1,0.066,0.06572075,66.83,BTC-28JUN24-60000-C,34439.37,sell,,0.5,,,,
761,268172164,2023-10-24 10:11:26,2,0.0655,0.06518478,66.87,BTC-28JUN24-60000-C,34332.19,sell,,0.5,,,,
762,268215252,2023-10-24 12:45:33,0,0.0681,0.06818534,67.01,BTC-28JUN24-60000-C,34755.82,sell,,5.0,,103982,,
763,268249365,2023-10-24 14:52:47,2,0.0615,0.06433187,65.3,BTC-28JUN24-60000-C,34404.21,sell,,0.4,,,,
764,268249366,2023-10-24 14:52:47,3,0.0615,0.06433187,65.3,BTC-28JUN24-60000-C,34404.21,sell,,1.0,,,,
765,268251798,2023-10-24 14:57:10,0,0.0645,0.06380087,66.48,BTC-28JUN24-60000-C,34404.47,sell,,1.0,,,,
766,268252502,2023-10-24 15:00:05,2,0.0635,0.06294045,66.08,BTC-28JUN24-60000-C,34426.62,sell,,0.5,,,,
767,268252587,2023-10-24 15:00:12,3,0.0635,0.06287302,66.1,BTC-28JUN24-60000-C,34415.19,sell,,0.5,,,,
768,268252941,2023-10-24 15:01:33,2,0.063,0.06241728,65.96,BTC-28JUN24-60000-C,34392.48,buy,,1.0,,,,
769,268258992,2023-10-24 15:14:57,2,0.0585,0.05817294,64.43,BTC-28JUN24-60000-C,34304.09,sell,,0.1,,,,
770,268442771,2023-10-25 01:32:02,2,0.0545,0.05279347,63.05,BTC-28JUN24-60000-C,34316.77,sell,,19.0,,,,
771,268442811,2023-10-25 01:32:13,0,0.055,0.05273938,63.27,BTC-28JUN24-60000-C,34302.27,buy,,11.0,,,,
772,268443212,2023-10-25 01:33:30,2,0.0535,0.05330477,62.77,BTC-28JUN24-60000-C,34254.02,buy,,0.8,,,,
773,268536767,2023-10-25 12:05:09,0,0.0545,0.05423234,63.05,BTC-28JUN24-60000-C,34313.91,buy,,2.9,,,,
774,268555733,2023-10-25 13:51:09,0,0.055,0.05454991,63.01,BTC-28JUN24-60000-C,34397.86,buy,,2.6,,,,
775,268556948,2023-10-25 13:59:32,2,0.0545,0.05526276,62.57,BTC-28JUN24-60000-C,34503.91,sell,,1.1,,,,
776,268556949,2023-10-25 13:59:32,3,0.0545,0.05526276,62.57,BTC-28JUN24-60000-C,34503.91,buy,,8.9,,,,
777,268740627,2023-10-26 11:56:27,0,0.061,0.06143586,65.87,BTC-28JUN24-60000-C,34094.53,buy,,5.4,,,,
778,268740628,2023-10-26 11:56:27,0,0.0615,0.06143586,66.07,BTC-28JUN24-60000-C,34094.53,buy,,2.1,,,,
779,268740672,2023-10-26 11:56:34,1,0.0615,0.06145054,66.06,BTC-28JUN24-60000-C,34098.38,sell,,5.0,,,,
780,268756629,2023-10-26 13:44:01,0,0.0626,0.06300015,65.98,BTC-28JUN24-60000-C,34336.46,sell,,15.0,BTC-RR-28JUN24-23000_60000,104897,,
781,268786702,2023-10-26 15:58:15,2,0.06,0.06165933,65.63,BTC-28JUN24-60000-C,34057.09,sell,,30.0,,104948,,
782,268843915,2023-10-26 23:42:02,2,0.0575,0.05821481,64.46,BTC-28JUN24-60000-C,34169.43,buy,,0.2,,,,
783,268867698,2023-10-27 04:16:09,0,0.058,0.05712004,64.79,BTC-28JUN24-60000-C,34112.47,sell,,0.8,,,,
784,268881633,2023-10-27 06:57:46,0,0.0585,0.05769662,64.75,BTC-28JUN24-60000-C,34216.79,buy,,0.4,,,,
785,268993475,2023-10-27 17:03:19,2,0.057,0.05727911,64.84,BTC-28JUN24-60000-C,33864.16,sell,,0.1,,,,
786,269014605,2023-10-27 18:46:28,2,0.0545,0.05522433,64.3,BTC-28JUN24-60000-C,33644.74,buy,,0.1,,,,
787,269096220,2023-10-29 12:48:18,0,0.059,0.05919423,64.63,BTC-28JUN24-60000-C,34389.32,buy,,0.1,,,,
788,269125783,2023-10-29 18:45:51,0,0.063,0.06315263,65.54,BTC-28JUN24-60000-C,34655.93,buy,,0.1,,,,
789,269129816,2023-10-29 19:37:44,2,0.0615,0.06139434,65.11,BTC-28JUN24-60000-C,34588.73,buy,,0.1,,,,
790,269129823,2023-10-29 19:37:57,3,0.0615,0.0614223,65.11,BTC-28JUN24-60000-C,34590.62,buy,,0.1,,,,
791,269129866,2023-10-29 19:38:46,3,0.0615,0.06154406,65.1,BTC-28JUN24-60000-C,34595.16,buy,,0.1,,,,
792,269129919,2023-10-29 19:39:51,3,0.0615,0.06167306,65.09,BTC-28JUN24-60000-C,34600.17,buy,,0.1,,,,
793,269129934,2023-10-29 19:40:25,3,0.0615,0.06172099,65.08,BTC-28JUN24-60000-C,34604.35,buy,,0.1,,,,
794,269129936,2023-10-29 19:40:27,3,0.0615,0.06172131,65.08,BTC-28JUN24-60000-C,34603.23,buy,,0.1,,,,
795,269129938,2023-10-29 19:40:30,3,0.0615,0.06171914,65.08,BTC-28JUN24-60000-C,34603.33,buy,,0.1,,,,
796,269129940,2023-10-29 19:40:34,3,0.0615,0.06172691,65.08,BTC-28JUN24-60000-C,34603.21,buy,,0.1,,,,
797,269129944,2023-10-29 19:40:40,3,0.0615,0.06173931,65.08,BTC-28JUN24-60000-C,34603.35,buy,,0.1,,,,
798,269129957,2023-10-29 19:41:27,3,0.0615,0.0617815,65.09,BTC-28JUN24-60000-C,34596.31,buy,,0.1,,,,
799,269129958,2023-10-29 19:41:30,3,0.0615,0.06178788,65.09,BTC-28JUN24-60000-C,34596.38,buy,,0.1,,,,
800,269129959,2023-10-29 19:41:33,3,0.0615,0.0617912,65.09,BTC-28JUN24-60000-C,34596.15,buy,,0.1,,,,
801,269129960,2023-10-29 19:41:36,3,0.0615,0.06179377,65.09,BTC-28JUN24-60000-C,34596.13,buy,,0.1,,,,
802,269129970,2023-10-29 19:42:08,3,0.0615,0.06185825,65.07,BTC-28JUN24-60000-C,34603.69,buy,,0.1,,,,
803,269130057,2023-10-29 19:46:14,3,0.0615,0.06204496,65.08,BTC-28JUN24-60000-C,34601.55,buy,,0.1,,,,
804,269130078,2023-10-29 19:46:58,3,0.0615,0.06206991,65.09,BTC-28JUN24-60000-C,34598.99,buy,,1.0,,,,
805,269130083,2023-10-29 19:47:21,3,0.0615,0.06208062,65.09,BTC-28JUN24-60000-C,34599.77,buy,,1.0,,,,
806,269130199,2023-10-29 19:49:25,3,0.0615,0.06209862,65.08,BTC-28JUN24-60000-C,34602.58,buy,,0.1,,,,
807,269185285,2023-10-30 09:51:02,0,0.063,0.06194532,65.79,BTC-28JUN24-60000-C,34571.86,buy,,0.5,,,,
808,269185353,2023-10-30 09:51:41,2,0.062,0.06194678,65.42,BTC-28JUN24-60000-C,34567.94,sell,,0.5,,,,
809,269218587,2023-10-30 15:14:35,0,0.0635,0.06353556,65.78,BTC-28JUN24-60000-C,34719.28,buy,,0.5,,,,
810,269340149,2023-11-01 00:39:27,1,0.0635,0.06275783,66.17,BTC-28JUN24-60000-C,34615.26,buy,,2.0,,,,
811,269358429,2023-11-01 07:53:16,0,0.0645,0.06414929,66.79,BTC-28JUN24-60000-C,34493.82,buy,,0.5,,,,
812,269363002,2023-11-01 09:59:00,0,0.065,0.06424929,67.06,BTC-28JUN24-60000-C,34486.22,buy,,0.1,,,,
813,269369233,2023-11-01 12:15:24,2,0.0645,0.064114,66.96,BTC-28JUN24-60000-C,34435.4,sell,,0.2,,,,
814,269369234,2023-11-01 12:15:25,3,0.0645,0.06411669,66.96,BTC-28JUN24-60000-C,34435.01,sell,,0.1,,,,
815,269369235,2023-11-01 12:15:26,3,0.0645,0.06411862,66.96,BTC-28JUN24-60000-C,34435.26,sell,,0.1,,,,
816,269369236,2023-11-01 12:15:27,3,0.0645,0.06411859,66.96,BTC-28JUN24-60000-C,34434.75,sell,,0.1,,,,
817,269369237,2023-11-01 12:15:28,3,0.0645,0.06411421,66.96,BTC-28JUN24-60000-C,34433.41,sell,,0.1,,,,
818,269380067,2023-11-01 13:02:06,0,0.067,0.06643297,67.06,BTC-28JUN24-60000-C,34831.13,sell,,0.4,,,,
819,269381370,2023-11-01 13:05:19,0,0.0675,0.06678136,67.14,BTC-28JUN24-60000-C,34863.5,sell,,0.1,,,,
820,269381384,2023-11-01 13:05:20,1,0.0675,0.06678383,67.14,BTC-28JUN24-60000-C,34863.3,sell,,0.1,,,,
821,269382240,2023-11-01 13:06:14,1,0.0675,0.06672359,67.21,BTC-28JUN24-60000-C,34826.33,sell,,0.8,,,,
822,269467522,2023-11-01 20:59:38,0,0.07,0.07078951,66.69,BTC-28JUN24-60000-C,35478.28,buy,,9.0,,,,
823,269480913,2023-11-01 21:12:58,1,0.07,0.06879976,66.95,BTC-28JUN24-60000-C,35353.67,buy,,1.0,,,,
824,269509647,2023-11-02 00:21:41,0,0.074,0.07337963,67.91,BTC-28JUN24-60000-C,35574.65,buy,,1.2,,,,
825,269522583,2023-11-02 02:00:43,0,0.076,0.07570362,68.52,BTC-28JUN24-60000-C,35609.66,sell,,1.0,,,,
826,269536891,2023-11-02 03:05:55,0,0.0765,0.0769011,68.43,BTC-28JUN24-60000-C,35729.58,buy,,0.1,,,,
827,269598527,2023-11-02 11:40:01,1,0.0765,0.07572618,69.27,BTC-28JUN24-60000-C,35427.06,buy,,0.5,,,,
828,269654859,2023-11-02 16:43:01,2,0.0715,0.07095853,69.4,BTC-28JUN24-60000-C,34559.75,buy,,0.6,,,,
829,269696425,2023-11-02 22:45:11,3,0.0715,0.07216311,68.85,BTC-28JUN24-60000-C,34803.53,sell,,0.9,,,,
830,269830880,2023-11-03 18:29:19,2,0.071,0.06993225,69.39,BTC-28JUN24-60000-C,34591.86,sell,,1.0,,,,
831,269830881,2023-11-03 18:29:19,3,0.071,0.06993225,69.39,BTC-28JUN24-60000-C,34591.86,sell,,0.5,,,,
832,269871533,2023-11-04 08:19:18,0,0.073,0.07771105,69.7,BTC-28JUN24-60000-C,34845.22,buy,,0.1,,,,
833,269871738,2023-11-04 08:24:13,0,0.074,0.0811864,70.11,BTC-28JUN24-60000-C,34810.99,sell,,0.1,,,,
834,269942712,2023-11-05 13:09:37,0,0.0755,0.07460245,69.94,BTC-28JUN24-60000-C,35140.5,sell,,0.1,,,,
835,269964529,2023-11-05 18:47:33,0,0.0775,0.07678752,70.9,BTC-28JUN24-60000-C,35047.73,buy,,0.1,,,,
836,269967307,2023-11-05 20:09:29,2,0.077,0.07702823,70.68,BTC-28JUN24-60000-C,35057.07,buy,,0.1,,,,
837,269967313,2023-11-05 20:09:42,3,0.077,0.07701786,70.68,BTC-28JUN24-60000-C,35054.59,buy,,0.1,,,,
838,269967314,2023-11-05 20:10:13,3,0.077,0.07700692,70.68,BTC-28JUN24-60000-C,35055.92,buy,,0.1,,,,
839,269967315,2023-11-05 20:10:28,3,0.077,0.07698545,70.68,BTC-28JUN24-60000-C,35054.64,buy,,0.1,,,,
840,269967316,2023-11-05 20:10:31,3,0.077,0.0769835,70.68,BTC-28JUN24-60000-C,35054.64,buy,,0.1,,,,
841,270111393,2023-11-07 08:25:16,2,0.0745,0.07412304,70.17,BTC-28JUN24-60000-C,34936.28,sell,,4.3,,,,
842,270154790,2023-11-07 17:36:04,2,0.0685,0.06984279,68.36,BTC-28JUN24-60000-C,34777.3,sell,,1.3,,,,
843,270246866,2023-11-08 09:07:54,0,0.0746,0.07469896,69.54,BTC-28JUN24-60000-C,35327.66,sell,,30.0,,107700,,
844,270252172,2023-11-08 10:33:07,2,0.074,0.07389183,69.15,BTC-28JUN24-60000-C,35396.6,buy,,30.0,,107720,,
845,270255055,2023-11-08 11:07:33,0,0.0755,0.07437127,69.67,BTC-28JUN24-60000-C,35435.23,buy,,0.9,,,,
846,270301072,2023-11-08 20:27:35,2,0.075,0.07506229,68.92,BTC-28JUN24-60000-C,35708.59,buy,,0.5,,,,
847,270377302,2023-11-09 02:40:13,0,0.082,0.0812007,69.93,BTC-28JUN24-60000-C,36466.85,buy,,0.1,,,,
848,270438850,2023-11-09 10:10:07,0,0.0865,0.08642744,70.9,BTC-28JUN24-60000-C,36790.86,buy,,0.5,,,,
849,270484666,2023-11-09 14:03:23,0,0.089,0.08981855,70.88,BTC-28JUN24-60000-C,37205.13,sell,,0.1,,,,
850,270484667,2023-11-09 14:03:23,1,0.089,0.08981855,70.88,BTC-28JUN24-60000-C,37205.13,sell,,0.9,,,,
851,270500389,2023-11-09 14:19:51,0,0.0905,0.09128465,70.58,BTC-28JUN24-60000-C,37593.67,buy,,0.2,,,,
852,270500488,2023-11-09 14:20:23,2,0.09,0.09063003,70.52,BTC-28JUN24-60000-C,37541.52,buy,,1.6,,,,
853,270507695,2023-11-09 14:36:47,0,0.0935,0.09165796,71.51,BTC-28JUN24-60000-C,37652.37,buy,,0.5,,,,
854,270787034,2023-11-10 20:03:33,2,0.0805,0.08066874,68.03,BTC-28JUN24-60000-C,37231.62,sell,,0.8,,,,
855,270821851,2023-11-11 02:19:11,3,0.0805,0.08098716,68.64,BTC-28JUN24-60000-C,36982.05,sell,,0.9,,,,
856,270846485,2023-11-11 08:56:16,2,0.078,0.07921308,67.85,BTC-28JUN24-60000-C,36983.53,buy,,1.0,,,,
857,270887476,2023-11-11 23:08:49,2,0.0765,0.07751402,67.57,BTC-28JUN24-60000-C,36856.23,sell,,0.9,,,,
858,270939288,2023-11-12 22:18:37,3,0.0765,0.07779588,66.86,BTC-28JUN24-60000-C,37211.94,buy,,1.8,,,,
859,270945557,2023-11-13 00:00:11,2,0.0755,0.07592572,66.78,BTC-28JUN24-60000-C,37081.56,buy,,0.4,,,,
860,270976200,2023-11-13 07:28:43,0,0.078,0.07716762,67.92,BTC-28JUN24-60000-C,37038.08,buy,,0.3,,,,
861,270983661,2023-11-13 09:27:39,0,0.0785,0.07782836,68.17,BTC-28JUN24-60000-C,37013.11,buy,,1.0,,,,
862,270999034,2023-11-13 14:14:38,2,0.076,0.07536808,67.48,BTC-28JUN24-60000-C,36871.5,buy,,0.5,,,,
863,270999343,2023-11-13 14:21:34,0,0.0765,0.07596324,67.6,BTC-28JUN24-60000-C,36901.07,buy,,0.1,,,,
864,271011894,2023-11-13 15:58:33,2,0.0738,0.07479859,66.72,BTC-28JUN24-60000-C,36822.48,sell,,50.0,,109264,,
865,271011929,2023-11-13 15:58:47,0,0.075,0.07485044,67.15,BTC-28JUN24-60000-C,36833.83,buy,,0.2,,,,
866,271012698,2023-11-13 16:04:40,0,0.0755,0.07506232,67.26,BTC-28JUN24-60000-C,36880.08,buy,,0.2,,,,
867,271014372,2023-11-13 16:23:50,2,0.0745,0.0753636,66.73,BTC-28JUN24-60000-C,36942.22,sell,,3.0,,,,
868,271072115,2023-11-14 00:48:05,2,0.071,0.07131488,66.84,BTC-28JUN24-60000-C,36313.77,sell,,0.7,,,,
869,271073401,2023-11-14 00:59:23,2,0.0705,0.07047274,66.92,BTC-28JUN24-60000-C,36214.7,sell,,1.0,,,,
870,271083512,2023-11-14 05:10:17,3,0.0705,0.07109708,66.27,BTC-28JUN24-60000-C,36536.79,sell,,9.0,,,,
871,271083513,2023-11-14 05:10:17,2,0.07,0.07109708,66.08,BTC-28JUN24-60000-C,36536.79,buy,,0.9,,,,
872,271083514,2023-11-14 05:10:17,0,0.0705,0.07106234,66.27,BTC-28JUN24-60000-C,36536.81,buy,,2.7,,,,
873,271083526,2023-11-14 05:10:32,2,0.07,0.07094646,66.11,BTC-28JUN24-60000-C,36526.65,buy,,0.9,,,,
874,271109418,2023-11-14 10:14:47,0,0.071,0.07068045,66.58,BTC-28JUN24-60000-C,36471.31,buy,,5.0,,,,
875,271210888,2023-11-14 18:53:54,2,0.065,0.06474151,67.35,BTC-28JUN24-60000-C,35042.76,sell,,0.5,,,,
876,271253310,2023-11-14 22:08:14,0,0.07,0.07013952,68.13,BTC-28JUN24-60000-C,35606.17,sell,,1.9,,,,
877,271253630,2023-11-14 22:10:44,2,0.0695,0.07018194,67.92,BTC-28JUN24-60000-C,35624.01,sell,,1.1,,,,
878,271279758,2023-11-15 07:37:41,2,0.0655,0.06670508,66.4,BTC-28JUN24-60000-C,35652.48,sell,,0.1,,,,
879,271400496,2023-11-15 19:48:12,0,0.0785,0.08008939,67.66,BTC-28JUN24-60000-C,37352.53,sell,,2.3,,,,
880,271400497,2023-11-15 19:48:12,1,0.0785,0.08008939,67.66,BTC-28JUN24-60000-C,37352.53,sell,,1.3,,,,
881,271400498,2023-11-15 19:48:12,1,0.0785,0.08008939,67.66,BTC-28JUN24-60000-C,37352.53,buy,,1.4,,,,
882,271418385,2023-11-15 20:39:33,2,0.0783,0.07932695,67.5,BTC-28JUN24-60000-C,37372.02,sell,,1.0,BTC-CS-28JUN24-40000_60000,,,271418383
883,271431547,2023-11-15 22:03:29,0,0.0815,0.08029929,68.2,BTC-28JUN24-60000-C,37610.37,buy,,0.6,,,,
884,271458866,2023-11-16 01:40:18,0,0.0825,0.08143126,68.42,BTC-28JUN24-60000-C,37609.11,buy,,8.0,,,,
885,271458867,2023-11-16 01:40:18,1,0.0825,0.08143126,68.42,BTC-28JUN24-60000-C,37609.11,sell,,2.5,,,,
886,271458868,2023-11-16 01:40:18,1,0.0825,0.08143126,68.42,BTC-28JUN24-60000-C,37609.11,sell,,9.5,,,,
887,271498489,2023-11-16 09:51:13,2,0.077,0.07875815,67.25,BTC-28JUN24-60000-C,37302.74,sell,,0.2,,,,
888,272189327,2023-11-21 16:15:02,2,0.0725,0.07225964,67.64,BTC-28JUN24-60000-C,37003.46,buy,,1.4,,,,
889,272319090,2023-11-22 06:44:31,2,0.071,0.06941965,68.27,BTC-28JUN24-60000-C,36559.76,sell,,0.1,,,,
890,272358116,2023-11-22 15:42:01,2,0.07,0.06914224,67.92,BTC-28JUN24-60000-C,36519.07,sell,,8.0,,,,
891,272358155,2023-11-22 15:42:24,3,0.07,0.0691241,67.93,BTC-28JUN24-60000-C,36512.7,sell,,2.0,,,,
892,272361285,2023-11-22 16:28:21,2,0.0695,0.06904917,67.81,BTC-28JUN24-60000-C,36473.4,sell,,0.9,,,,
893,272361296,2023-11-22 16:29:05,3,0.0695,0.06907541,67.81,BTC-28JUN24-60000-C,36474.2,sell,,2.0,,,,
894,272361297,2023-11-22 16:29:05,3,0.0695,0.06907541,67.81,BTC-28JUN24-60000-C,36474.2,sell,,0.4,,,,
895,272361311,2023-11-22 16:29:30,3,0.0695,0.06908729,67.83,BTC-28JUN24-60000-C,36463.66,sell,,1.9,,,,
896,272553224,2023-11-24 08:59:30,2,0.069,0.0691184,65.52,BTC-28JUN24-60000-C,37458.6,buy,,0.8,,,,
897,272594298,2023-11-24 12:56:03,0,0.074,0.07314213,66.61,BTC-28JUN24-60000-C,37791.94,buy,,1.5,,,,
898,272594299,2023-11-24 12:56:04,1,0.074,0.0731474,66.61,BTC-28JUN24-60000-C,37791.94,sell,,2.3,,,,
899,272594353,2023-11-24 12:56:09,1,0.074,0.07317023,66.6,BTC-28JUN24-60000-C,37794.76,sell,,1.2,,,,
900,272617255,2023-11-24 15:25:32,1,0.074,0.07532212,66.02,BTC-28JUN24-60000-C,38041.57,sell,,0.1,,,,
901,272617260,2023-11-24 15:25:33,1,0.074,0.07530208,66.03,BTC-28JUN24-60000-C,38037.2,sell,,0.1,,,,
902,272641913,2023-11-24 16:18:47,0,0.078,0.07774204,67.02,BTC-28JUN24-60000-C,38226.62,sell,,0.1,,,,
903,272698693,2023-11-25 04:21:59,2,0.0745,0.07576343,66.87,BTC-28JUN24-60000-C,37817.84,sell,,0.1,,,,
904,272824232,2023-11-27 08:19:16,2,0.069,0.06816531,66.14,BTC-28JUN24-60000-C,37322.09,buy,,0.9,,,,
905,272826199,2023-11-27 09:00:04,0,0.0695,0.06886165,66.27,BTC-28JUN24-60000-C,37344.13,buy,,0.9,,,,
906,272937908,2023-11-28 09:41:13,2,0.0661,0.06613807,65.75,BTC-28JUN24-60000-C,37106.56,buy,,75.0,,112352,,
907,273057917,2023-11-29 08:11:35,0,0.0715,0.07219864,65.6,BTC-28JUN24-60000-C,38185.05,sell,,9.0,,,,
908,273060254,2023-11-29 08:36:04,0,0.072,0.07251399,65.9,BTC-28JUN24-60000-C,38134.71,sell,,0.1,,,,
909,273134482,2023-11-29 23:10:22,2,0.07,0.06966229,66.0,BTC-28JUN24-60000-C,37791.93,buy,,0.3,,,,
910,273134494,2023-11-29 23:10:41,3,0.07,0.06968034,66.0,BTC-28JUN24-60000-C,37792.67,buy,,0.3,,,,
911,273168228,2023-11-30 11:10:54,2,0.0692,0.06875231,66.01,BTC-28JUN24-60000-C,37681.48,buy,,25.0,BTC-CS-28JUN24-40000_60000,112823,,
912,273213766,2023-11-30 22:11:07,2,0.0675,0.06728166,65.19,BTC-28JUN24-60000-C,37787.88,buy,,0.9,,,,
913,273253470,2023-12-01 07:33:20,0,0.0715,0.07085686,65.54,BTC-28JUN24-60000-C,38303.62,sell,,1.4,,,,
914,273285190,2023-12-01 09:32:34,0,0.0725,0.07250975,65.13,BTC-28JUN24-60000-C,38625.72,sell,,1.4,,,,
915,273296313,2023-12-01 10:07:25,2,0.0705,0.07185117,64.15,BTC-28JUN24-60000-C,38719.36,sell,,4.7,,,,
916,273383794,2023-12-01 23:12:10,2,0.0695,0.0683276,63.95,BTC-28JUN24-60000-C,38727.11,buy,,1.0,,,,
917,273394997,2023-12-02 06:48:21,2,0.068,0.06703695,63.3,BTC-28JUN24-60000-C,38771.84,buy,,2.8,,,,
918,273395070,2023-12-02 06:54:05,0,0.0685,0.06746045,63.46,BTC-28JUN24-60000-C,38785.88,buy,,2.0,,,,
919,273413087,2023-12-02 15:55:19,2,0.068,0.06958163,63.19,BTC-28JUN24-60000-C,38837.65,sell,,1.0,,,,
920,273460820,2023-12-02 20:51:51,0,0.072,0.07168151,63.3,BTC-28JUN24-60000-C,39471.95,buy,,2.6,,,,
921,273469030,2023-12-02 21:58:00,0,0.074,0.07509236,63.78,BTC-28JUN24-60000-C,39616.02,sell,,0.1,,,,
922,273470239,2023-12-02 22:07:35,2,0.0735,0.07440787,63.85,BTC-28JUN24-60000-C,39498.06,sell,,0.1,,,,
923,273471236,2023-12-02 22:11:46,2,0.073,0.07443165,63.75,BTC-28JUN24-60000-C,39459.99,sell,,0.1,,,,
924,273473890,2023-12-02 22:54:09,2,0.0725,0.07328784,63.84,BTC-28JUN24-60000-C,39334.01,sell,,0.1,,,,
925,273478159,2023-12-03 00:36:57,2,0.072,0.07283785,63.47,BTC-28JUN24-60000-C,39425.4,sell,,0.1,,,,
926,273478861,2023-12-03 00:58:11,2,0.0715,0.07172627,63.05,BTC-28JUN24-60000-C,39518.02,sell,,0.1,,,,
927,273479177,2023-12-03 01:10:26,2,0.07,0.07107855,62.48,BTC-28JUN24-60000-C,39513.65,sell,,0.1,,,,
928,273479365,2023-12-03 01:14:14,3,0.07,0.07076309,62.39,BTC-28JUN24-60000-C,39549.98,buy,,7.5,,,,
929,273479396,2023-12-03 01:15:14,3,0.07,0.07077428,62.34,BTC-28JUN24-60000-C,39565.68,buy,,10.0,,,,
930,273479397,2023-12-03 01:15:14,3,0.07,0.07077428,62.34,BTC-28JUN24-60000-C,39565.68,buy,,10.2,,,,
931,273479398,2023-12-03 01:15:14,3,0.07,0.07077428,62.34,BTC-28JUN24-60000-C,39565.68,buy,,2.1,,,,
932,273496199,2023-12-03 10:32:22,0,0.071,0.07050809,63.0,BTC-28JUN24-60000-C,39458.94,buy,,5.0,,,,
933,273531114,2023-12-03 22:10:20,0,0.075,0.07577913,63.69,BTC-28JUN24-60000-C,39831.73,buy,,8.0,,,,
934,273531115,2023-12-03 22:10:21,1,0.075,0.07577578,63.68,BTC-28JUN24-60000-C,39831.0,buy,,2.0,,,,
935,273579264,2023-12-04 01:37:13,0,0.0811,0.08043594,63.93,BTC-28JUN24-60000-C,40711.3,sell,,77.6,,113360,,
936,273590120,2023-12-04 02:22:38,0,0.0819,0.08151802,64.66,BTC-28JUN24-60000-C,40516.28,buy,,200.0,BTC-CDIAG-28JUN24_29DEC23-60000_42000,113397,,
937,273590594,2023-12-04 02:24:10,2,0.0818,0.08130304,64.66,BTC-28JUN24-60000-C,40491.64,buy,,300.0,BTC-CDIAG-28JUN24_29DEC23-60000_42000,113398,,
938,273592355,2023-12-04 02:39:46,2,0.0815,0.08172361,64.29,BTC-28JUN24-60000-C,40615.84,sell,,0.8,,,,
939,273605954,2023-12-04 04:31:33,2,0.0812,0.08028762,64.01,BTC-28JUN24-60000-C,40720.05,buy,,300.0,BTC-CDIAG-28JUN24_26JAN24-60000_42000,113495,,
940,273619302,2023-12-04 05:20:54,0,0.083,0.08280204,63.35,BTC-28JUN24-60000-C,41309.15,buy,,0.3,,,,
941,273620240,2023-12-04 05:23:33,0,0.084,0.0832879,63.55,BTC-28JUN24-60000-C,41392.66,buy,,0.1,,,,
942,273626888,2023-12-04 05:55:01,0,0.0855,0.08621238,64.0,BTC-28JUN24-60000-C,41394.44,buy,,0.7,,,,
943,273627482,2023-12-04 05:58:02,0,0.086,0.08642404,64.03,BTC-28JUN24-60000-C,41467.12,buy,,5.0,,,,
944,273637250,2023-12-04 06:37:07,0,0.088,0.0882358,64.7,BTC-28JUN24-60000-C,41541.12,sell,,0.1,,,,
945,273642161,2023-12-04 07:04:45,2,0.086,0.0870245,64.11,BTC-28JUN24-60000-C,41462.17,sell,,0.1,,,,
946,273645392,2023-12-04 07:34:47,2,0.084,0.0848486,63.32,BTC-28JUN24-60000-C,41490.54,sell,,0.1,,,,
947,273648523,2023-12-04 07:49:56,2,0.0825,0.08426811,62.92,BTC-28JUN24-60000-C,41423.94,sell,,2.6,,,,
948,273649687,2023-12-04 07:58:50,0,0.0826,0.08305913,62.95,BTC-28JUN24-60000-C,41425.57,sell,,15.0,,113582,,
949,273653101,2023-12-04 08:16:49,2,0.082,0.08277856,62.79,BTC-28JUN24-60000-C,41385.18,sell,,0.1,,,,
950,273654831,2023-12-04 08:32:58,0,0.0832,0.08365573,62.84,BTC-28JUN24-60000-C,41570.46,sell,,15.0,,113594,,
951,273655317,2023-12-04 08:37:07,2,0.0831,0.08343763,62.84,BTC-28JUN24-60000-C,41549.72,sell,,15.0,BTC-RR-28JUN24-40000_60000,113596,,
952,273655428,2023-12-04 08:38:48,0,0.0855,0.08345192,63.73,BTC-28JUN24-60000-C,41545.6,buy,,200.0,,113597,,
953,273663112,2023-12-04 09:36:26,2,0.0845,0.08552991,62.97,BTC-28JUN24-60000-C,41740.18,sell,,1.0,,,,
954,273704842,2023-12-04 13:00:14,0,0.085,0.08545425,63.15,BTC-28JUN24-60000-C,41824.08,buy,,2.1,,,,
955,273706633,2023-12-04 13:07:59,0,0.0855,0.08572637,63.12,BTC-28JUN24-60000-C,41906.5,buy,,1.3,,,,
956,273708144,2023-12-04 13:15:58,0,0.0875,0.08576926,63.98,BTC-28JUN24-60000-C,41842.23,buy,,500.0,BTC-CDIAG-28JUN24_26JAN24-60000_42000,113764,,
957,273718395,2023-12-04 14:33:13,2,0.0835,0.08370707,63.27,BTC-28JUN24-60000-C,41500.0,sell,,0.1,,,,
958,273719551,2023-12-04 14:38:45,0,0.0845,0.08392845,63.54,BTC-28JUN24-60000-C,41552.75,buy,,1.6,,,,
959,273719552,2023-12-04 14:38:45,1,0.0845,0.08392845,63.54,BTC-28JUN24-60000-C,41552.75,buy,,0.2,,,,
960,273719553,2023-12-04 14:38:45,1,0.0845,0.08392845,63.54,BTC-28JUN24-60000-C,41552.75,sell,,3.1,,,,
961,273719554,2023-12-04 14:38:45,1,0.0845,0.08392845,63.54,BTC-28JUN24-60000-C,41552.75,sell,,0.1,,,,
962,273723167,2023-12-04 15:07:39,0,0.0863,0.08497822,63.98,BTC-28JUN24-60000-C,41653.75,buy,,500.0,,113816,,
963,273724697,2023-12-04 15:16:40,2,0.0842,0.08436829,63.55,BTC-28JUN24-60000-C,41516.94,sell,,15.0,BTC-CBUT-28JUN24-60000_100000_140000,113821,,
964,273729195,2023-12-04 15:34:01,2,0.083,0.08304416,63.58,BTC-28JUN24-60000-C,41319.2,sell,,0.1,,,,
965,273730237,2023-12-04 15:34:38,2,0.0825,0.08233776,63.66,BTC-28JUN24-60000-C,41215.2,sell,,0.1,,,,
