trade_seq,trade_id,timestamp,tick_direction,price,mark_price,iv,instrument_name,index_price,direction,contracts,combo_id,block_trade_id,amount,combo_trade_id,liquidation
1,322049071,2024-10-24 08:32:07,1,0.0185,0.02029845,57.46,BTC-31JAN25-100000-C,67135.13,buy,0.1,,,0.1,,
2,322054765,2024-10-24 09:52:16,0,0.019,0.01951521,58.56,BTC-31JAN25-100000-C,66711.73,buy,0.1,,,0.1,,
3,322092009,2024-10-24 15:50:18,0,0.0215,0.0218203,59.19,BTC-31JAN25-100000-C,67692.87,buy,0.1,,,0.1,,
4,322119823,2024-10-24 20:41:52,0,0.0225,0.02275475,59.49,BTC-31JAN25-100000-C,68097.83,buy,0.1,,,0.1,,
5,322133998,2024-10-24 22:16:10,0,0.0235,0.02396594,59.59,BTC-31JAN25-100000-C,68475.44,sell,0.2,,,0.2,,
6,322134061,2024-10-24 22:16:42,1,0.0235,0.02398297,59.58,BTC-31JAN25-100000-C,68476.38,sell,0.1,,,0.1,,
7,322149333,2024-10-25 01:12:14,2,0.0215,0.02174917,59.09,BTC-31JAN25-100000-C,67850.05,sell,11.0,,,11.0,,
8,322149334,2024-10-25 01:12:14,3,0.0215,0.02174917,59.09,BTC-31JAN25-100000-C,67850.05,buy,4.0,,,4.0,,
9,322149409,2024-10-25 01:13:41,2,0.021,0.02175696,58.67,BTC-31JAN25-100000-C,67854.58,sell,0.3,,,0.3,,
10,322152472,2024-10-25 01:58:08,3,0.021,0.02145689,58.63,BTC-31JAN25-100000-C,67905.11,sell,2.0,,,2.0,,
11,322158086,2024-10-25 03:37:27,0,0.0215,0.02161324,58.76,BTC-31JAN25-100000-C,68085.02,sell,0.1,,,0.1,,
12,322161820,2024-10-25 04:28:49,2,0.0205,0.02094947,58.63,BTC-31JAN25-100000-C,67676.06,sell,1.8,,,1.8,,
13,322161821,2024-10-25 04:28:49,3,0.0205,0.02094947,58.63,BTC-31JAN25-100000-C,67676.06,buy,0.1,,,0.1,,
14,322161822,2024-10-25 04:28:49,3,0.0205,0.02094947,58.63,BTC-31JAN25-100000-C,67676.06,buy,0.1,,,0.1,,
15,322161823,2024-10-25 04:28:49,3,0.0205,0.02094947,58.63,BTC-31JAN25-100000-C,67676.06,buy,3.0,,,3.0,,
16,322161831,2024-10-25 04:28:57,3,0.0205,0.020963,58.62,BTC-31JAN25-100000-C,67684.0,buy,5.0,,,5.0,,
17,322164219,2024-10-25 05:04:28,0,0.021,0.02081005,59.05,BTC-31JAN25-100000-C,67685.11,buy,0.1,,,0.1,,
18,322165191,2024-10-25 05:17:19,1,0.021,0.02075153,59.15,BTC-31JAN25-100000-C,67606.21,sell,0.1,,,0.1,,
19,322187256,2024-10-25 08:21:05,2,0.0195,0.02047175,58.15,BTC-31JAN25-100000-C,67480.03,sell,0.1,,,0.1,,
20,322188026,2024-10-25 08:26:51,3,0.0195,0.02041712,58.07,BTC-31JAN25-100000-C,67543.75,sell,0.1,,,0.1,,
21,322188915,2024-10-25 08:39:26,3,0.0195,0.01985054,57.93,BTC-31JAN25-100000-C,67626.75,buy,2.7,,,2.7,,
22,322188918,2024-10-25 08:39:28,3,0.0195,0.01983702,57.93,BTC-31JAN25-100000-C,67626.29,buy,2.4,,,2.4,,
23,322193666,2024-10-25 09:41:41,3,0.0195,0.01962034,58.03,BTC-31JAN25-100000-C,67542.48,buy,0.5,,,0.5,,
24,322193963,2024-10-25 09:49:01,3,0.0195,0.01958582,57.98,BTC-31JAN25-100000-C,67578.79,buy,0.5,,,0.5,,
25,322193964,2024-10-25 09:49:01,3,0.0195,0.01958582,57.98,BTC-31JAN25-100000-C,67578.79,buy,0.1,,,0.1,,
26,322199486,2024-10-25 11:04:51,0,0.02,0.01973316,58.05,BTC-31JAN25-100000-C,67815.54,buy,0.1,,,0.1,,
27,322200271,2024-10-25 11:15:19,2,0.0195,0.02012097,57.51,BTC-31JAN25-100000-C,67883.47,sell,0.4,,,0.4,,
28,322203979,2024-10-25 12:03:46,0,0.0205,0.02058523,57.89,BTC-31JAN25-100000-C,68185.92,buy,0.5,,,0.5,,
29,322210808,2024-10-25 13:31:06,1,0.0205,0.02058258,58.16,BTC-31JAN25-100000-C,68051.3,buy,0.1,,,0.1,,
30,322214076,2024-10-25 13:49:22,1,0.0205,0.02043645,58.33,BTC-31JAN25-100000-C,67933.03,buy,0.1,,,0.1,,
31,322221829,2024-10-25 14:16:29,0,0.0215,0.02154092,58.28,BTC-31JAN25-100000-C,68478.22,buy,0.3,,,0.3,,
32,322221831,2024-10-25 14:16:32,1,0.0215,0.02155871,58.28,BTC-31JAN25-100000-C,68489.28,buy,0.2,,,0.2,,
33,322225614,2024-10-25 14:35:38,0,0.022,0.02171396,58.63,BTC-31JAN25-100000-C,68512.24,sell,0.1,,,0.1,,
34,322232414,2024-10-25 15:25:09,1,0.022,0.0215178,58.94,BTC-31JAN25-100000-C,68332.34,buy,0.1,,,0.1,,
35,322233350,2024-10-25 15:35:46,2,0.021,0.02148743,58.21,BTC-31JAN25-100000-C,68282.93,sell,0.1,,,0.1,,
36,322238344,2024-10-25 15:52:57,2,0.0205,0.02015141,59.03,BTC-31JAN25-100000-C,67537.07,sell,0.1,,,0.1,,
37,322240493,2024-10-25 15:59:34,3,0.0205,0.02049162,58.77,BTC-31JAN25-100000-C,67696.05,buy,0.1,,,0.1,,
38,322241056,2024-10-25 16:00:56,3,0.0205,0.02011928,59.05,BTC-31JAN25-100000-C,67528.81,buy,0.1,,,0.1,,
39,322242489,2024-10-25 16:06:00,2,0.02,0.02007427,58.66,BTC-31JAN25-100000-C,67490.53,buy,0.1,,,0.1,,
40,322243569,2024-10-25 16:10:05,0,0.0205,0.02012613,59.05,BTC-31JAN25-100000-C,67511.24,buy,0.1,,,0.1,,
41,322243706,2024-10-25 16:10:32,1,0.0205,0.02018792,59.0,BTC-31JAN25-100000-C,67544.25,buy,0.1,,,0.1,,
42,322244094,2024-10-25 16:11:42,1,0.0205,0.02050647,58.73,BTC-31JAN25-100000-C,67705.55,buy,0.1,,,0.1,,
43,322247083,2024-10-25 16:31:06,1,0.0205,0.02015957,59.07,BTC-31JAN25-100000-C,67514.84,buy,0.1,,,0.1,,
44,322255395,2024-10-25 17:31:30,2,0.02,0.02012842,58.79,BTC-31JAN25-100000-C,67433.94,buy,0.1,,,0.1,,
45,322258015,2024-10-25 17:52:30,0,0.0205,0.02015733,59.26,BTC-31JAN25-100000-C,67400.28,sell,0.1,,,0.1,,
46,322296915,2024-10-25 19:23:59,2,0.02,0.0199269,59.93,BTC-31JAN25-100000-C,66729.02,buy,0.1,,,0.1,,
47,322354067,2024-10-26 05:50:25,2,0.0195,0.01993213,59.15,BTC-31JAN25-100000-C,67065.18,sell,1.7,,,1.7,,
48,322354068,2024-10-26 05:50:25,3,0.0195,0.01993213,59.15,BTC-31JAN25-100000-C,67065.18,buy,12.3,,,12.3,,
49,322354069,2024-10-26 05:50:32,3,0.0195,0.01992243,59.15,BTC-31JAN25-100000-C,67062.72,buy,0.1,,,0.1,,
50,322354070,2024-10-26 05:50:32,3,0.0195,0.01992243,59.15,BTC-31JAN25-100000-C,67062.72,buy,0.1,,,0.1,,
51,322354071,2024-10-26 05:50:32,3,0.0195,0.01992243,59.15,BTC-31JAN25-100000-C,67062.72,buy,0.1,,,0.1,,
52,322354072,2024-10-26 05:50:42,3,0.0195,0.01992121,59.14,BTC-31JAN25-100000-C,67069.26,buy,2.0,,,2.0,,
53,322354073,2024-10-26 05:50:42,3,0.0195,0.01992121,59.14,BTC-31JAN25-100000-C,67069.26,buy,0.4,,,0.4,,
54,322354074,2024-10-26 05:50:44,3,0.0195,0.01991773,59.14,BTC-31JAN25-100000-C,67069.26,buy,2.0,,,2.0,,
55,322354075,2024-10-26 05:50:44,3,0.0195,0.01991773,59.14,BTC-31JAN25-100000-C,67069.26,buy,0.4,,,0.4,,
56,322364456,2024-10-26 10:38:25,2,0.0175,0.01822181,57.46,BTC-31JAN25-100000-C,67035.83,sell,2.6,,,2.6,,
57,322364457,2024-10-26 10:38:25,3,0.0175,0.01822181,57.46,BTC-31JAN25-100000-C,67035.83,buy,7.4,,,7.4,,
58,322366032,2024-10-26 11:18:37,2,0.017,0.01751576,57.1,BTC-31JAN25-100000-C,66993.47,buy,5.0,,,5.0,,
59,322366033,2024-10-26 11:18:39,3,0.017,0.01751253,57.1,BTC-31JAN25-100000-C,66992.68,buy,5.0,,,5.0,,
60,322370174,2024-10-26 13:48:26,2,0.016,0.01679529,56.39,BTC-31JAN25-100000-C,66867.34,sell,10.0,,,10.0,,
61,322371130,2024-10-26 14:14:03,3,0.016,0.01626251,56.5,BTC-31JAN25-100000-C,66790.98,sell,12.5,,,12.5,,
62,322371131,2024-10-26 14:14:03,3,0.016,0.01626251,56.5,BTC-31JAN25-100000-C,66790.98,sell,3.0,,,3.0,,
63,322371132,2024-10-26 14:14:03,3,0.016,0.01626251,56.5,BTC-31JAN25-100000-C,66790.98,buy,9.0,,,9.0,,
64,322371133,2024-10-26 14:14:03,3,0.016,0.01626251,56.5,BTC-31JAN25-100000-C,66790.98,buy,0.5,,,0.5,,
65,322371528,2024-10-26 14:19:17,2,0.0155,0.01604392,56.13,BTC-31JAN25-100000-C,66730.94,sell,23.1,,,23.1,,
66,322371529,2024-10-26 14:19:17,3,0.0155,0.01604392,56.13,BTC-31JAN25-100000-C,66730.94,sell,2.8,,,2.8,,
67,322371530,2024-10-26 14:19:17,3,0.0155,0.01604392,56.13,BTC-31JAN25-100000-C,66730.94,sell,12.6,,,12.6,,
68,322371531,2024-10-26 14:19:17,3,0.0155,0.01604392,56.13,BTC-31JAN25-100000-C,66730.94,sell,4.0,,,4.0,,
69,322371532,2024-10-26 14:19:17,3,0.0155,0.01604392,56.13,BTC-31JAN25-100000-C,66730.94,sell,5.8,,,5.8,,
70,322371533,2024-10-26 14:19:17,3,0.0155,0.01604392,56.13,BTC-31JAN25-100000-C,66730.94,buy,1.7,,,1.7,,
71,322371573,2024-10-26 14:20:01,3,0.0155,0.0160489,56.11,BTC-31JAN25-100000-C,66746.13,sell,17.0,,,17.0,,
72,322371574,2024-10-26 14:20:01,3,0.0155,0.0160489,56.11,BTC-31JAN25-100000-C,66746.13,sell,2.8,,,2.8,,
73,322371575,2024-10-26 14:20:01,3,0.0155,0.0160489,56.11,BTC-31JAN25-100000-C,66746.13,sell,5.0,,,5.0,,
74,322371576,2024-10-26 14:20:01,3,0.0155,0.0160489,56.11,BTC-31JAN25-100000-C,66746.13,sell,23.6,,,23.6,,
75,322371577,2024-10-26 14:20:01,3,0.0155,0.0160489,56.11,BTC-31JAN25-100000-C,66746.13,sell,1.6,,,1.6,,
76,322408662,2024-10-27 09:08:57,0,0.017,0.0168022,57.27,BTC-31JAN25-100000-C,67077.16,buy,1.0,,,1.0,,
77,322436166,2024-10-27 21:36:18,0,0.02,0.01897641,58.75,BTC-31JAN25-100000-C,67831.93,buy,12.7,,,12.7,,
78,322436167,2024-10-27 21:36:18,1,0.02,0.01897641,58.75,BTC-31JAN25-100000-C,67831.93,buy,11.0,,,11.0,,
79,322436168,2024-10-27 21:36:18,1,0.02,0.01897641,58.75,BTC-31JAN25-100000-C,67831.93,buy,1.3,,,1.3,,
80,322436186,2024-10-27 21:36:26,2,0.0195,0.0189757,58.33,BTC-31JAN25-100000-C,67822.59,sell,5.0,,,5.0,,
81,322455533,2024-10-28 03:06:49,2,0.019,0.01899424,57.99,BTC-31JAN25-100000-C,67810.58,buy,0.9,,,0.9,,
82,322455535,2024-10-28 03:07:01,3,0.019,0.01899636,57.99,BTC-31JAN25-100000-C,67811.56,buy,0.1,,,0.1,,
83,322471288,2024-10-28 07:40:00,3,0.019,0.01949237,56.99,BTC-31JAN25-100000-C,68440.79,sell,5.0,,,5.0,,
84,322492660,2024-10-28 12:18:22,0,0.0205,0.02019029,57.85,BTC-31JAN25-100000-C,68690.13,sell,0.1,,,0.1,,
85,322513185,2024-10-28 14:39:14,1,0.0205,0.02076083,57.75,BTC-31JAN25-100000-C,68771.53,buy,2.0,,,2.0,,
86,322562033,2024-10-28 20:27:16,0,0.022,0.02255356,58.01,BTC-31JAN25-100000-C,69464.97,sell,1.0,,,1.0,,
87,322640265,2024-10-29 07:16:44,0,0.0245,0.02515804,57.52,BTC-31JAN25-100000-C,70939.21,sell,0.1,,,0.1,,
88,322644501,2024-10-29 07:58:27,0,0.025,0.02525106,57.88,BTC-31JAN25-100000-C,70907.0,buy,1.0,,,1.0,,
89,322644615,2024-10-29 07:59:23,1,0.025,0.0252611,57.86,BTC-31JAN25-100000-C,70921.42,buy,1.0,,,1.0,,
90,322644624,2024-10-29 07:59:28,1,0.025,0.02526238,57.86,BTC-31JAN25-100000-C,70921.53,buy,1.0,,,1.0,,
91,322649315,2024-10-29 08:45:07,0,0.026,0.02572172,58.24,BTC-31JAN25-100000-C,71150.08,buy,0.1,,,0.1,,
92,322667282,2024-10-29 11:55:55,1,0.026,0.02678211,57.87,BTC-31JAN25-100000-C,71424.7,sell,0.1,,,0.1,,
93,322703246,2024-10-29 15:00:59,0,0.0278,0.02755733,58.74,BTC-31JAN25-100000-C,71740.16,sell,10.0,,164254,10.0,,
94,322724533,2024-10-29 16:10:26,0,0.0295,0.02960819,58.47,BTC-31JAN25-100000-C,72597.56,buy,1.0,,,1.0,,
95,322746256,2024-10-29 17:34:01,1,0.0295,0.03033694,57.86,BTC-31JAN25-100000-C,72960.21,sell,0.2,,,0.2,,
96,322746257,2024-10-29 17:34:01,1,0.0295,0.03033694,57.86,BTC-31JAN25-100000-C,72960.21,sell,1.8,,,1.8,,
97,322746962,2024-10-29 17:37:57,0,0.0305,0.0300393,58.71,BTC-31JAN25-100000-C,72865.86,buy,1.0,,,1.0,,
98,322748750,2024-10-29 17:47:39,2,0.029,0.02947706,58.18,BTC-31JAN25-100000-C,72551.37,sell,0.1,,,0.1,,
99,322795146,2024-10-29 21:16:56,3,0.029,0.02947195,58.2,BTC-31JAN25-100000-C,72504.01,sell,0.5,,,0.5,,
100,322795242,2024-10-29 21:17:36,3,0.029,0.02965785,58.07,BTC-31JAN25-100000-C,72577.56,sell,0.5,,,0.5,,
101,322840797,2024-10-30 08:01:53,2,0.0265,0.02674799,56.97,BTC-31JAN25-100000-C,72246.96,buy,1.0,,,1.0,,
102,322866069,2024-10-30 12:31:04,3,0.0265,0.02577626,57.56,BTC-31JAN25-100000-C,71914.95,buy,8.9,,,8.9,,
103,322866070,2024-10-30 12:31:04,3,0.0265,0.02577626,57.56,BTC-31JAN25-100000-C,71914.95,buy,2.0,,,2.0,,
104,322866071,2024-10-30 12:31:04,3,0.0265,0.02577626,57.56,BTC-31JAN25-100000-C,71914.95,buy,1.0,,,1.0,,
105,322866072,2024-10-30 12:31:04,3,0.0265,0.02577626,57.56,BTC-31JAN25-100000-C,71914.95,buy,5.9,,,5.9,,
106,322866073,2024-10-30 12:31:04,3,0.0265,0.02577626,57.56,BTC-31JAN25-100000-C,71914.95,buy,7.0,,,7.0,,
107,322866074,2024-10-30 12:31:04,3,0.0265,0.02577626,57.56,BTC-31JAN25-100000-C,71914.95,sell,0.2,,,0.2,,
108,322898302,2024-10-30 16:04:22,3,0.0265,0.02673548,57.57,BTC-31JAN25-100000-C,71976.22,sell,2.0,,,2.0,,
109,322919807,2024-10-30 19:47:51,2,0.026,0.0258136,57.38,BTC-31JAN25-100000-C,71960.38,buy,0.6,,,0.6,,
110,322919813,2024-10-30 19:48:01,3,0.026,0.02581331,57.38,BTC-31JAN25-100000-C,71960.88,buy,0.6,,,0.6,,
111,322922088,2024-10-30 20:02:14,3,0.026,0.02594215,57.27,BTC-31JAN25-100000-C,72028.93,buy,6.8,,,6.8,,
112,322965363,2024-10-31 04:56:23,3,0.026,0.0266348,57.11,BTC-31JAN25-100000-C,72261.91,sell,1.0,,,1.0,,
113,322965364,2024-10-31 04:56:23,3,0.026,0.0266348,57.11,BTC-31JAN25-100000-C,72261.91,sell,2.2,,,2.2,,
114,322965365,2024-10-31 04:56:23,3,0.026,0.0266348,57.11,BTC-31JAN25-100000-C,72261.91,sell,0.1,,,0.1,,
115,322965366,2024-10-31 04:56:23,3,0.026,0.0266348,57.11,BTC-31JAN25-100000-C,72261.91,sell,0.4,,,0.4,,
116,322990544,2024-10-31 11:45:21,0,0.027,0.02693392,57.98,BTC-31JAN25-100000-C,72242.81,sell,1.0,,,1.0,,
117,322994005,2024-10-31 12:37:08,1,0.027,0.0265159,58.06,BTC-31JAN25-100000-C,72191.44,buy,0.5,,,0.5,,
118,322994036,2024-10-31 12:37:38,1,0.027,0.02658448,58.02,BTC-31JAN25-100000-C,72215.35,buy,0.5,,,0.5,,
119,323149477,2024-11-01 03:45:58,2,0.0205,0.02083208,58.08,BTC-31JAN25-100000-C,69366.64,sell,0.1,,,0.1,,
120,323149478,2024-11-01 03:45:58,3,0.0205,0.02083208,58.08,BTC-31JAN25-100000-C,69366.64,sell,3.4,,,3.4,,
121,323149479,2024-11-01 03:45:58,3,0.0205,0.02083208,58.08,BTC-31JAN25-100000-C,69366.64,sell,1.0,,,1.0,,
122,323149480,2024-11-01 03:45:58,3,0.0205,0.02083208,58.08,BTC-31JAN25-100000-C,69366.64,buy,5.5,,,5.5,,
123,323265344,2024-11-01 15:05:36,0,0.024,0.02365814,58.06,BTC-31JAN25-100000-C,71097.62,buy,1.4,,,1.4,,
124,323265352,2024-11-01 15:05:39,1,0.024,0.02365428,58.06,BTC-31JAN25-100000-C,71091.21,buy,3.7,,,3.7,,
125,323341938,2024-11-01 21:45:38,2,0.0195,0.02030652,58.14,BTC-31JAN25-100000-C,68924.62,sell,0.7,,,0.7,,
126,323341939,2024-11-01 21:45:38,3,0.0195,0.02030652,58.14,BTC-31JAN25-100000-C,68924.62,sell,4.3,,,4.3,,
127,323379924,2024-11-02 13:15:02,0,0.0205,0.02118053,58.59,BTC-31JAN25-100000-C,69509.04,sell,0.1,,,0.1,,
128,323408262,2024-11-02 16:48:11,2,0.02,0.02052462,58.2,BTC-31JAN25-100000-C,69533.65,sell,0.1,,,0.1,,
129,323408451,2024-11-02 16:50:40,0,0.0205,0.02059082,58.56,BTC-31JAN25-100000-C,69573.98,buy,0.1,,,0.1,,
130,323731994,2024-11-05 06:00:18,1,0.0205,0.02019881,60.9,BTC-31JAN25-100000-C,68727.69,buy,1.0,,,1.0,,
131,323731995,2024-11-05 06:00:18,1,0.0205,0.02019881,60.9,BTC-31JAN25-100000-C,68727.69,sell,9.7,,,9.7,,
132,323731996,2024-11-05 06:00:18,1,0.0205,0.02019881,60.9,BTC-31JAN25-100000-C,68727.69,sell,0.1,,,0.1,,
133,323749377,2024-11-05 09:20:18,0,0.0211,0.02095863,61.1,BTC-31JAN25-100000-C,68907.11,buy,10.0,,165354,10.0,,
134,323849829,2024-11-05 20:54:22,0,0.022,0.02245821,61.14,BTC-31JAN25-100000-C,69502.95,sell,4.0,,,4.0,,
135,323849988,2024-11-05 20:56:02,1,0.022,0.02243125,61.18,BTC-31JAN25-100000-C,69477.48,sell,1.0,,,1.0,,
136,323849989,2024-11-05 20:56:02,1,0.022,0.02243125,61.18,BTC-31JAN25-100000-C,69477.48,sell,1.5,,,1.5,,
137,323849990,2024-11-05 20:56:02,1,0.022,0.02243125,61.18,BTC-31JAN25-100000-C,69477.48,sell,0.5,,,0.5,,
138,323899756,2024-11-06 01:17:24,0,0.023,0.02367082,59.65,BTC-31JAN25-100000-C,70808.61,sell,0.4,,,0.4,,
139,323919553,2024-11-06 02:16:02,0,0.0235,0.023949,58.68,BTC-31JAN25-100000-C,71632.45,buy,0.1,,,0.1,,
140,323948588,2024-11-06 02:57:33,0,0.0265,0.02690302,58.34,BTC-31JAN25-100000-C,73174.11,buy,0.5,,,0.5,,
141,323959501,2024-11-06 03:06:38,0,0.029,0.02922982,58.61,BTC-31JAN25-100000-C,74207.1,buy,0.1,,,0.1,,
142,323988820,2024-11-06 03:27:34,2,0.027,0.02761164,57.55,BTC-31JAN25-100000-C,73918.46,sell,0.1,,,0.1,,
143,323990461,2024-11-06 03:29:55,0,0.028,0.02761429,58.26,BTC-31JAN25-100000-C,73934.8,buy,1.2,,,1.2,,
144,323990462,2024-11-06 03:29:55,1,0.028,0.02761429,58.26,BTC-31JAN25-100000-C,73934.8,buy,0.8,,,0.8,,
145,324012415,2024-11-06 04:14:23,2,0.0275,0.02774461,57.18,BTC-31JAN25-100000-C,74326.06,buy,0.1,,,0.1,,
146,324149428,2024-11-06 09:49:29,0,0.028,0.0278053,58.17,BTC-31JAN25-100000-C,73802.3,sell,0.5,,,0.5,,
147,324215895,2024-11-06 14:38:29,1,0.028,0.02796146,56.95,BTC-31JAN25-100000-C,74612.4,buy,0.2,,,0.2,,
148,324246885,2024-11-06 16:06:14,1,0.028,0.02718014,57.53,BTC-31JAN25-100000-C,74383.48,buy,0.5,,,0.5,,
149,324270565,2024-11-06 18:41:26,0,0.029,0.02900941,57.22,BTC-31JAN25-100000-C,75015.75,buy,0.4,,,0.4,,
150,324270566,2024-11-06 18:41:26,1,0.029,0.02900941,57.22,BTC-31JAN25-100000-C,75015.75,buy,24.8,,,24.8,,
151,324270567,2024-11-06 18:41:26,1,0.029,0.02900941,57.22,BTC-31JAN25-100000-C,75015.75,buy,1.8,,,1.8,,
152,324270568,2024-11-06 18:41:26,1,0.029,0.02900941,57.22,BTC-31JAN25-100000-C,75015.75,buy,0.6,,,0.6,,
153,324270569,2024-11-06 18:41:26,1,0.029,0.02900941,57.22,BTC-31JAN25-100000-C,75015.75,buy,0.2,,,0.2,,
154,324270570,2024-11-06 18:41:26,1,0.029,0.02900941,57.22,BTC-31JAN25-100000-C,75015.75,buy,72.2,,,72.2,,
155,324270695,2024-11-06 18:42:19,1,0.029,0.02907516,57.14,BTC-31JAN25-100000-C,75043.97,buy,10.0,,,10.0,,
156,324271253,2024-11-06 18:48:51,1,0.029,0.02892303,57.12,BTC-31JAN25-100000-C,75060.1,buy,78.4,,,78.4,,
157,324271254,2024-11-06 18:48:51,1,0.029,0.02892303,57.12,BTC-31JAN25-100000-C,75060.1,buy,0.5,,,0.5,,
158,324271255,2024-11-06 18:48:51,1,0.029,0.02892303,57.12,BTC-31JAN25-100000-C,75060.1,buy,0.3,,,0.3,,
159,324271256,2024-11-06 18:48:51,1,0.029,0.02892303,57.12,BTC-31JAN25-100000-C,75060.1,buy,0.8,,,0.8,,
160,324271257,2024-11-06 18:48:51,1,0.029,0.02892303,57.12,BTC-31JAN25-100000-C,75060.1,buy,0.8,,,0.8,,
161,324271258,2024-11-06 18:48:51,1,0.029,0.02892303,57.12,BTC-31JAN25-100000-C,75060.1,buy,0.2,,,0.2,,
162,324271259,2024-11-06 18:48:51,1,0.029,0.02892303,57.12,BTC-31JAN25-100000-C,75060.1,buy,0.1,,,0.1,,
163,324271260,2024-11-06 18:48:51,1,0.029,0.02892303,57.12,BTC-31JAN25-100000-C,75060.1,buy,8.5,,,8.5,,
164,324271261,2024-11-06 18:48:51,1,0.029,0.02892303,57.12,BTC-31JAN25-100000-C,75060.1,buy,1.5,,,1.5,,
165,324271262,2024-11-06 18:48:51,1,0.029,0.02892303,57.12,BTC-31JAN25-100000-C,75060.1,buy,0.8,,,0.8,,
166,324271263,2024-11-06 18:48:51,1,0.029,0.02892303,57.12,BTC-31JAN25-100000-C,75060.1,buy,0.2,,,0.2,,
167,324271264,2024-11-06 18:48:51,1,0.029,0.02892303,57.12,BTC-31JAN25-100000-C,75060.1,buy,7.6,,,7.6,,
168,324271265,2024-11-06 18:48:51,1,0.029,0.02892303,57.12,BTC-31JAN25-100000-C,75060.1,buy,0.3,,,0.3,,
169,324271270,2024-11-06 18:48:53,1,0.029,0.02893024,57.12,BTC-31JAN25-100000-C,75061.88,buy,1.9,,,1.9,,
170,324271271,2024-11-06 18:48:53,1,0.029,0.02893024,57.12,BTC-31JAN25-100000-C,75061.88,buy,0.7,,,0.7,,
171,324271272,2024-11-06 18:48:53,1,0.029,0.02893024,57.12,BTC-31JAN25-100000-C,75061.88,buy,0.1,,,0.1,,
172,324331850,2024-11-07 00:25:40,1,0.029,0.02959511,56.72,BTC-31JAN25-100000-C,75313.8,sell,0.1,,,0.1,,
173,324331851,2024-11-07 00:25:40,1,0.029,0.02959511,56.72,BTC-31JAN25-100000-C,75313.8,sell,3.7,,,3.7,,
174,324364045,2024-11-07 04:18:19,2,0.027,0.02700608,55.87,BTC-31JAN25-100000-C,74890.04,sell,0.1,,,0.1,,
175,324382515,2024-11-07 06:45:17,2,0.026,0.0262613,55.69,BTC-31JAN25-100000-C,74618.26,buy,1.0,,,1.0,,
176,324382852,2024-11-07 06:47:37,2,0.0255,0.02598629,55.5,BTC-31JAN25-100000-C,74518.15,buy,1.5,,,1.5,,
177,324445289,2024-11-07 15:18:05,0,0.027,0.02741663,55.15,BTC-31JAN25-100000-C,75433.23,sell,1.0,,,1.0,,
178,324445321,2024-11-07 15:18:08,1,0.027,0.0274374,55.15,BTC-31JAN25-100000-C,75441.93,sell,1.0,,,1.0,,
179,324445447,2024-11-07 15:18:11,1,0.027,0.02746563,55.11,BTC-31JAN25-100000-C,75459.58,sell,1.0,,,1.0,,
180,324446002,2024-11-07 15:19:45,1,0.027,0.02732791,55.2,BTC-31JAN25-100000-C,75409.7,buy,1.0,,,1.0,,
181,324446025,2024-11-07 15:19:51,1,0.027,0.02730139,55.22,BTC-31JAN25-100000-C,75405.53,buy,1.0,,,1.0,,
182,324446048,2024-11-07 15:19:53,1,0.027,0.02732336,55.22,BTC-31JAN25-100000-C,75429.22,buy,1.0,,,1.0,,
183,324484764,2024-11-07 17:44:19,0,0.0295,0.02989908,55.19,BTC-31JAN25-100000-C,76342.83,buy,0.1,,,0.1,,
184,324485576,2024-11-07 17:50:19,0,0.03,0.0300665,55.4,BTC-31JAN25-100000-C,76446.66,buy,0.1,,,0.1,,
185,324519550,2024-11-07 19:36:06,2,0.0295,0.02960358,55.38,BTC-31JAN25-100000-C,76335.97,buy,0.1,,,0.1,,
186,324542057,2024-11-07 21:09:51,0,0.031,0.0306619,55.84,BTC-31JAN25-100000-C,76659.52,buy,0.6,,,0.6,,
187,324549360,2024-11-07 21:43:33,2,0.0285,0.02934365,54.92,BTC-31JAN25-100000-C,76191.53,sell,0.7,,,0.7,,
188,324549361,2024-11-07 21:43:33,3,0.0285,0.02934365,54.92,BTC-31JAN25-100000-C,76191.53,sell,0.3,,,0.3,,
189,324570848,2024-11-08 00:28:40,0,0.029,0.02917102,55.04,BTC-31JAN25-100000-C,76351.31,buy,0.1,,,0.1,,
190,324570849,2024-11-08 00:28:40,1,0.029,0.02917102,55.04,BTC-31JAN25-100000-C,76351.31,buy,0.1,,,0.1,,
191,324572096,2024-11-08 00:36:20,1,0.029,0.02915083,55.03,BTC-31JAN25-100000-C,76347.65,buy,0.1,,,0.1,,
192,324572099,2024-11-08 00:36:20,1,0.029,0.02915083,55.03,BTC-31JAN25-100000-C,76347.65,buy,0.7,,,0.7,,
193,324596234,2024-11-08 04:41:45,2,0.028,0.02794096,54.98,BTC-31JAN25-100000-C,76034.43,sell,8.2,,,8.2,,
194,324599366,2024-11-08 05:15:48,0,0.0285,0.02801721,55.32,BTC-31JAN25-100000-C,76027.33,buy,2.0,,,2.0,,
195,324599367,2024-11-08 05:15:48,1,0.0285,0.02801721,55.32,BTC-31JAN25-100000-C,76027.33,buy,1.9,,,1.9,,
196,324599368,2024-11-08 05:15:48,1,0.0285,0.02801721,55.32,BTC-31JAN25-100000-C,76027.33,sell,8.2,,,8.2,,
197,324599369,2024-11-08 05:15:48,1,0.0285,0.02801721,55.32,BTC-31JAN25-100000-C,76027.33,sell,0.1,,,0.1,,
198,324599370,2024-11-08 05:15:48,1,0.0285,0.02801721,55.32,BTC-31JAN25-100000-C,76027.33,sell,7.8,,,7.8,,
199,324599380,2024-11-08 05:15:55,1,0.0285,0.02801871,55.32,BTC-31JAN25-100000-C,76027.04,sell,10.0,,,10.0,,
200,324606487,2024-11-08 06:43:13,2,0.0275,0.02797746,54.69,BTC-31JAN25-100000-C,75958.22,sell,1.0,,,1.0,,
201,324610056,2024-11-08 07:14:22,3,0.0275,0.02760811,54.92,BTC-31JAN25-100000-C,75831.01,buy,2.0,,,2.0,,
202,324618638,2024-11-08 07:40:20,0,0.028,0.02813,54.63,BTC-31JAN25-100000-C,76231.41,buy,0.1,,,0.1,,
203,324646844,2024-11-08 08:54:54,2,0.025,0.02585891,53.07,BTC-31JAN25-100000-C,75887.51,sell,0.1,,,0.1,,
204,324651941,2024-11-08 09:23:43,3,0.025,0.0255229,52.78,BTC-31JAN25-100000-C,76099.07,sell,0.1,,,0.1,,
205,324657861,2024-11-08 10:10:06,2,0.0245,0.02500384,52.76,BTC-31JAN25-100000-C,75917.79,sell,0.1,,,0.1,,
206,324662930,2024-11-08 10:53:55,0,0.0255,0.02574886,53.01,BTC-31JAN25-100000-C,76201.54,buy,1.3,,,1.3,,
207,324662932,2024-11-08 10:53:55,1,0.0255,0.02574886,53.01,BTC-31JAN25-100000-C,76201.54,buy,1.6,,,1.6,,
208,324666593,2024-11-08 11:21:04,0,0.026,0.02596559,53.24,BTC-31JAN25-100000-C,76278.43,buy,0.2,,,0.2,,
209,324666594,2024-11-08 11:21:04,1,0.026,0.02596559,53.24,BTC-31JAN25-100000-C,76278.43,buy,4.8,,,4.8,,
210,324668613,2024-11-08 11:48:13,2,0.025,0.02549701,52.67,BTC-31JAN25-100000-C,76170.25,sell,1.0,,,1.0,,
211,324680703,2024-11-08 13:51:06,0,0.026,0.02607407,53.33,BTC-31JAN25-100000-C,76200.13,buy,0.3,,,0.3,,
212,324680708,2024-11-08 13:51:06,1,0.026,0.02607488,53.33,BTC-31JAN25-100000-C,76199.91,buy,1.7,,,1.7,,
213,324680709,2024-11-08 13:51:06,1,0.026,0.02607488,53.33,BTC-31JAN25-100000-C,76199.91,buy,0.2,,,0.2,,
214,324682851,2024-11-08 14:07:53,2,0.0255,0.02616829,52.8,BTC-31JAN25-100000-C,76311.75,sell,1.0,,,1.0,,
215,324686003,2024-11-08 14:25:36,0,0.0265,0.02610433,53.74,BTC-31JAN25-100000-C,76162.69,buy,1.0,,,1.0,,
216,324688089,2024-11-08 14:38:22,2,0.026,0.02588547,53.53,BTC-31JAN25-100000-C,76084.81,sell,0.3,,,0.3,,
217,324704010,2024-11-08 15:37:49,0,0.027,0.02698866,53.53,BTC-31JAN25-100000-C,76462.51,buy,0.1,,,0.1,,
218,324712672,2024-11-08 16:23:07,2,0.0265,0.02711961,53.41,BTC-31JAN25-100000-C,76350.15,sell,1.0,,,1.0,,
219,324734226,2024-11-08 18:38:43,0,0.0285,0.02850578,53.85,BTC-31JAN25-100000-C,76965.49,buy,0.1,,,0.1,,
220,324740097,2024-11-08 19:05:38,2,0.0282,0.02835166,53.71,BTC-31JAN25-100000-C,76916.04,buy,8.6,BTC-CSR12-31JAN25-90000_100000,,8.6,324740096,
221,324740113,2024-11-08 19:05:44,3,0.0282,0.02834972,53.69,BTC-31JAN25-100000-C,76913.41,buy,2.8,BTC-CSR12-31JAN25-90000_100000,,2.8,324740112,
222,324740263,2024-11-08 19:06:09,0,0.0283,0.02843151,53.72,BTC-31JAN25-100000-C,76944.32,buy,8.6,BTC-CSR12-31JAN25-90000_100000,,8.6,324740262,
223,324765767,2024-11-08 21:41:01,2,0.027,0.02711183,53.58,BTC-31JAN25-100000-C,76578.89,buy,0.1,,,0.1,,
224,324774627,2024-11-08 23:40:30,2,0.0265,0.0265103,53.5,BTC-31JAN25-100000-C,76436.48,buy,0.1,,,0.1,,
225,324783544,2024-11-09 02:43:30,2,0.026,0.02625981,53.48,BTC-31JAN25-100000-C,76264.62,buy,0.1,,,0.1,,
226,324801274,2024-11-09 08:20:24,3,0.026,0.02682787,52.9,BTC-31JAN25-100000-C,76608.28,sell,0.3,,,0.3,,
227,324811415,2024-11-09 13:16:20,3,0.026,0.02677945,53.31,BTC-31JAN25-100000-C,76387.27,sell,0.5,,,0.5,,
228,324836425,2024-11-09 23:04:34,0,0.027,0.02681252,53.72,BTC-31JAN25-100000-C,76626.56,buy,1.0,,,1.0,,
229,324851297,2024-11-10 01:50:30,1,0.027,0.02732235,53.46,BTC-31JAN25-100000-C,76806.47,buy,0.1,,,0.1,,
230,324927270,2024-11-10 05:58:08,0,0.0345,0.03492308,54.14,BTC-31JAN25-100000-C,79213.75,sell,2.0,,,2.0,,
231,324929943,2024-11-10 06:05:42,2,0.034,0.03450433,54.2,BTC-31JAN25-100000-C,79029.36,buy,0.1,,,0.1,,
232,324938622,2024-11-10 06:43:29,2,0.0325,0.03353007,53.5,BTC-31JAN25-100000-C,78816.84,sell,1.0,,,1.0,,
233,324950140,2024-11-10 07:53:05,2,0.0316,0.03210107,52.93,BTC-31JAN25-100000-C,78867.91,sell,100.0,BTC-CBUT-31JAN25-80000_100000_130000,166654,100.0,,
234,324967361,2024-11-10 09:50:24,0,0.034,0.03359912,53.35,BTC-31JAN25-100000-C,79482.65,sell,4.0,,,4.0,,
235,324972153,2024-11-10 10:32:46,2,0.0335,0.03351719,53.15,BTC-31JAN25-100000-C,79403.28,sell,3.0,,,3.0,,
236,324979476,2024-11-10 11:07:19,0,0.034,0.03354934,53.06,BTC-31JAN25-100000-C,79633.21,sell,0.1,,,0.1,,
237,324988299,2024-11-10 11:45:01,0,0.035,0.03477266,53.12,BTC-31JAN25-100000-C,79926.31,sell,7.0,,,7.0,,
238,324988473,2024-11-10 11:45:38,2,0.0345,0.03474997,52.81,BTC-31JAN25-100000-C,79927.16,sell,7.8,,,7.8,,
239,324988474,2024-11-10 11:45:38,3,0.0345,0.03474997,52.81,BTC-31JAN25-100000-C,79927.16,sell,0.1,,,0.1,,
240,324988475,2024-11-10 11:45:38,3,0.0345,0.03474997,52.81,BTC-31JAN25-100000-C,79927.16,buy,0.1,,,0.1,,
241,324988476,2024-11-10 11:45:38,3,0.0345,0.03474997,52.81,BTC-31JAN25-100000-C,79927.16,buy,7.8,,,7.8,,
242,324988477,2024-11-10 11:45:38,3,0.0345,0.03474997,52.81,BTC-31JAN25-100000-C,79927.16,buy,0.8,,,0.8,,
243,324988478,2024-11-10 11:45:38,3,0.0345,0.03474997,52.81,BTC-31JAN25-100000-C,79927.16,buy,3.4,,,3.4,,
244,325013008,2024-11-10 14:03:34,0,0.035,0.03433764,53.53,BTC-31JAN25-100000-C,79709.83,buy,1.2,,,1.2,,
245,325013009,2024-11-10 14:03:34,1,0.035,0.03433764,53.53,BTC-31JAN25-100000-C,79709.83,buy,4.7,,,4.7,,
246,325020697,2024-11-10 14:51:05,2,0.0335,0.03379205,53.06,BTC-31JAN25-100000-C,79431.49,buy,0.2,,,0.2,,
247,325026638,2024-11-10 15:42:21,0,0.034,0.03456804,52.74,BTC-31JAN25-100000-C,79765.86,sell,0.1,,,0.1,,
248,325031015,2024-11-10 16:26:01,1,0.034,0.03416946,52.91,BTC-31JAN25-100000-C,79675.93,buy,1.0,,,1.0,,
249,325048790,2024-11-10 18:01:22,0,0.037,0.03654197,53.26,BTC-31JAN25-100000-C,80473.29,buy,1.0,,,1.0,,
250,325048791,2024-11-10 18:01:22,1,0.037,0.03654197,53.26,BTC-31JAN25-100000-C,80473.29,buy,1.0,,,1.0,,
251,325048792,2024-11-10 18:01:22,1,0.037,0.03654197,53.26,BTC-31JAN25-100000-C,80473.29,sell,7.7,,,7.7,,
252,325048793,2024-11-10 18:01:22,1,0.037,0.03654197,53.26,BTC-31JAN25-100000-C,80473.29,sell,0.1,,,0.1,,
253,325048796,2024-11-10 18:01:24,1,0.037,0.03654416,53.26,BTC-31JAN25-100000-C,80474.35,sell,0.2,,,0.2,,
254,325056608,2024-11-10 18:22:18,0,0.038,0.03749184,53.2,BTC-31JAN25-100000-C,80870.8,buy,0.9,,,0.9,,
255,325056609,2024-11-10 18:22:18,1,0.038,0.03749184,53.2,BTC-31JAN25-100000-C,80870.8,buy,3.0,,,3.0,,
256,325056610,2024-11-10 18:22:18,1,0.038,0.03749184,53.2,BTC-31JAN25-100000-C,80870.8,buy,7.7,,,7.7,,
257,325056611,2024-11-10 18:22:18,1,0.038,0.03749184,53.2,BTC-31JAN25-100000-C,80870.8,sell,0.4,,,0.4,,
258,325070553,2024-11-10 19:33:46,2,0.0365,0.03640348,53.14,BTC-31JAN25-100000-C,80381.3,buy,0.1,,,0.1,,
259,325072462,2024-11-10 19:43:37,2,0.036,0.03582162,53.14,BTC-31JAN25-100000-C,80230.41,sell,0.1,,,0.1,,
260,325078492,2024-11-10 19:59:16,2,0.035,0.03497609,53.33,BTC-31JAN25-100000-C,79765.69,buy,0.2,,,0.2,,
261,325079299,2024-11-10 20:03:14,0,0.0355,0.03540099,53.48,BTC-31JAN25-100000-C,79861.64,buy,0.1,,,0.1,,
262,325103284,2024-11-10 22:17:07,0,0.04,0.03864345,54.62,BTC-31JAN25-100000-C,80833.76,buy,100.0,,166750,100.0,,
263,325104890,2024-11-10 22:21:03,2,0.0398,0.03889157,54.38,BTC-31JAN25-100000-C,80884.53,buy,100.0,,166752,100.0,,
264,325106219,2024-11-10 22:22:39,0,0.0408,0.04030432,54.21,BTC-31JAN25-100000-C,81273.76,buy,100.0,,166753,100.0,,
265,325118272,2024-11-10 22:48:52,2,0.0384,0.037719,54.3,BTC-31JAN25-100000-C,80424.09,buy,25.0,,166754,25.0,,
266,325124668,2024-11-10 23:09:54,2,0.0375,0.03740013,54.12,BTC-31JAN25-100000-C,80263.95,buy,1.0,,,1.0,,
267,325144716,2024-11-11 01:23:10,0,0.038,0.03844308,53.44,BTC-31JAN25-100000-C,80825.55,buy,1.0,,,1.0,,
268,325174861,2024-11-11 03:21:34,0,0.04,0.04057137,53.72,BTC-31JAN25-100000-C,81215.97,sell,0.1,,,0.1,,
269,325174999,2024-11-11 03:22:21,0,0.0405,0.04032609,54.14,BTC-31JAN25-100000-C,81148.39,buy,5.0,,,5.0,,
270,325182710,2024-11-11 03:55:05,0,0.041,0.04152334,53.31,BTC-31JAN25-100000-C,81792.09,buy,0.1,,,0.1,,
271,325183203,2024-11-11 03:57:50,0,0.0415,0.04129009,53.71,BTC-31JAN25-100000-C,81757.56,buy,5.0,,,5.0,,
272,325184113,2024-11-11 04:02:14,1,0.0415,0.04132829,53.64,BTC-31JAN25-100000-C,81769.12,sell,5.0,,,5.0,,
273,325212349,2024-11-11 06:43:16,2,0.0385,0.03834095,53.27,BTC-31JAN25-100000-C,81101.73,sell,0.1,,,0.1,,
274,325216854,2024-11-11 07:12:34,2,0.0375,0.03764559,52.84,BTC-31JAN25-100000-C,81023.28,buy,0.1,,,0.1,,
275,325223676,2024-11-11 07:51:30,0,0.038,0.03777311,52.86,BTC-31JAN25-100000-C,81186.61,buy,0.6,,,0.6,,
276,325233094,2024-11-11 08:28:42,2,0.0375,0.03789794,52.64,BTC-31JAN25-100000-C,81154.96,sell,25.0,,166840,25.0,,
277,325266433,2024-11-11 10:45:07,0,0.0405,0.04029451,52.75,BTC-31JAN25-100000-C,82117.07,sell,0.8,,,0.8,,
278,325287080,2024-11-11 12:37:44,0,0.0415,0.04217781,53.03,BTC-31JAN25-100000-C,82304.7,sell,0.1,,,0.1,,
279,325294163,2024-11-11 13:16:00,2,0.041,0.04110609,53.71,BTC-31JAN25-100000-C,81824.43,sell,5.0,,,5.0,,
280,325294164,2024-11-11 13:16:00,3,0.041,0.04110609,53.71,BTC-31JAN25-100000-C,81824.43,buy,5.0,,,5.0,,
281,325303150,2024-11-11 14:07:04,0,0.042,0.04214984,53.6,BTC-31JAN25-100000-C,82179.26,sell,1.4,,,1.4,,
282,325303151,2024-11-11 14:07:04,1,0.042,0.04214984,53.6,BTC-31JAN25-100000-C,82179.26,buy,0.1,,,0.1,,
283,325305739,2024-11-11 14:24:05,2,0.0405,0.04032849,53.79,BTC-31JAN25-100000-C,81623.01,sell,0.3,,,0.3,,
284,325313064,2024-11-11 14:37:39,0,0.042,0.04260332,53.09,BTC-31JAN25-100000-C,82408.93,sell,0.1,,,0.1,,
285,325313065,2024-11-11 14:37:39,1,0.042,0.04260332,53.09,BTC-31JAN25-100000-C,82408.93,sell,0.9,,,0.9,,
286,325338363,2024-11-11 15:25:45,0,0.047,0.04668865,53.88,BTC-31JAN25-100000-C,83536.96,sell,1.0,,,1.0,,
287,325339282,2024-11-11 15:26:55,0,0.0475,0.04679821,54.2,BTC-31JAN25-100000-C,83561.99,buy,2.7,,,2.7,,
288,325339283,2024-11-11 15:26:55,1,0.0475,0.04679821,54.2,BTC-31JAN25-100000-C,83561.99,sell,7.3,,,7.3,,
289,325341072,2024-11-11 15:30:30,0,0.048,0.04791264,54.05,BTC-31JAN25-100000-C,83798.8,sell,1.0,,,1.0,,
290,325342469,2024-11-11 15:33:33,0,0.049,0.04877899,54.41,BTC-31JAN25-100000-C,84001.61,sell,0.3,,,0.3,,
291,325342523,2024-11-11 15:33:41,1,0.049,0.04870576,54.41,BTC-31JAN25-100000-C,83981.71,sell,0.3,,,0.3,,
292,325343122,2024-11-11 15:34:07,1,0.049,0.04876705,54.16,BTC-31JAN25-100000-C,83999.15,sell,1.9,,,1.9,,
293,325343127,2024-11-11 15:34:07,1,0.049,0.04876705,54.16,BTC-31JAN25-100000-C,83999.15,sell,0.3,,,0.3,,
294,325343152,2024-11-11 15:34:09,1,0.049,0.04879966,54.16,BTC-31JAN25-100000-C,83976.99,sell,0.8,,,0.8,,
295,325343157,2024-11-11 15:34:09,1,0.049,0.04879966,54.16,BTC-31JAN25-100000-C,83976.99,sell,1.3,,,1.3,,
296,325343158,2024-11-11 15:34:09,1,0.049,0.04872553,54.16,BTC-31JAN25-100000-C,83941.11,sell,7.1,,,7.1,,
297,325346949,2024-11-11 15:39:40,0,0.05,0.0493245,54.64,BTC-31JAN25-100000-C,84131.92,sell,5.0,,,5.0,,
298,325348647,2024-11-11 15:42:40,2,0.0485,0.04815335,54.21,BTC-31JAN25-100000-C,83730.84,sell,2.1,,,2.1,,
299,325348667,2024-11-11 15:42:41,3,0.0485,0.04815335,54.21,BTC-31JAN25-100000-C,83725.39,sell,0.3,,,0.3,,
300,325348676,2024-11-11 15:42:42,3,0.0485,0.04810892,54.21,BTC-31JAN25-100000-C,83713.5,sell,1.7,,,1.7,,
301,325348677,2024-11-11 15:42:42,3,0.0485,0.04810892,54.21,BTC-31JAN25-100000-C,83713.5,sell,0.9,,,0.9,,
302,325350985,2024-11-11 15:46:39,0,0.049,0.04878471,54.34,BTC-31JAN25-100000-C,83892.6,sell,1.8,,,1.8,,
303,325350993,2024-11-11 15:46:39,1,0.049,0.04878471,54.34,BTC-31JAN25-100000-C,83892.6,sell,1.2,,,1.2,,
304,325366591,2024-11-11 16:12:46,0,0.0525,0.05226122,54.77,BTC-31JAN25-100000-C,84800.86,sell,0.1,,,0.1,,
305,325368419,2024-11-11 16:15:43,1,0.0525,0.05197641,54.91,BTC-31JAN25-100000-C,84700.39,sell,0.9,,,0.9,,
306,325369390,2024-11-11 16:17:50,0,0.053,0.05255159,54.98,BTC-31JAN25-100000-C,84819.98,sell,0.3,,,0.3,,
307,325370055,2024-11-11 16:19:27,1,0.053,0.05241277,55.05,BTC-31JAN25-100000-C,84743.23,sell,0.1,,,0.1,,
308,325371643,2024-11-11 16:22:23,1,0.053,0.05296943,54.89,BTC-31JAN25-100000-C,84884.51,sell,0.5,,,0.5,,
309,325374669,2024-11-11 16:27:00,2,0.052,0.0517842,55.11,BTC-31JAN25-100000-C,84439.83,sell,0.1,,,0.1,,
310,325376344,2024-11-11 16:31:03,2,0.0515,0.0519558,54.85,BTC-31JAN25-100000-C,84418.03,sell,0.1,,,0.1,,
311,325376558,2024-11-11 16:31:34,2,0.051,0.05155019,54.76,BTC-31JAN25-100000-C,84343.47,sell,0.1,,,0.1,,
312,325380495,2024-11-11 16:42:07,0,0.052,0.05222007,55.03,BTC-31JAN25-100000-C,84509.15,sell,0.1,,,0.1,,
313,325380814,2024-11-11 16:43:07,2,0.0515,0.05192537,54.97,BTC-31JAN25-100000-C,84407.51,sell,0.1,,,0.1,,
314,325381798,2024-11-11 16:47:01,0,0.052,0.05185943,55.32,BTC-31JAN25-100000-C,84361.96,buy,0.1,,,0.1,,
315,325393480,2024-11-11 17:31:11,2,0.051,0.0508919,54.6,BTC-31JAN25-100000-C,84480.92,buy,2.0,,,2.0,,
316,325398271,2024-11-11 17:49:15,0,0.052,0.05205806,54.35,BTC-31JAN25-100000-C,84892.3,sell,0.1,,,0.1,,
317,325407559,2024-11-11 18:20:01,2,0.05,0.05010168,54.16,BTC-31JAN25-100000-C,84480.48,buy,1.0,,,1.0,,
318,325412118,2024-11-11 18:39:14,0,0.052,0.05180805,54.29,BTC-31JAN25-100000-C,85159.61,buy,0.1,,,0.1,,
319,325473525,2024-11-11 20:20:54,0,0.063,0.06243129,56.25,BTC-31JAN25-100000-C,86984.93,buy,1.0,,,1.0,,
320,325473543,2024-11-11 20:20:54,2,0.0625,0.06237215,55.98,BTC-31JAN25-100000-C,86967.68,sell,1.0,,,1.0,,
321,325473626,2024-11-11 20:20:59,0,0.063,0.06217912,56.25,BTC-31JAN25-100000-C,86924.31,buy,1.0,,,1.0,,
322,325473650,2024-11-11 20:21:01,1,0.063,0.0621363,56.25,BTC-31JAN25-100000-C,86918.08,sell,1.0,,,1.0,,
323,325473687,2024-11-11 20:21:05,1,0.063,0.06227716,56.25,BTC-31JAN25-100000-C,86960.47,sell,1.0,,,1.0,,
324,325474192,2024-11-11 20:22:01,1,0.063,0.06234732,56.35,BTC-31JAN25-100000-C,86960.51,buy,0.5,,,0.5,,
325,325474309,2024-11-11 20:22:15,1,0.063,0.06258847,56.22,BTC-31JAN25-100000-C,87021.27,sell,0.5,,,0.5,,
326,325474959,2024-11-11 20:24:00,2,0.0625,0.06275083,55.87,BTC-31JAN25-100000-C,87052.3,buy,0.3,,,0.3,,
327,325476375,2024-11-11 20:26:24,0,0.063,0.06297239,56.09,BTC-31JAN25-100000-C,87110.54,buy,0.2,,,0.2,,
328,325476376,2024-11-11 20:26:24,1,0.063,0.06297239,56.09,BTC-31JAN25-100000-C,87110.54,buy,0.2,,,0.2,,
329,325476408,2024-11-11 20:26:27,1,0.063,0.06303975,56.01,BTC-31JAN25-100000-C,87123.86,buy,0.2,,,0.2,,
330,325477313,2024-11-11 20:28:20,1,0.063,0.06266142,56.25,BTC-31JAN25-100000-C,87018.13,buy,0.7,,,0.7,,
331,325477470,2024-11-11 20:28:54,1,0.063,0.06261937,56.31,BTC-31JAN25-100000-C,86987.84,buy,0.2,,,0.2,,
332,325477705,2024-11-11 20:29:38,1,0.063,0.06295253,56.17,BTC-31JAN25-100000-C,87062.47,buy,0.1,,,0.1,,
333,325494638,2024-11-11 21:10:23,0,0.0645,0.06447542,56.97,BTC-31JAN25-100000-C,87096.7,buy,0.1,,,0.1,,
334,325494660,2024-11-11 21:10:36,1,0.0645,0.06450718,56.95,BTC-31JAN25-100000-C,87104.26,buy,0.1,,,0.1,,
335,325494704,2024-11-11 21:10:38,1,0.0645,0.06454441,56.94,BTC-31JAN25-100000-C,87121.01,buy,0.2,,,0.2,,
336,325494764,2024-11-11 21:10:47,1,0.0645,0.064619,56.89,BTC-31JAN25-100000-C,87134.46,buy,1.6,,,1.6,,
337,325494820,2024-11-11 21:10:48,1,0.0645,0.06464456,56.89,BTC-31JAN25-100000-C,87147.06,buy,3.0,,,3.0,,
338,325504019,2024-11-11 21:24:29,0,0.0695,0.0685491,57.65,BTC-31JAN25-100000-C,88049.9,sell,0.1,,,0.1,,
339,325521527,2024-11-11 22:07:05,2,0.0685,0.06851759,57.89,BTC-31JAN25-100000-C,87736.58,buy,1.0,,,1.0,,
340,325527352,2024-11-11 22:18:13,2,0.065,0.06441478,58.09,BTC-31JAN25-100000-C,86697.75,buy,0.1,,,0.1,,
341,325530369,2024-11-11 22:24:35,2,0.0645,0.06496773,57.5,BTC-31JAN25-100000-C,86882.91,buy,1.0,,,1.0,,
342,325531276,2024-11-11 22:27:14,2,0.064,0.06421106,57.09,BTC-31JAN25-100000-C,86704.49,sell,0.1,,,0.1,,
343,325533595,2024-11-11 22:32:52,0,0.065,0.06423374,58.04,BTC-31JAN25-100000-C,86770.43,buy,1.0,,,1.0,,
344,325534496,2024-11-11 22:36:35,2,0.0645,0.0650233,57.25,BTC-31JAN25-100000-C,87006.12,buy,1.0,,,1.0,,
345,325537264,2024-11-11 22:42:27,3,0.0645,0.06491244,57.21,BTC-31JAN25-100000-C,87035.09,buy,1.6,,,1.6,,
346,325537277,2024-11-11 22:42:31,3,0.0645,0.06495854,57.2,BTC-31JAN25-100000-C,87050.57,buy,3.4,,,3.4,,
347,325538204,2024-11-11 22:47:26,3,0.0645,0.06497776,57.05,BTC-31JAN25-100000-C,87105.3,sell,3.0,,,3.0,,
348,325585004,2024-11-11 23:55:34,0,0.074,0.07470217,58.72,BTC-31JAN25-100000-C,88628.69,sell,0.5,,,0.5,,
349,325586165,2024-11-11 23:58:39,1,0.074,0.07434606,58.69,BTC-31JAN25-100000-C,88716.46,buy,5.0,,,5.0,,
350,325587238,2024-11-12 00:01:08,0,0.0745,0.07458697,58.55,BTC-31JAN25-100000-C,88895.01,sell,2.0,,,2.0,,
351,325604511,2024-11-12 00:26:47,2,0.0705,0.07059239,58.82,BTC-31JAN25-100000-C,87766.33,buy,0.1,,,0.1,,
352,325643047,2024-11-12 02:18:37,2,0.07,0.07006793,57.13,BTC-31JAN25-100000-C,88356.91,sell,0.1,,,0.1,,
353,325643048,2024-11-12 02:18:37,3,0.07,0.07006793,57.13,BTC-31JAN25-100000-C,88356.91,sell,0.1,,,0.1,,
354,325655831,2024-11-12 02:55:11,2,0.0655,0.06552753,57.45,BTC-31JAN25-100000-C,87126.63,buy,0.1,,,0.1,,
355,325655940,2024-11-12 02:55:19,0,0.066,0.06621992,57.72,BTC-31JAN25-100000-C,87297.47,buy,0.1,,,0.1,,
356,325658665,2024-11-12 03:06:05,0,0.068,0.06807794,57.28,BTC-31JAN25-100000-C,87776.58,buy,0.1,,,0.1,,
357,325696614,2024-11-12 05:41:41,0,0.0725,0.07188331,57.99,BTC-31JAN25-100000-C,88498.0,buy,7.1,,,7.1,,
358,325696615,2024-11-12 05:41:41,1,0.0725,0.07188331,57.99,BTC-31JAN25-100000-C,88498.0,sell,2.9,,,2.9,,
359,325704079,2024-11-12 06:31:09,2,0.072,0.07184337,57.33,BTC-31JAN25-100000-C,88670.12,buy,0.4,,,0.4,,
360,325704080,2024-11-12 06:31:09,3,0.072,0.07186034,57.33,BTC-31JAN25-100000-C,88673.75,buy,0.6,,,0.6,,
361,325725613,2024-11-12 07:14:15,0,0.0775,0.07731599,57.28,BTC-31JAN25-100000-C,89939.23,sell,0.1,,,0.1,,
362,325733124,2024-11-12 07:31:20,2,0.075,0.07525624,56.95,BTC-31JAN25-100000-C,89453.95,sell,0.1,,,0.1,,
363,325736286,2024-11-12 07:42:34,0,0.076,0.07589566,57.26,BTC-31JAN25-100000-C,89532.37,sell,0.1,,,0.1,,
364,325784573,2024-11-12 10:10:13,2,0.0696,0.06896777,57.83,BTC-31JAN25-100000-C,87732.18,buy,12.5,BTC-STRG-31JAN25-70000_100000,167444,12.5,,
365,325786122,2024-11-12 10:12:08,2,0.0695,0.07018072,57.38,BTC-31JAN25-100000-C,88042.72,sell,0.3,,,0.3,,
366,325797670,2024-11-12 10:33:14,2,0.068,0.06806818,57.53,BTC-31JAN25-100000-C,87573.29,buy,0.5,,,0.5,,
367,325808382,2024-11-12 10:43:29,2,0.0635,0.06442168,57.38,BTC-31JAN25-100000-C,86649.91,sell,0.1,,,0.1,,
368,325808383,2024-11-12 10:43:29,3,0.0635,0.06442168,57.38,BTC-31JAN25-100000-C,86649.91,sell,7.2,,,7.2,,
369,325808384,2024-11-12 10:43:29,3,0.0635,0.06442168,57.38,BTC-31JAN25-100000-C,86649.91,sell,2.7,,,2.7,,
370,325810327,2024-11-12 10:45:41,2,0.063,0.06382857,57.07,BTC-31JAN25-100000-C,86505.57,sell,5.0,,,5.0,,
371,325811307,2024-11-12 10:46:37,3,0.063,0.06323443,57.33,BTC-31JAN25-100000-C,86319.65,sell,1.8,,,1.8,,
372,325811379,2024-11-12 10:46:40,3,0.063,0.06303238,57.33,BTC-31JAN25-100000-C,86287.64,sell,1.9,,,1.9,,
373,325811449,2024-11-12 10:46:45,3,0.063,0.06305664,57.33,BTC-31JAN25-100000-C,86294.01,sell,0.1,,,0.1,,
374,325811690,2024-11-12 10:46:53,3,0.063,0.06331196,57.33,BTC-31JAN25-100000-C,86366.38,sell,0.1,,,0.1,,
375,325811692,2024-11-12 10:46:53,3,0.063,0.06331196,57.33,BTC-31JAN25-100000-C,86366.38,sell,0.1,,,0.1,,
376,325812399,2024-11-12 10:47:25,2,0.0625,0.06247135,57.41,BTC-31JAN25-100000-C,86166.8,sell,1.0,,,1.0,,
377,325816677,2024-11-12 10:50:16,2,0.061,0.06064525,57.66,BTC-31JAN25-100000-C,85638.26,buy,4.0,,,4.0,,
378,325816678,2024-11-12 10:50:16,0,0.0615,0.06064525,57.94,BTC-31JAN25-100000-C,85638.26,buy,8.4,,,8.4,,
379,325816679,2024-11-12 10:50:16,0,0.062,0.06064525,58.22,BTC-31JAN25-100000-C,85638.26,sell,37.6,,,37.6,,
380,325816765,2024-11-12 10:50:20,2,0.0615,0.06047615,57.94,BTC-31JAN25-100000-C,85612.73,buy,1.1,,,1.1,,
381,325819700,2024-11-12 10:52:41,0,0.0625,0.06184365,58.23,BTC-31JAN25-100000-C,85949.78,buy,7.2,,,7.2,,
382,325826357,2024-11-12 11:00:54,0,0.0635,0.06362007,56.84,BTC-31JAN25-100000-C,86717.48,buy,1.0,,,1.0,,
383,325830856,2024-11-12 11:09:45,0,0.066,0.06584171,57.12,BTC-31JAN25-100000-C,87196.79,sell,0.1,,,0.1,,
384,325839324,2024-11-12 11:24:50,0,0.0695,0.06882699,57.81,BTC-31JAN25-100000-C,87748.12,buy,0.2,,,0.2,,
385,325842025,2024-11-12 11:30:47,2,0.069,0.06822279,58.01,BTC-31JAN25-100000-C,87539.01,buy,0.8,,,0.8,,
386,325842026,2024-11-12 11:30:47,3,0.069,0.06822279,58.01,BTC-31JAN25-100000-C,87539.01,buy,0.2,,,0.2,,
387,325843949,2024-11-12 11:34:00,0,0.0695,0.06883622,57.99,BTC-31JAN25-100000-C,87606.22,buy,2.2,,,2.2,,
388,325863336,2024-11-12 12:08:47,0,0.07,0.06954938,58.41,BTC-31JAN25-100000-C,87742.58,buy,0.1,,,0.1,,
389,325867112,2024-11-12 12:16:34,2,0.0685,0.06895656,57.67,BTC-31JAN25-100000-C,87583.57,sell,0.1,,,0.1,,
390,325879310,2024-11-12 12:46:05,2,0.066,0.06579958,58.22,BTC-31JAN25-100000-C,86722.89,sell,0.1,,,0.1,,
391,325881598,2024-11-12 12:48:44,0,0.0665,0.06643904,58.08,BTC-31JAN25-100000-C,86927.8,buy,0.1,,,0.1,,
392,325906829,2024-11-12 13:36:52,2,0.0605,0.06121585,57.49,BTC-31JAN25-100000-C,85373.89,sell,10.0,,,10.0,,
393,325914307,2024-11-12 13:48:12,2,0.06,0.06000391,57.69,BTC-31JAN25-100000-C,85355.01,buy,10.0,,,10.0,,
394,325920226,2024-11-12 14:00:09,0,0.0635,0.06345628,57.65,BTC-31JAN25-100000-C,86322.75,sell,0.6,,,0.6,,
395,325920282,2024-11-12 14:00:18,1,0.0635,0.06330942,57.7,BTC-31JAN25-100000-C,86276.34,sell,1.1,,,1.1,,
396,325921631,2024-11-12 14:02:01,0,0.064,0.06369143,57.7,BTC-31JAN25-100000-C,86356.72,sell,0.8,,,0.8,,
397,325921635,2024-11-12 14:02:02,1,0.064,0.06369143,57.7,BTC-31JAN25-100000-C,86356.72,sell,1.2,,,1.2,,
398,325921979,2024-11-12 14:02:53,0,0.0645,0.06418054,57.78,BTC-31JAN25-100000-C,86459.81,sell,0.8,,,0.8,,
399,325921995,2024-11-12 14:02:59,1,0.0645,0.06424697,57.78,BTC-31JAN25-100000-C,86466.55,sell,0.5,,,0.5,,
400,325924625,2024-11-12 14:09:25,2,0.064,0.06387357,57.73,BTC-31JAN25-100000-C,86410.42,sell,5.0,,,5.0,,
401,325925504,2024-11-12 14:12:38,2,0.062,0.06207853,57.52,BTC-31JAN25-100000-C,85959.61,buy,10.0,,,10.0,,
402,325948334,2024-11-12 14:56:11,0,0.0655,0.06520339,57.65,BTC-31JAN25-100000-C,86965.05,sell,0.8,,,0.8,,
403,325948528,2024-11-12 14:56:34,1,0.0655,0.06521463,57.7,BTC-31JAN25-100000-C,86935.61,sell,0.8,,,0.8,,
404,325952894,2024-11-12 15:03:12,0,0.0665,0.06643696,57.65,BTC-31JAN25-100000-C,87176.0,sell,0.8,,,0.8,,
405,325952939,2024-11-12 15:03:16,1,0.0665,0.06615147,57.65,BTC-31JAN25-100000-C,87142.22,sell,7.6,,,7.6,,
406,325972590,2024-11-12 15:52:48,2,0.063,0.06317512,57.08,BTC-31JAN25-100000-C,86647.56,buy,0.1,,,0.1,,
407,325972721,2024-11-12 15:53:26,3,0.063,0.06284,57.25,BTC-31JAN25-100000-C,86577.41,buy,0.1,,,0.1,,
408,325972723,2024-11-12 15:53:29,3,0.063,0.06307024,57.17,BTC-31JAN25-100000-C,86633.88,buy,0.1,,,0.1,,
409,325973227,2024-11-12 15:55:13,3,0.063,0.06296237,57.18,BTC-31JAN25-100000-C,86608.36,buy,0.1,,,0.1,,
410,325973241,2024-11-12 15:55:16,3,0.063,0.06303057,57.15,BTC-31JAN25-100000-C,86636.93,buy,0.1,,,0.1,,
411,325973251,2024-11-12 15:55:17,3,0.063,0.06305675,57.15,BTC-31JAN25-100000-C,86642.26,buy,0.1,,,0.1,,
412,325973259,2024-11-12 15:55:19,3,0.063,0.06310105,57.1,BTC-31JAN25-100000-C,86651.53,buy,0.1,,,0.1,,
413,325973274,2024-11-12 15:55:20,3,0.063,0.0631142,57.1,BTC-31JAN25-100000-C,86654.12,buy,0.3,,,0.3,,
414,325973282,2024-11-12 15:55:22,3,0.063,0.06312198,57.1,BTC-31JAN25-100000-C,86665.17,buy,0.1,,,0.1,,
415,325973287,2024-11-12 15:55:23,3,0.063,0.06316995,57.1,BTC-31JAN25-100000-C,86658.33,buy,0.2,,,0.2,,
416,325973294,2024-11-12 15:55:25,3,0.063,0.06315238,57.1,BTC-31JAN25-100000-C,86659.44,buy,0.2,,,0.2,,
417,325973295,2024-11-12 15:55:25,3,0.063,0.06315238,57.1,BTC-31JAN25-100000-C,86659.44,buy,0.1,,,0.1,,
418,325973302,2024-11-12 15:55:27,3,0.063,0.06316128,57.06,BTC-31JAN25-100000-C,86668.16,buy,0.6,,,0.6,,
419,325973309,2024-11-12 15:55:29,3,0.063,0.06322468,57.06,BTC-31JAN25-100000-C,86683.51,buy,0.6,,,0.6,,
420,325973318,2024-11-12 15:55:31,3,0.063,0.06323607,57.01,BTC-31JAN25-100000-C,86682.97,buy,0.1,,,0.1,,
421,325973319,2024-11-12 15:55:31,3,0.063,0.06323607,57.01,BTC-31JAN25-100000-C,86682.97,buy,1.6,,,1.6,,
422,325973320,2024-11-12 15:55:31,3,0.063,0.06323607,57.01,BTC-31JAN25-100000-C,86682.97,buy,1.0,,,1.0,,
423,325973332,2024-11-12 15:55:34,3,0.063,0.06327088,57.0,BTC-31JAN25-100000-C,86689.77,buy,0.3,,,0.3,,
424,325973339,2024-11-12 15:55:34,3,0.063,0.06327088,57.0,BTC-31JAN25-100000-C,86689.77,buy,1.5,,,1.5,,
425,325973356,2024-11-12 15:55:37,3,0.063,0.0633252,57.0,BTC-31JAN25-100000-C,86706.28,buy,0.8,,,0.8,,
426,325973439,2024-11-12 15:56:05,3,0.063,0.06330244,56.95,BTC-31JAN25-100000-C,86717.21,buy,0.1,,,0.1,,
427,325973440,2024-11-12 15:56:05,3,0.063,0.06330244,56.95,BTC-31JAN25-100000-C,86717.21,buy,1.5,,,1.5,,
428,325973441,2024-11-12 15:56:05,3,0.063,0.06330244,56.95,BTC-31JAN25-100000-C,86717.21,buy,0.3,,,0.3,,
429,326005293,2024-11-12 17:28:43,0,0.0655,0.06581654,56.8,BTC-31JAN25-100000-C,87537.64,buy,0.1,,,0.1,,
430,326005753,2024-11-12 17:31:08,0,0.066,0.06627574,56.79,BTC-31JAN25-100000-C,87664.59,buy,0.1,,,0.1,,
431,326006620,2024-11-12 17:34:10,0,0.0665,0.06682926,56.71,BTC-31JAN25-100000-C,87819.57,buy,0.1,,,0.1,,
432,326008339,2024-11-12 17:39:01,0,0.067,0.06711718,56.84,BTC-31JAN25-100000-C,87931.08,buy,0.1,,,0.1,,
433,326008549,2024-11-12 17:39:40,0,0.0675,0.0672933,57.01,BTC-31JAN25-100000-C,87983.59,buy,2.9,,,2.9,,
434,326009579,2024-11-12 17:42:34,2,0.067,0.0669081,56.89,BTC-31JAN25-100000-C,87889.51,sell,0.2,,,0.2,,
435,326026036,2024-11-12 18:26:36,0,0.0675,0.06766794,56.4,BTC-31JAN25-100000-C,88276.87,buy,1.5,,,1.5,,
436,326026037,2024-11-12 18:26:36,1,0.0675,0.06766794,56.4,BTC-31JAN25-100000-C,88276.87,buy,0.2,,,0.2,,
437,326026038,2024-11-12 18:26:36,1,0.0675,0.06766794,56.4,BTC-31JAN25-100000-C,88276.87,buy,1.9,,,1.9,,
438,326026089,2024-11-12 18:26:40,1,0.0675,0.06779395,56.4,BTC-31JAN25-100000-C,88310.76,buy,0.1,,,0.1,,
439,326026095,2024-11-12 18:26:41,1,0.0675,0.06779395,56.4,BTC-31JAN25-100000-C,88310.76,buy,0.1,,,0.1,,
440,326026102,2024-11-12 18:26:41,1,0.0675,0.06781549,56.4,BTC-31JAN25-100000-C,88309.05,buy,0.1,,,0.1,,
441,326026109,2024-11-12 18:26:41,1,0.0675,0.06781549,56.4,BTC-31JAN25-100000-C,88309.05,buy,0.1,,,0.1,,
442,326026111,2024-11-12 18:26:41,1,0.0675,0.06781549,56.4,BTC-31JAN25-100000-C,88309.05,buy,0.1,,,0.1,,
443,326026116,2024-11-12 18:26:42,1,0.0675,0.06780709,56.4,BTC-31JAN25-100000-C,88315.88,buy,0.5,,,0.5,,
444,326026158,2024-11-12 18:26:46,1,0.0675,0.06784228,56.23,BTC-31JAN25-100000-C,88318.31,buy,0.1,,,0.1,,
445,326026159,2024-11-12 18:26:46,1,0.0675,0.06784228,56.23,BTC-31JAN25-100000-C,88318.31,buy,0.1,,,0.1,,
446,326026191,2024-11-12 18:26:48,1,0.0675,0.06793058,56.19,BTC-31JAN25-100000-C,88340.8,buy,0.1,,,0.1,,
447,326026192,2024-11-12 18:26:48,1,0.0675,0.06793058,56.19,BTC-31JAN25-100000-C,88340.8,buy,0.1,,,0.1,,
448,326026197,2024-11-12 18:26:49,1,0.0675,0.06793058,56.19,BTC-31JAN25-100000-C,88340.8,buy,0.1,,,0.1,,
449,326026231,2024-11-12 18:26:52,1,0.0675,0.06793414,56.19,BTC-31JAN25-100000-C,88342.65,buy,6.0,,,6.0,,
450,326026233,2024-11-12 18:26:52,1,0.0675,0.06793414,56.19,BTC-31JAN25-100000-C,88342.65,buy,0.1,,,0.1,,
451,326026277,2024-11-12 18:26:59,1,0.0675,0.06793153,56.15,BTC-31JAN25-100000-C,88359.34,buy,0.1,,,0.1,,
452,326026449,2024-11-12 18:27:24,1,0.0675,0.06785313,56.18,BTC-31JAN25-100000-C,88356.88,buy,0.1,,,0.1,,
453,326026457,2024-11-12 18:27:25,1,0.0675,0.06785313,56.18,BTC-31JAN25-100000-C,88356.88,buy,0.1,,,0.1,,
454,326026459,2024-11-12 18:27:25,1,0.0675,0.06785313,56.18,BTC-31JAN25-100000-C,88356.88,buy,1.9,,,1.9,,
455,326026494,2024-11-12 18:27:26,1,0.0675,0.06791368,56.18,BTC-31JAN25-100000-C,88371.98,buy,0.2,,,0.2,,
456,326026962,2024-11-12 18:28:15,1,0.0675,0.06789723,56.13,BTC-31JAN25-100000-C,88385.83,buy,0.2,,,0.2,,
457,326026972,2024-11-12 18:28:15,1,0.0675,0.06790637,56.12,BTC-31JAN25-100000-C,88383.63,buy,7.1,,,7.1,,
458,326026973,2024-11-12 18:28:15,1,0.0675,0.06790637,56.12,BTC-31JAN25-100000-C,88383.63,buy,0.2,,,0.2,,
459,326026974,2024-11-12 18:28:15,1,0.0675,0.06790637,56.12,BTC-31JAN25-100000-C,88383.63,buy,1.0,,,1.0,,
460,326067237,2024-11-12 20:04:26,0,0.072,0.07241055,56.92,BTC-31JAN25-100000-C,89176.83,buy,0.3,,,0.3,,
461,326083676,2024-11-12 20:42:07,0,0.074,0.07420554,57.14,BTC-31JAN25-100000-C,89719.29,buy,0.3,,,0.3,,
462,326083833,2024-11-12 20:42:13,1,0.074,0.07421909,57.13,BTC-31JAN25-100000-C,89712.01,buy,2.1,,,2.1,,
463,326083914,2024-11-12 20:42:14,1,0.074,0.07419533,57.13,BTC-31JAN25-100000-C,89729.88,buy,0.8,,,0.8,,
464,326084001,2024-11-12 20:42:15,1,0.074,0.07419533,57.13,BTC-31JAN25-100000-C,89729.88,buy,0.2,,,0.2,,
465,326084006,2024-11-12 20:42:15,1,0.074,0.07419533,57.13,BTC-31JAN25-100000-C,89729.88,buy,1.6,,,1.6,,
466,326084705,2024-11-12 20:43:10,0,0.0745,0.07439025,57.3,BTC-31JAN25-100000-C,89765.04,sell,0.1,,,0.1,,
467,326091054,2024-11-12 20:58:16,2,0.074,0.07403819,57.23,BTC-31JAN25-100000-C,89701.0,sell,0.1,,,0.1,,
468,326091863,2024-11-12 20:59:25,2,0.0735,0.0732936,57.27,BTC-31JAN25-100000-C,89524.73,sell,0.1,,,0.1,,
469,326092133,2024-11-12 20:59:44,2,0.073,0.0732048,57.16,BTC-31JAN25-100000-C,89516.59,sell,0.1,,,0.1,,
470,326092169,2024-11-12 20:59:50,3,0.073,0.07317585,57.17,BTC-31JAN25-100000-C,89509.03,buy,0.6,,,0.6,,
471,326092212,2024-11-12 20:59:54,3,0.073,0.07313383,57.19,BTC-31JAN25-100000-C,89491.89,buy,0.5,,,0.5,,
472,326092254,2024-11-12 20:59:56,3,0.073,0.07310307,57.19,BTC-31JAN25-100000-C,89510.44,buy,1.6,,,1.6,,
473,326092279,2024-11-12 20:59:58,3,0.073,0.07317272,57.19,BTC-31JAN25-100000-C,89518.27,buy,0.2,,,0.2,,
474,326092281,2024-11-12 20:59:58,3,0.073,0.07320421,57.19,BTC-31JAN25-100000-C,89524.18,buy,1.9,,,1.9,,
475,326092290,2024-11-12 20:59:58,3,0.073,0.07320421,57.19,BTC-31JAN25-100000-C,89524.18,buy,0.1,,,0.1,,
476,326094196,2024-11-12 21:04:09,2,0.0725,0.0728581,57.04,BTC-31JAN25-100000-C,89426.73,sell,0.1,,,0.1,,
477,326096127,2024-11-12 21:07:55,2,0.0715,0.07167161,57.07,BTC-31JAN25-100000-C,89164.72,sell,0.1,,,0.1,,
478,326099219,2024-11-12 21:15:20,2,0.0705,0.07069032,57.11,BTC-31JAN25-100000-C,88917.77,buy,0.1,,,0.1,,
479,326099268,2024-11-12 21:15:24,3,0.0705,0.07080635,57.01,BTC-31JAN25-100000-C,88951.63,buy,0.1,,,0.1,,
480,326099279,2024-11-12 21:15:26,3,0.0705,0.07081946,57.01,BTC-31JAN25-100000-C,88960.77,buy,4.8,,,4.8,,
481,326101160,2024-11-12 21:19:11,2,0.07,0.06989724,57.18,BTC-31JAN25-100000-C,88721.77,sell,0.1,,,0.1,,
482,326105199,2024-11-12 21:34:29,3,0.07,0.0699966,57.17,BTC-31JAN25-100000-C,88720.13,sell,0.1,,,0.1,,
483,326108137,2024-11-12 21:42:16,2,0.069,0.06936428,56.99,BTC-31JAN25-100000-C,88585.42,sell,0.1,,,0.1,,
484,326111574,2024-11-12 21:52:09,2,0.068,0.06840359,56.56,BTC-31JAN25-100000-C,88534.0,sell,0.1,,,0.1,,
485,326114950,2024-11-12 22:01:38,2,0.067,0.0671213,56.73,BTC-31JAN25-100000-C,88265.21,sell,0.1,,,0.1,,
486,326116152,2024-11-12 22:06:41,2,0.066,0.06626131,56.58,BTC-31JAN25-100000-C,88060.07,sell,0.1,,,0.1,,
487,326136699,2024-11-12 23:33:29,2,0.0645,0.06471315,55.99,BTC-31JAN25-100000-C,87957.81,sell,0.1,,,0.1,,
488,326141902,2024-11-13 00:13:10,0,0.065,0.06473573,56.42,BTC-31JAN25-100000-C,87909.08,buy,0.1,,,0.1,,
489,326167986,2024-11-13 02:20:57,2,0.062,0.06212536,55.38,BTC-31JAN25-100000-C,87617.47,sell,0.1,,,0.1,,
490,326176958,2024-11-13 02:54:54,0,0.0625,0.06286155,55.16,BTC-31JAN25-100000-C,87902.71,buy,0.1,,,0.1,,
491,326227921,2024-11-13 06:49:56,2,0.059,0.05950521,55.66,BTC-31JAN25-100000-C,86721.09,sell,0.1,,,0.1,,
492,326228154,2024-11-13 06:51:09,2,0.0585,0.05858618,55.87,BTC-31JAN25-100000-C,86481.52,sell,0.1,,,0.1,,
493,326230380,2024-11-13 07:07:25,0,0.0595,0.05945728,55.66,BTC-31JAN25-100000-C,86879.63,sell,0.4,,,0.4,,
494,326233047,2024-11-13 07:18:51,0,0.0605,0.06044832,55.57,BTC-31JAN25-100000-C,87184.71,sell,0.1,,,0.1,,
495,326253240,2024-11-13 08:57:28,2,0.06,0.06002803,55.21,BTC-31JAN25-100000-C,87267.84,sell,0.2,,,0.2,,
496,326257662,2024-11-13 09:31:43,0,0.061,0.06075436,55.27,BTC-31JAN25-100000-C,87465.89,sell,0.3,,,0.3,,
497,326257663,2024-11-13 09:31:43,1,0.061,0.06075436,55.27,BTC-31JAN25-100000-C,87465.89,sell,0.1,,,0.1,,
498,326263492,2024-11-13 10:35:32,2,0.06,0.05977838,55.04,BTC-31JAN25-100000-C,87333.19,sell,0.1,,,0.1,,
499,326271434,2024-11-13 11:23:49,0,0.0615,0.06164121,54.9,BTC-31JAN25-100000-C,87844.81,buy,5.0,,,5.0,,
500,326271454,2024-11-13 11:23:53,1,0.0615,0.06168888,54.87,BTC-31JAN25-100000-C,87840.65,buy,5.0,,,5.0,,
501,326276269,2024-11-13 11:40:08,0,0.062,0.06145461,55.2,BTC-31JAN25-100000-C,87852.61,buy,0.1,,,0.1,,
502,326289872,2024-11-13 13:25:05,0,0.0635,0.06368961,55.23,BTC-31JAN25-100000-C,88234.05,buy,7.7,,,7.7,,
503,326289901,2024-11-13 13:25:09,1,0.0635,0.06372449,55.18,BTC-31JAN25-100000-C,88249.71,buy,1.0,,,1.0,,
504,326289994,2024-11-13 13:25:10,1,0.0635,0.06372449,55.18,BTC-31JAN25-100000-C,88257.31,buy,0.1,,,0.1,,
505,326290000,2024-11-13 13:25:10,1,0.0635,0.06372449,55.18,BTC-31JAN25-100000-C,88257.31,buy,0.1,,,0.1,,
506,326290072,2024-11-13 13:25:17,1,0.0635,0.06385201,55.04,BTC-31JAN25-100000-C,88299.92,buy,16.1,,,16.1,,
507,326292232,2024-11-13 13:30:03,0,0.0645,0.06425007,55.36,BTC-31JAN25-100000-C,88413.91,buy,7.7,,,7.7,,
508,326292676,2024-11-13 13:30:21,1,0.0645,0.06440403,55.29,BTC-31JAN25-100000-C,88472.2,buy,0.5,,,0.5,,
509,326292684,2024-11-13 13:30:21,1,0.0645,0.06440403,55.29,BTC-31JAN25-100000-C,88472.2,buy,7.7,,,7.7,,
510,326292687,2024-11-13 13:30:21,1,0.0645,0.06440403,55.29,BTC-31JAN25-100000-C,88472.2,buy,7.7,,,7.7,,
511,326292691,2024-11-13 13:30:21,1,0.0645,0.06440403,55.29,BTC-31JAN25-100000-C,88472.2,buy,1.4,,,1.4,,
512,326301125,2024-11-13 13:44:33,0,0.0675,0.06749658,55.32,BTC-31JAN25-100000-C,89183.61,buy,0.1,,,0.1,,
513,326302561,2024-11-13 13:46:11,0,0.0685,0.06812739,55.54,BTC-31JAN25-100000-C,89308.28,buy,7.6,,,7.6,,
514,326302774,2024-11-13 13:46:31,1,0.0685,0.0681821,55.45,BTC-31JAN25-100000-C,89346.94,buy,7.6,,,7.6,,
515,326303615,2024-11-13 13:47:25,0,0.0695,0.06907281,55.65,BTC-31JAN25-100000-C,89524.09,buy,7.6,,,7.6,,
516,326303690,2024-11-13 13:47:34,1,0.0695,0.06922419,55.49,BTC-31JAN25-100000-C,89557.87,buy,2.2,,,2.2,,
517,326308237,2024-11-13 13:51:55,0,0.0705,0.06942617,56.05,BTC-31JAN25-100000-C,89553.28,buy,0.1,,,0.1,,
518,326324632,2024-11-13 14:24:59,0,0.074,0.07340846,57.18,BTC-31JAN25-100000-C,89832.29,sell,4.0,,,4.0,,
519,326325860,2024-11-13 14:28:24,1,0.074,0.07408024,56.99,BTC-31JAN25-100000-C,89937.51,buy,0.1,,,0.1,,
520,326326065,2024-11-13 14:28:41,0,0.075,0.07425029,57.51,BTC-31JAN25-100000-C,89970.61,buy,1.8,,,1.8,,
521,326326066,2024-11-13 14:28:41,1,0.075,0.07425029,57.51,BTC-31JAN25-100000-C,89970.61,buy,3.5,,,3.5,,
522,326326067,2024-11-13 14:28:41,1,0.075,0.07425029,57.51,BTC-31JAN25-100000-C,89970.61,buy,2.6,,,2.6,,
523,326326068,2024-11-13 14:28:41,1,0.075,0.07425029,57.51,BTC-31JAN25-100000-C,89970.61,buy,5.0,,,5.0,,
524,326326069,2024-11-13 14:28:41,1,0.075,0.07425029,57.51,BTC-31JAN25-100000-C,89970.61,buy,1.0,,,1.0,,
525,326326074,2024-11-13 14:28:41,1,0.075,0.07425029,57.51,BTC-31JAN25-100000-C,89970.61,sell,3.3,,,3.3,,
526,326326075,2024-11-13 14:28:41,1,0.075,0.07425029,57.51,BTC-31JAN25-100000-C,89970.61,sell,3.6,,,3.6,,
527,326326086,2024-11-13 14:28:41,1,0.075,0.07425029,57.51,BTC-31JAN25-100000-C,89970.61,sell,1.9,,,1.9,,
528,326326087,2024-11-13 14:28:41,1,0.075,0.07425029,57.51,BTC-31JAN25-100000-C,89970.61,sell,0.3,,,0.3,,
529,326326088,2024-11-13 14:28:41,1,0.075,0.07425029,57.51,BTC-31JAN25-100000-C,89970.61,sell,2.0,,,2.0,,
530,326338420,2024-11-13 14:35:58,0,0.08,0.07859895,58.37,BTC-31JAN25-100000-C,90722.95,buy,0.2,,,0.2,,
531,326353104,2024-11-13 14:51:57,0,0.0845,0.08400998,59.12,BTC-31JAN25-100000-C,91586.96,sell,0.2,,,0.2,,
532,326356743,2024-11-13 14:54:20,0,0.085,0.08454916,58.88,BTC-31JAN25-100000-C,91721.69,sell,0.1,,,0.1,,
533,326356744,2024-11-13 14:54:20,1,0.085,0.08454916,58.88,BTC-31JAN25-100000-C,91721.69,sell,0.9,,,0.9,,
534,326356745,2024-11-13 14:54:20,1,0.085,0.08454916,58.88,BTC-31JAN25-100000-C,91721.69,sell,1.0,,,1.0,,
535,326370809,2024-11-13 15:10:11,2,0.0815,0.08220391,58.67,BTC-31JAN25-100000-C,91237.96,buy,0.1,,,0.1,,
536,326370810,2024-11-13 15:10:11,3,0.0815,0.08220391,58.67,BTC-31JAN25-100000-C,91237.96,buy,7.4,,,7.4,,
537,326370811,2024-11-13 15:10:11,3,0.0815,0.08220391,58.67,BTC-31JAN25-100000-C,91237.96,buy,2.5,,,2.5,,
538,326372139,2024-11-13 15:11:48,0,0.082,0.08267462,58.21,BTC-31JAN25-100000-C,91385.38,buy,7.4,,,7.4,,
539,326372142,2024-11-13 15:11:48,1,0.082,0.08261937,58.21,BTC-31JAN25-100000-C,91382.48,buy,2.6,,,2.6,,
540,326374166,2024-11-13 15:16:03,2,0.0815,0.08162931,58.27,BTC-31JAN25-100000-C,91186.5,buy,0.1,,,0.1,,
541,326375573,2024-11-13 15:18:48,0,0.0835,0.08341671,58.52,BTC-31JAN25-100000-C,91618.45,sell,1.4,,,1.4,,
542,326375632,2024-11-13 15:18:52,1,0.0835,0.08331585,58.52,BTC-31JAN25-100000-C,91590.52,sell,0.1,,,0.1,,
543,326375633,2024-11-13 15:18:52,1,0.0835,0.08328547,58.52,BTC-31JAN25-100000-C,91589.39,sell,0.1,,,0.1,,
544,326375634,2024-11-13 15:18:52,1,0.0835,0.08328547,58.52,BTC-31JAN25-100000-C,91589.39,sell,1.0,,,1.0,,
545,326375661,2024-11-13 15:18:54,1,0.0835,0.08327977,58.52,BTC-31JAN25-100000-C,91585.32,sell,0.1,,,0.1,,
546,326375667,2024-11-13 15:18:55,1,0.0835,0.08326179,58.52,BTC-31JAN25-100000-C,91580.69,sell,1.1,,,1.1,,
547,326375669,2024-11-13 15:18:58,1,0.0835,0.08320061,58.52,BTC-31JAN25-100000-C,91574.63,sell,0.6,,,0.6,,
548,326375699,2024-11-13 15:18:59,1,0.0835,0.08321577,58.52,BTC-31JAN25-100000-C,91572.37,sell,0.6,,,0.6,,
549,326379348,2024-11-13 15:24:31,0,0.0855,0.08481788,58.74,BTC-31JAN25-100000-C,91948.71,buy,0.1,,,0.1,,
550,326384347,2024-11-13 15:32:22,2,0.084,0.08393547,58.48,BTC-31JAN25-100000-C,91766.73,buy,1.0,,,1.0,,
551,326384348,2024-11-13 15:32:22,3,0.084,0.08393547,58.48,BTC-31JAN25-100000-C,91766.73,buy,6.4,,,6.4,,
552,326387963,2024-11-13 15:38:16,3,0.084,0.08314641,58.77,BTC-31JAN25-100000-C,91630.35,buy,1.0,,,1.0,,
553,326388473,2024-11-13 15:39:18,2,0.083,0.08316958,58.17,BTC-31JAN25-100000-C,91625.77,sell,0.5,,,0.5,,
554,326388624,2024-11-13 15:39:32,3,0.083,0.08269711,58.17,BTC-31JAN25-100000-C,91516.2,buy,0.1,,,0.1,,
555,326396045,2024-11-13 15:48:05,0,0.087,0.08697212,58.11,BTC-31JAN25-100000-C,92651.04,buy,0.1,,,0.1,,
556,326396046,2024-11-13 15:48:05,1,0.087,0.08697212,58.11,BTC-31JAN25-100000-C,92651.04,buy,7.0,,,7.0,,
557,326400099,2024-11-13 15:52:02,1,0.087,0.08669653,58.3,BTC-31JAN25-100000-C,92506.53,sell,0.1,,,0.1,,
558,326414826,2024-11-13 16:13:31,0,0.092,0.09165786,58.83,BTC-31JAN25-100000-C,93397.33,buy,0.4,,,0.4,,
559,326415232,2024-11-13 16:13:46,1,0.092,0.09149386,58.86,BTC-31JAN25-100000-C,93354.67,sell,0.8,,,0.8,,
560,326417139,2024-11-13 16:15:15,0,0.0925,0.09133766,59.08,BTC-31JAN25-100000-C,93287.72,buy,0.5,,,0.5,,
561,326418032,2024-11-13 16:15:51,2,0.092,0.09117041,59.04,BTC-31JAN25-100000-C,93249.75,buy,0.1,,,0.1,,
562,326421484,2024-11-13 16:17:39,2,0.091,0.09060409,58.75,BTC-31JAN25-100000-C,93059.92,sell,5.0,,,5.0,,
563,326424248,2024-11-13 16:19:27,3,0.091,0.09104094,58.86,BTC-31JAN25-100000-C,93122.77,sell,0.2,,,0.2,,
564,326429097,2024-11-13 16:25:18,2,0.09,0.09100607,58.11,BTC-31JAN25-100000-C,93151.72,sell,5.0,,,5.0,,
565,326440626,2024-11-13 16:38:18,2,0.087,0.08701506,58.45,BTC-31JAN25-100000-C,92265.79,buy,0.5,,,0.5,,
566,326440627,2024-11-13 16:38:18,3,0.087,0.08701506,58.45,BTC-31JAN25-100000-C,92265.79,buy,6.9,,,6.9,,
567,326455029,2024-11-13 17:04:55,0,0.088,0.08818031,58.23,BTC-31JAN25-100000-C,92727.39,sell,0.7,,,0.7,,
568,326463323,2024-11-13 17:29:49,2,0.0855,0.08592678,57.66,BTC-31JAN25-100000-C,92402.81,sell,0.5,,,0.5,,
569,326471682,2024-11-13 17:51:34,2,0.0845,0.08450353,57.6,BTC-31JAN25-100000-C,92252.42,buy,0.3,,,0.3,,
570,326472214,2024-11-13 17:53:31,3,0.0845,0.08448856,57.57,BTC-31JAN25-100000-C,92245.34,buy,0.1,,,0.1,,
571,326472224,2024-11-13 17:53:33,3,0.0845,0.08456813,57.54,BTC-31JAN25-100000-C,92261.48,buy,0.3,,,0.3,,
572,326472227,2024-11-13 17:53:36,3,0.0845,0.08461488,57.5,BTC-31JAN25-100000-C,92276.24,buy,0.1,,,0.1,,
573,326472239,2024-11-13 17:53:38,3,0.0845,0.08467769,57.47,BTC-31JAN25-100000-C,92278.36,buy,0.1,,,0.1,,
574,326472258,2024-11-13 17:53:40,3,0.0845,0.08467458,57.47,BTC-31JAN25-100000-C,92303.74,buy,0.1,,,0.1,,
575,326486338,2024-11-13 18:41:19,3,0.0845,0.08465556,57.17,BTC-31JAN25-100000-C,92479.11,sell,0.1,,,0.1,,
576,326493888,2024-11-13 19:01:08,0,0.0855,0.08563909,56.92,BTC-31JAN25-100000-C,92770.57,sell,0.1,,,0.1,,
577,326494786,2024-11-13 19:03:38,2,0.0845,0.08470115,56.97,BTC-31JAN25-100000-C,92550.71,sell,0.1,,,0.1,,
578,326494919,2024-11-13 19:03:51,2,0.084,0.08425569,56.94,BTC-31JAN25-100000-C,92435.6,sell,0.1,,,0.1,,
579,326495687,2024-11-13 19:04:59,2,0.0835,0.08378295,56.92,BTC-31JAN25-100000-C,92333.1,sell,0.1,,,0.1,,
580,326496063,2024-11-13 19:05:19,2,0.083,0.08343753,56.73,BTC-31JAN25-100000-C,92151.93,sell,0.1,,,0.1,,
581,326499987,2024-11-13 19:09:39,2,0.082,0.08193491,57.14,BTC-31JAN25-100000-C,91872.52,sell,1.0,,,1.0,,
582,326499988,2024-11-13 19:09:39,3,0.082,0.08193491,57.14,BTC-31JAN25-100000-C,91872.52,sell,0.1,,,0.1,,
583,326499997,2024-11-13 19:09:41,3,0.082,0.08185797,57.14,BTC-31JAN25-100000-C,91845.99,sell,2.9,,,2.9,,
584,326499999,2024-11-13 19:09:43,3,0.082,0.08176436,57.14,BTC-31JAN25-100000-C,91832.23,sell,0.7,,,0.7,,
585,326500009,2024-11-13 19:09:45,3,0.082,0.08174139,57.14,BTC-31JAN25-100000-C,91825.05,sell,0.3,,,0.3,,
586,326513921,2024-11-13 19:26:04,2,0.08,0.07926426,57.96,BTC-31JAN25-100000-C,91128.36,sell,0.5,,,0.5,,
587,326551894,2024-11-13 20:18:10,2,0.078,0.078232,57.38,BTC-31JAN25-100000-C,90920.57,sell,0.4,,,0.4,,
588,326599219,2024-11-13 22:18:09,2,0.0715,0.07181186,56.82,BTC-31JAN25-100000-C,89554.41,buy,1.0,,,1.0,,
589,326600846,2024-11-13 22:32:13,3,0.0715,0.0721045,56.52,BTC-31JAN25-100000-C,89709.88,sell,0.1,,,0.1,,
590,326610232,2024-11-13 23:23:51,0,0.073,0.0729095,56.42,BTC-31JAN25-100000-C,90180.17,sell,0.1,,,0.1,,
591,326610233,2024-11-13 23:23:53,1,0.073,0.07293102,56.42,BTC-31JAN25-100000-C,90184.77,sell,0.1,,,0.1,,
592,326618199,2024-11-13 23:58:14,0,0.074,0.0742019,56.16,BTC-31JAN25-100000-C,90536.39,buy,0.1,,,0.1,,
593,326618200,2024-11-13 23:58:14,1,0.074,0.0742019,56.16,BTC-31JAN25-100000-C,90536.39,buy,1.8,,,1.8,,
594,326618201,2024-11-13 23:58:14,1,0.074,0.0742019,56.16,BTC-31JAN25-100000-C,90536.39,buy,0.1,,,0.1,,
595,326618202,2024-11-13 23:58:14,1,0.074,0.0742019,56.16,BTC-31JAN25-100000-C,90536.39,buy,0.3,,,0.3,,
596,326618206,2024-11-13 23:58:15,1,0.074,0.07420045,56.16,BTC-31JAN25-100000-C,90534.12,buy,2.7,,,2.7,,
597,326618215,2024-11-13 23:58:19,1,0.074,0.07413278,56.16,BTC-31JAN25-100000-C,90527.81,buy,0.1,,,0.1,,
598,326618237,2024-11-13 23:58:20,1,0.074,0.07415794,56.16,BTC-31JAN25-100000-C,90528.93,buy,4.9,,,4.9,,
599,326618813,2024-11-14 00:00:18,1,0.074,0.07422666,56.26,BTC-31JAN25-100000-C,90567.08,sell,5.0,,,5.0,,
600,326618822,2024-11-14 00:00:21,1,0.074,0.07427628,56.09,BTC-31JAN25-100000-C,90573.79,buy,5.0,,,5.0,,
601,326622960,2024-11-14 00:26:24,2,0.0733,0.0736188,56.39,BTC-31JAN25-100000-C,90278.31,sell,27.8,BTC-CDIAG-31JAN25_29NOV24-100000_82000,167924,27.8,,
602,326628296,2024-11-14 01:15:09,0,0.0735,0.07335718,56.46,BTC-31JAN25-100000-C,90260.26,sell,0.1,,,0.1,,
603,326647026,2024-11-14 02:59:03,2,0.071,0.07080415,55.05,BTC-31JAN25-100000-C,90250.82,sell,0.2,,,0.2,,
604,326660315,2024-11-14 04:52:18,3,0.071,0.0702532,55.4,BTC-31JAN25-100000-C,90059.12,buy,0.1,,,0.1,,
605,326661244,2024-11-14 04:57:48,3,0.071,0.07073046,55.24,BTC-31JAN25-100000-C,90151.54,sell,0.4,,,0.4,,
606,326665345,2024-11-14 05:37:11,0,0.0718,0.07006157,56.5,BTC-31JAN25-100000-C,89761.27,buy,100.0,,168008,100.0,,
607,326665415,2024-11-14 05:38:03,2,0.0705,0.07015898,55.78,BTC-31JAN25-100000-C,89796.27,buy,0.1,,,0.1,,
608,326666518,2024-11-14 05:56:26,0,0.071,0.07100888,55.69,BTC-31JAN25-100000-C,89941.59,buy,0.1,,,0.1,,
609,326698515,2024-11-14 08:20:57,0,0.0775,0.07699826,56.72,BTC-31JAN25-100000-C,90965.34,sell,0.2,,,0.2,,
610,326720866,2024-11-14 09:57:28,0,0.0785,0.0778171,57.5,BTC-31JAN25-100000-C,90906.04,buy,2.7,,,2.7,,
611,326720867,2024-11-14 09:57:28,1,0.0785,0.0778171,57.5,BTC-31JAN25-100000-C,90906.04,buy,2.3,,,2.3,,
612,326721688,2024-11-14 10:01:47,2,0.078,0.07832718,56.98,BTC-31JAN25-100000-C,91020.28,buy,1.0,,,1.0,,
613,326727328,2024-11-14 10:22:29,0,0.079,0.07884271,57.2,BTC-31JAN25-100000-C,91189.63,sell,0.2,,,0.2,,
614,326739059,2024-11-14 11:14:11,2,0.0775,0.07726198,57.32,BTC-31JAN25-100000-C,90840.0,buy,0.2,,,0.2,,
615,326772797,2024-11-14 13:49:15,0,0.079,0.0791895,57.66,BTC-31JAN25-100000-C,91013.45,buy,0.1,,,0.1,,
616,326792900,2024-11-14 14:42:01,2,0.0742,0.07423171,57.49,BTC-31JAN25-100000-C,89960.6,buy,4.0,BTC-CDIAG-31JAN25_27DEC24-100000_90000,,4.0,326792899,
617,326808615,2024-11-14 14:57:25,2,0.0717,0.07175589,58.01,BTC-31JAN25-100000-C,89281.59,buy,1.0,BTC-CCAL-31JAN25_27DEC24-100000,,1.0,326808613,
618,326808888,2024-11-14 14:58:00,2,0.0715,0.07124456,57.87,BTC-31JAN25-100000-C,89130.86,sell,0.5,,,0.5,,
619,326836109,2024-11-14 15:49:20,2,0.066,0.06621648,57.06,BTC-31JAN25-100000-C,88146.39,buy,1.7,,,1.7,,
620,326836226,2024-11-14 15:49:27,3,0.066,0.06618566,57.1,BTC-31JAN25-100000-C,88146.91,buy,1.3,,,1.3,,
621,326841029,2024-11-14 15:58:41,3,0.066,0.06584189,57.34,BTC-31JAN25-100000-C,88037.34,sell,0.1,,,0.1,,
622,326841054,2024-11-14 15:58:44,3,0.066,0.06579311,57.37,BTC-31JAN25-100000-C,88023.57,sell,0.2,,,0.2,,
623,326873808,2024-11-14 18:05:35,0,0.0725,0.07220304,57.82,BTC-31JAN25-100000-C,89511.59,buy,0.6,,,0.6,,
624,326873809,2024-11-14 18:05:35,1,0.0725,0.07220304,57.82,BTC-31JAN25-100000-C,89511.59,sell,1.4,,,1.4,,
625,326879003,2024-11-14 18:36:44,2,0.0715,0.0716589,57.56,BTC-31JAN25-100000-C,89360.3,sell,100.0,BTC-CCOND-31JAN25-85000_95000_100000_110000,168144,100.0,,
626,326903869,2024-11-14 20:20:35,2,0.067,0.06775595,56.75,BTC-31JAN25-100000-C,88599.35,buy,6.3,BTC-CCOND-31JAN25-85000_95000_100000_110000,168152,6.3,,
627,326903875,2024-11-14 20:20:35,0,0.0674,0.06775595,56.97,BTC-31JAN25-100000-C,88599.35,buy,6.3,BTC-CCOND-31JAN25-85000_95000_100000_110000,168153,6.3,,
628,326927412,2024-11-14 21:13:17,2,0.0632,0.06323714,57.58,BTC-31JAN25-100000-C,87276.48,buy,12.5,BTC-CCAL-31JAN25_27DEC24-100000,168162,12.5,,
629,326937243,2024-11-14 21:45:13,0,0.066,0.06599397,57.59,BTC-31JAN25-100000-C,88016.68,sell,0.1,,,0.1,,
630,326937248,2024-11-14 21:45:14,1,0.066,0.06599127,57.59,BTC-31JAN25-100000-C,88011.63,sell,0.6,,,0.6,,
631,326937250,2024-11-14 21:45:16,1,0.066,0.06594419,57.6,BTC-31JAN25-100000-C,87998.26,sell,0.1,,,0.1,,
632,326937266,2024-11-14 21:45:19,1,0.066,0.06593359,57.63,BTC-31JAN25-100000-C,87998.96,sell,0.8,,,0.8,,
633,326937277,2024-11-14 21:45:19,1,0.066,0.06593359,57.63,BTC-31JAN25-100000-C,87998.96,sell,0.2,,,0.2,,
634,326937278,2024-11-14 21:45:20,1,0.066,0.06593359,57.63,BTC-31JAN25-100000-C,87998.96,sell,0.2,,,0.2,,
635,326938588,2024-11-14 21:50:28,0,0.0665,0.06638821,57.62,BTC-31JAN25-100000-C,88139.39,sell,0.3,,,0.3,,
636,326938592,2024-11-14 21:50:28,1,0.0665,0.06638821,57.62,BTC-31JAN25-100000-C,88139.39,sell,1.7,,,1.7,,
637,326940789,2024-11-14 21:59:32,0,0.067,0.06695896,57.59,BTC-31JAN25-100000-C,88259.71,sell,0.5,,,0.5,,
638,326940790,2024-11-14 21:59:32,1,0.067,0.06691328,57.59,BTC-31JAN25-100000-C,88248.15,sell,1.5,,,1.5,,
639,326941358,2024-11-14 22:02:58,1,0.067,0.06715194,57.44,BTC-31JAN25-100000-C,88325.73,sell,1.6,,,1.6,,
640,326942167,2024-11-14 22:09:00,2,0.066,0.06589488,57.63,BTC-31JAN25-100000-C,87996.71,sell,2.0,,,2.0,,
641,326942469,2024-11-14 22:09:21,2,0.0655,0.0654807,57.58,BTC-31JAN25-100000-C,87858.11,sell,0.1,,,0.1,,
642,326942474,2024-11-14 22:09:21,3,0.0655,0.0654807,57.58,BTC-31JAN25-100000-C,87858.11,sell,1.6,,,1.6,,
643,326942495,2024-11-14 22:09:23,3,0.0655,0.06531993,57.58,BTC-31JAN25-100000-C,87818.07,sell,0.3,,,0.3,,
644,326942751,2024-11-14 22:10:05,2,0.065,0.06480064,57.7,BTC-31JAN25-100000-C,87698.49,sell,1.5,,,1.5,,
645,326945853,2024-11-14 22:16:55,0,0.0665,0.06655497,57.6,BTC-31JAN25-100000-C,88144.58,sell,0.1,,,0.1,,
646,326945886,2024-11-14 22:17:08,1,0.0665,0.06654237,57.61,BTC-31JAN25-100000-C,88143.77,sell,0.1,,,0.1,,
647,326945904,2024-11-14 22:17:11,1,0.0665,0.06647906,57.64,BTC-31JAN25-100000-C,88125.0,sell,0.1,,,0.1,,
648,326945969,2024-11-14 22:17:48,1,0.0665,0.06649783,57.58,BTC-31JAN25-100000-C,88132.96,sell,0.1,,,0.1,,
649,326945970,2024-11-14 22:17:51,1,0.0665,0.06648308,57.64,BTC-31JAN25-100000-C,88131.96,sell,0.1,,,0.1,,
650,326945979,2024-11-14 22:17:55,1,0.0665,0.06647934,57.64,BTC-31JAN25-100000-C,88129.62,sell,0.1,,,0.1,,
651,326946115,2024-11-14 22:18:11,2,0.066,0.06631058,57.41,BTC-31JAN25-100000-C,87969.5,sell,1.4,,,1.4,,
652,326946815,2024-11-14 22:20:39,3,0.066,0.06601455,57.64,BTC-31JAN25-100000-C,87994.76,sell,0.1,,,0.1,,
653,326946859,2024-11-14 22:21:32,3,0.066,0.06603591,57.58,BTC-31JAN25-100000-C,87996.6,sell,0.1,,,0.1,,
654,326946862,2024-11-14 22:21:38,3,0.066,0.0659891,57.64,BTC-31JAN25-100000-C,87991.33,sell,0.1,,,0.1,,
655,326947044,2024-11-14 22:24:33,3,0.066,0.06607374,57.59,BTC-31JAN25-100000-C,88000.35,sell,2.0,,,2.0,,
656,326947868,2024-11-14 22:31:09,2,0.065,0.06493666,57.71,BTC-31JAN25-100000-C,87728.55,sell,0.1,,,0.1,,
657,326947889,2024-11-14 22:31:12,3,0.065,0.06493362,57.71,BTC-31JAN25-100000-C,87713.58,sell,1.9,,,1.9,,
658,326948288,2024-11-14 22:32:42,2,0.0641,0.06435733,57.55,BTC-31JAN25-100000-C,87591.28,buy,6.3,BTC-CCOND-31JAN25-85000_95000_100000_110000,168167,6.3,,
659,326948347,2024-11-14 22:32:49,0,0.0644,0.0644879,57.66,BTC-31JAN25-100000-C,87630.75,buy,8.0,BTC-CCOND-31JAN25-85000_95000_100000_110000,168168,8.0,,
660,326949318,2024-11-14 22:34:29,2,0.063,0.06294559,57.67,BTC-31JAN25-100000-C,87203.32,sell,0.3,,,0.3,,
661,326949357,2024-11-14 22:34:29,3,0.063,0.06294559,57.67,BTC-31JAN25-100000-C,87203.32,sell,1.7,,,1.7,,
662,326951029,2024-11-14 22:39:55,0,0.064,0.06396449,57.65,BTC-31JAN25-100000-C,87449.73,sell,0.1,,,0.1,,
663,326956585,2024-11-14 23:03:24,1,0.064,0.06385418,57.72,BTC-31JAN25-100000-C,87444.81,sell,0.1,,,0.1,,
664,326956593,2024-11-14 23:03:27,1,0.064,0.06379178,57.75,BTC-31JAN25-100000-C,87428.95,sell,0.1,,,0.1,,
665,326956693,2024-11-14 23:03:48,1,0.064,0.06383049,57.74,BTC-31JAN25-100000-C,87431.54,sell,1.8,,,1.8,,
666,326956694,2024-11-14 23:03:48,1,0.064,0.06383049,57.74,BTC-31JAN25-100000-C,87431.54,sell,0.1,,,0.1,,
667,326958053,2024-11-14 23:08:06,2,0.0635,0.06343548,57.72,BTC-31JAN25-100000-C,87317.48,buy,0.1,,,0.1,,
668,326961088,2024-11-14 23:15:41,2,0.063,0.06278172,57.89,BTC-31JAN25-100000-C,87136.66,buy,0.2,,,0.2,,
669,326970867,2024-11-14 23:52:50,3,0.063,0.06297822,57.92,BTC-31JAN25-100000-C,87110.11,buy,0.4,,,0.4,,
670,326971064,2024-11-14 23:53:35,0,0.0635,0.06353637,57.92,BTC-31JAN25-100000-C,87252.08,buy,0.4,,,0.4,,
671,326977386,2024-11-15 00:13:44,0,0.067,0.06655273,57.94,BTC-31JAN25-100000-C,88129.95,buy,2.2,,,2.2,,
672,326982921,2024-11-15 00:44:39,1,0.067,0.06681447,57.97,BTC-31JAN25-100000-C,88109.77,sell,0.1,,,0.1,,
673,326990503,2024-11-15 01:26:12,2,0.065,0.06507753,57.84,BTC-31JAN25-100000-C,87663.66,buy,0.2,,,0.2,,
674,326999507,2024-11-15 02:21:20,0,0.0655,0.06533959,57.74,BTC-31JAN25-100000-C,87869.22,buy,1.5,,,1.5,,
675,326999614,2024-11-15 02:22:01,2,0.065,0.06504391,57.63,BTC-31JAN25-100000-C,87789.64,buy,0.1,,,0.1,,
676,326999615,2024-11-15 02:22:01,3,0.065,0.06504391,57.63,BTC-31JAN25-100000-C,87789.64,buy,1.4,,,1.4,,
677,327013487,2024-11-15 03:53:10,0,0.0665,0.06639795,57.49,BTC-31JAN25-100000-C,88274.09,buy,0.2,,,0.2,,
678,327017183,2024-11-15 04:23:22,2,0.065,0.06490256,57.52,BTC-31JAN25-100000-C,87855.05,sell,0.1,,,0.1,,
679,327040097,2024-11-15 06:05:27,0,0.066,0.06520123,57.87,BTC-31JAN25-100000-C,87994.87,buy,0.1,,,0.1,,
680,327044425,2024-11-15 06:32:11,2,0.065,0.06495545,57.46,BTC-31JAN25-100000-C,87872.84,sell,1.0,,,1.0,,
681,327096416,2024-11-15 09:25:41,0,0.07,0.07000338,57.43,BTC-31JAN25-100000-C,89212.74,buy,0.1,,,0.1,,
682,327118112,2024-11-15 10:34:19,0,0.0725,0.07159588,58.55,BTC-31JAN25-100000-C,89216.69,buy,5.0,,,5.0,,
683,327118585,2024-11-15 10:37:47,2,0.072,0.07142267,58.55,BTC-31JAN25-100000-C,89135.12,sell,5.5,,,5.5,,
684,327120944,2024-11-15 10:48:49,0,0.0725,0.07208814,58.56,BTC-31JAN25-100000-C,89244.3,buy,0.3,,,0.3,,
685,327159130,2024-11-15 12:40:44,0,0.0755,0.07563516,58.73,BTC-31JAN25-100000-C,89850.48,buy,0.1,,,0.1,,
686,327160304,2024-11-15 12:47:19,1,0.0755,0.07528657,59.02,BTC-31JAN25-100000-C,89747.93,sell,0.1,,,0.1,,
687,327160333,2024-11-15 12:47:30,1,0.0755,0.07517219,59.1,BTC-31JAN25-100000-C,89722.39,sell,0.1,,,0.1,,
688,327162357,2024-11-15 12:59:00,1,0.0755,0.07553721,58.96,BTC-31JAN25-100000-C,89775.4,sell,0.1,,,0.1,,
689,327169957,2024-11-15 13:37:47,2,0.0735,0.07372735,58.53,BTC-31JAN25-100000-C,89422.48,buy,2.0,,,2.0,,
690,327182505,2024-11-15 14:30:41,2,0.073,0.07309152,58.65,BTC-31JAN25-100000-C,89361.34,buy,2.0,,,2.0,,
691,327191656,2024-11-15 14:46:24,2,0.072,0.07209563,58.3,BTC-31JAN25-100000-C,89326.0,buy,2.0,,,2.0,,
692,327194079,2024-11-15 14:48:41,0,0.0745,0.07407512,58.56,BTC-31JAN25-100000-C,89811.46,buy,2.0,,,2.0,,
693,327203157,2024-11-15 15:06:05,2,0.069,0.06951087,57.49,BTC-31JAN25-100000-C,88936.69,sell,0.1,,,0.1,,
694,327205492,2024-11-15 15:09:10,2,0.067,0.06733562,57.43,BTC-31JAN25-100000-C,88407.91,sell,0.1,,,0.1,,
695,327205554,2024-11-15 15:09:12,0,0.0692,0.06715256,58.67,BTC-31JAN25-100000-C,88376.28,sell,12.5,BTC-CS-31JAN25-100000_110000,168327,12.5,,
696,327207829,2024-11-15 15:14:20,2,0.066,0.06684922,57.09,BTC-31JAN25-100000-C,88375.84,sell,7.6,,,7.6,,
697,327207830,2024-11-15 15:14:20,3,0.066,0.06684922,57.09,BTC-31JAN25-100000-C,88375.84,sell,5.0,,,5.0,,
698,327207831,2024-11-15 15:14:20,3,0.066,0.06684922,57.09,BTC-31JAN25-100000-C,88375.84,buy,0.1,,,0.1,,
699,327207832,2024-11-15 15:14:20,3,0.066,0.06684922,57.09,BTC-31JAN25-100000-C,88375.84,buy,7.6,,,7.6,,
700,327207833,2024-11-15 15:14:20,3,0.066,0.06684922,57.09,BTC-31JAN25-100000-C,88375.84,buy,0.1,,,0.1,,
701,327207834,2024-11-15 15:14:21,3,0.066,0.06688128,57.09,BTC-31JAN25-100000-C,88370.32,buy,1.0,,,1.0,,
702,327207857,2024-11-15 15:14:24,3,0.066,0.06686964,57.09,BTC-31JAN25-100000-C,88387.53,buy,6.0,,,6.0,,
703,327210788,2024-11-15 15:22:19,2,0.065,0.06499879,57.16,BTC-31JAN25-100000-C,88053.68,sell,0.1,,,0.1,,
704,327211493,2024-11-15 15:23:22,2,0.0635,0.06449439,56.78,BTC-31JAN25-100000-C,87907.83,sell,1.5,,,1.5,,
705,327219614,2024-11-15 15:39:04,0,0.0645,0.06509443,56.66,BTC-31JAN25-100000-C,88162.96,buy,0.1,,,0.1,,
706,327219620,2024-11-15 15:39:04,1,0.0645,0.06509443,56.66,BTC-31JAN25-100000-C,88162.96,buy,0.4,,,0.4,,
707,327223448,2024-11-15 15:51:32,0,0.067,0.06691963,56.68,BTC-31JAN25-100000-C,88704.77,buy,2.0,,,2.0,,
708,327237046,2024-11-15 16:38:57,0,0.0685,0.06862339,56.57,BTC-31JAN25-100000-C,89212.15,buy,7.5,,,7.5,,
709,327237047,2024-11-15 16:38:57,1,0.0685,0.06862339,56.57,BTC-31JAN25-100000-C,89212.15,buy,0.1,,,0.1,,
710,327237048,2024-11-15 16:38:58,1,0.0685,0.06860447,56.57,BTC-31JAN25-100000-C,89202.14,buy,2.4,,,2.4,,
711,327245164,2024-11-15 17:18:26,0,0.071,0.07060131,56.93,BTC-31JAN25-100000-C,89731.37,buy,1.0,,,1.0,,
712,327275587,2024-11-15 20:13:46,0,0.074,0.07406898,56.12,BTC-31JAN25-100000-C,90859.21,buy,0.1,,,0.1,,
713,327286760,2024-11-15 20:53:17,0,0.076,0.07612536,55.95,BTC-31JAN25-100000-C,91392.87,sell,1.0,,,1.0,,
714,327286878,2024-11-15 20:53:27,1,0.076,0.07606482,55.98,BTC-31JAN25-100000-C,91384.58,sell,1.0,,,1.0,,
715,327289241,2024-11-15 20:57:58,2,0.0755,0.07595758,55.8,BTC-31JAN25-100000-C,91295.6,sell,1.0,,,1.0,,
716,327289332,2024-11-15 20:58:08,3,0.0755,0.07558816,56.0,BTC-31JAN25-100000-C,91242.69,sell,1.0,,,1.0,,
717,327315952,2024-11-15 23:37:01,2,0.074,0.07426484,55.3,BTC-31JAN25-100000-C,91208.49,sell,0.1,,,0.1,,
718,327317275,2024-11-15 23:45:47,2,0.0735,0.0735823,55.35,BTC-31JAN25-100000-C,91058.83,sell,0.1,,,0.1,,
719,327320390,2024-11-16 00:01:23,2,0.073,0.07324525,55.13,BTC-31JAN25-100000-C,91058.88,sell,0.1,,,0.1,,
720,327336249,2024-11-16 03:03:01,0,0.0745,0.07388062,55.08,BTC-31JAN25-100000-C,91512.43,buy,0.6,,,0.6,,
721,327336250,2024-11-16 03:03:01,1,0.0745,0.07388062,55.08,BTC-31JAN25-100000-C,91512.43,buy,2.5,,,2.5,,
722,327336251,2024-11-16 03:03:01,1,0.0745,0.07388062,55.08,BTC-31JAN25-100000-C,91512.43,sell,1.0,,,1.0,,
723,327336252,2024-11-16 03:03:01,1,0.0745,0.07388062,55.08,BTC-31JAN25-100000-C,91512.43,sell,0.5,,,0.5,,
724,327336253,2024-11-16 03:03:01,1,0.0745,0.07388062,55.08,BTC-31JAN25-100000-C,91512.43,sell,0.3,,,0.3,,
725,327336268,2024-11-16 03:03:12,1,0.0745,0.0739521,55.05,BTC-31JAN25-100000-C,91524.31,sell,1.8,,,1.8,,
726,327336269,2024-11-16 03:03:12,1,0.0745,0.0739521,55.05,BTC-31JAN25-100000-C,91524.31,sell,0.3,,,0.3,,
727,327336270,2024-11-16 03:03:12,1,0.0745,0.0739521,55.05,BTC-31JAN25-100000-C,91524.31,sell,0.1,,,0.1,,
728,327336281,2024-11-16 03:03:14,1,0.0745,0.07395402,55.05,BTC-31JAN25-100000-C,91525.44,sell,1.8,,,1.8,,
729,327336282,2024-11-16 03:03:14,1,0.0745,0.07395402,55.05,BTC-31JAN25-100000-C,91525.44,sell,0.1,,,0.1,,
730,327336283,2024-11-16 03:03:14,1,0.0745,0.07395402,55.05,BTC-31JAN25-100000-C,91525.44,sell,0.1,,,0.1,,
731,327336284,2024-11-16 03:03:15,1,0.0745,0.07394436,55.06,BTC-31JAN25-100000-C,91521.12,sell,0.5,,,0.5,,
732,327336289,2024-11-16 03:03:26,1,0.0745,0.07396417,55.05,BTC-31JAN25-100000-C,91519.95,sell,0.4,,,0.4,,
733,327337905,2024-11-16 03:34:30,0,0.075,0.07483234,55.78,BTC-31JAN25-100000-C,91285.58,sell,0.3,,,0.3,,
734,327337922,2024-11-16 03:34:37,1,0.075,0.07474938,55.85,BTC-31JAN25-100000-C,91257.85,sell,0.3,,,0.3,,
735,327338012,2024-11-16 03:35:00,1,0.075,0.07474246,55.88,BTC-31JAN25-100000-C,91243.61,sell,0.3,,,0.3,,
736,327338201,2024-11-16 03:35:01,1,0.075,0.07474031,55.88,BTC-31JAN25-100000-C,91242.48,sell,0.2,,,0.2,,
737,327338209,2024-11-16 03:35:01,1,0.075,0.07474031,55.88,BTC-31JAN25-100000-C,91242.48,sell,7.5,,,7.5,,
738,327338212,2024-11-16 03:35:02,1,0.075,0.07474031,55.88,BTC-31JAN25-100000-C,91242.48,sell,0.9,,,0.9,,
739,327338254,2024-11-16 03:35:10,1,0.075,0.07441209,56.11,BTC-31JAN25-100000-C,91139.74,sell,0.3,,,0.3,,
740,327338257,2024-11-16 03:35:10,1,0.075,0.07441209,56.11,BTC-31JAN25-100000-C,91139.74,sell,0.2,,,0.2,,
741,327339683,2024-11-16 03:47:08,2,0.0745,0.07504045,55.45,BTC-31JAN25-100000-C,91280.91,buy,0.1,,,0.1,,
742,327346820,2024-11-16 05:30:42,0,0.077,0.0765675,56.04,BTC-31JAN25-100000-C,91647.55,buy,7.5,,,7.5,,
743,327346821,2024-11-16 05:30:42,1,0.077,0.0765675,56.04,BTC-31JAN25-100000-C,91647.55,buy,2.5,,,2.5,,
744,327353225,2024-11-16 07:32:55,2,0.0755,0.07528879,56.24,BTC-31JAN25-100000-C,91240.78,sell,1.5,,,1.5,,
745,327353741,2024-11-16 07:36:53,3,0.0755,0.07536466,56.31,BTC-31JAN25-100000-C,91209.46,sell,2.2,,,2.2,,
746,327353760,2024-11-16 07:36:56,3,0.0755,0.0753248,56.34,BTC-31JAN25-100000-C,91201.46,sell,2.2,,,2.2,,
747,327353807,2024-11-16 07:37:08,3,0.0755,0.07538786,56.33,BTC-31JAN25-100000-C,91210.43,sell,1.8,,,1.8,,
748,327355911,2024-11-16 07:51:56,0,0.076,0.0759051,56.61,BTC-31JAN25-100000-C,91201.61,sell,2.3,,,2.3,,
749,327356017,2024-11-16 07:52:10,1,0.076,0.07582218,56.66,BTC-31JAN25-100000-C,91185.96,sell,4.0,,,4.0,,
750,327356956,2024-11-16 07:57:58,1,0.076,0.07607784,56.71,BTC-31JAN25-100000-C,91173.03,sell,1.8,,,1.8,,
751,327359342,2024-11-16 08:07:14,1,0.076,0.07639022,56.64,BTC-31JAN25-100000-C,91196.58,sell,4.2,,,4.2,,
752,327359343,2024-11-16 08:07:14,1,0.076,0.07639022,56.64,BTC-31JAN25-100000-C,91196.58,buy,4.8,,,4.8,,
753,327360341,2024-11-16 08:12:34,1,0.076,0.07615061,56.72,BTC-31JAN25-100000-C,91168.94,sell,5.0,,,5.0,,
754,327361440,2024-11-16 08:22:57,0,0.0765,0.07647849,56.81,BTC-31JAN25-100000-C,91249.79,sell,10.0,,,10.0,,
755,327361477,2024-11-16 08:23:22,1,0.0765,0.07649488,56.79,BTC-31JAN25-100000-C,91251.9,sell,10.0,,,10.0,,
756,327364017,2024-11-16 08:38:42,2,0.076,0.07646164,56.33,BTC-31JAN25-100000-C,91325.38,sell,1.5,,,1.5,,
757,327364020,2024-11-16 08:38:49,3,0.076,0.07646122,56.33,BTC-31JAN25-100000-C,91326.06,sell,1.5,,,1.5,,
758,327364371,2024-11-16 08:42:51,3,0.076,0.07651347,56.3,BTC-31JAN25-100000-C,91345.67,sell,1.5,,,1.5,,
759,327364382,2024-11-16 08:42:53,3,0.076,0.0764874,56.31,BTC-31JAN25-100000-C,91333.47,sell,1.9,,,1.9,,
760,327364445,2024-11-16 08:43:30,3,0.076,0.07646002,56.33,BTC-31JAN25-100000-C,91324.04,sell,1.6,,,1.6,,
761,327364528,2024-11-16 08:45:10,3,0.076,0.07641306,56.37,BTC-31JAN25-100000-C,91315.8,sell,1.5,,,1.5,,
762,327364557,2024-11-16 08:45:13,3,0.076,0.07640148,56.37,BTC-31JAN25-100000-C,91309.39,sell,0.5,,,0.5,,
763,327368102,2024-11-16 10:00:07,0,0.077,0.07674447,57.05,BTC-31JAN25-100000-C,91265.45,sell,9.0,,,9.0,,
764,327368499,2024-11-16 10:03:19,0,0.0775,0.07713074,57.19,BTC-31JAN25-100000-C,91309.0,sell,10.0,,,10.0,,
765,327368513,2024-11-16 10:03:36,1,0.0775,0.07709225,57.22,BTC-31JAN25-100000-C,91304.78,sell,0.3,,,0.3,,
766,327368515,2024-11-16 10:03:36,1,0.0775,0.07709225,57.22,BTC-31JAN25-100000-C,91304.78,sell,4.0,,,4.0,,
767,327368518,2024-11-16 10:03:39,1,0.0775,0.0770982,57.22,BTC-31JAN25-100000-C,91304.5,sell,0.3,,,0.3,,
768,327368527,2024-11-16 10:03:43,1,0.0775,0.07711521,57.22,BTC-31JAN25-100000-C,91310.11,sell,0.5,,,0.5,,
769,327368530,2024-11-16 10:03:46,1,0.0775,0.07706897,57.24,BTC-31JAN25-100000-C,91293.93,sell,0.3,,,0.3,,
770,327368539,2024-11-16 10:03:54,1,0.0775,0.07705575,57.25,BTC-31JAN25-100000-C,91289.14,sell,0.3,,,0.3,,
771,327368557,2024-11-16 10:04:12,1,0.0775,0.07714569,57.21,BTC-31JAN25-100000-C,91300.21,sell,0.3,,,0.3,,
772,327369668,2024-11-16 10:19:36,1,0.0775,0.07758151,57.02,BTC-31JAN25-100000-C,91392.07,buy,1.0,,,1.0,,
773,327372163,2024-11-16 10:43:09,0,0.079,0.07861379,57.55,BTC-31JAN25-100000-C,91544.55,buy,7.5,,,7.5,,
774,327372164,2024-11-16 10:43:09,1,0.079,0.07861379,57.55,BTC-31JAN25-100000-C,91544.55,buy,0.1,,,0.1,,
775,327372165,2024-11-16 10:43:09,1,0.079,0.07861379,57.55,BTC-31JAN25-100000-C,91544.55,sell,7.5,,,7.5,,
776,327372166,2024-11-16 10:43:09,1,0.079,0.07861379,57.55,BTC-31JAN25-100000-C,91544.55,sell,0.1,,,0.1,,
777,327372167,2024-11-16 10:43:09,1,0.079,0.07861379,57.55,BTC-31JAN25-100000-C,91544.55,sell,5.5,,,5.5,,
778,327372169,2024-11-16 10:43:11,1,0.079,0.07860269,57.55,BTC-31JAN25-100000-C,91542.58,sell,3.3,,,3.3,,
779,327373904,2024-11-16 11:04:42,2,0.0785,0.0783524,57.66,BTC-31JAN25-100000-C,91336.38,sell,0.1,,,0.1,,
780,327375454,2024-11-16 11:18:52,0,0.079,0.07877625,58.03,BTC-31JAN25-100000-C,91292.88,sell,9.9,,,9.9,,
781,327388129,2024-11-16 12:29:18,2,0.0785,0.07826675,58.79,BTC-31JAN25-100000-C,90832.27,sell,0.1,,,0.1,,
782,327388256,2024-11-16 12:31:06,2,0.078,0.07824596,58.47,BTC-31JAN25-100000-C,90860.21,sell,37.7,,168420,37.7,,
783,327395491,2024-11-16 14:05:10,2,0.076,0.076675,57.59,BTC-31JAN25-100000-C,90780.28,sell,0.1,,,0.1,,
784,327410735,2024-11-16 15:52:17,2,0.075,0.07495932,58.11,BTC-31JAN25-100000-C,90264.57,sell,0.1,,,0.1,,
785,327439067,2024-11-16 20:23:59,0,0.076,0.07536358,57.38,BTC-31JAN25-100000-C,90902.04,buy,7.2,,,7.2,,
786,327439068,2024-11-16 20:23:59,1,0.076,0.07536358,57.38,BTC-31JAN25-100000-C,90902.04,buy,2.8,,,2.8,,
787,327439204,2024-11-16 20:24:11,2,0.0755,0.07514625,57.1,BTC-31JAN25-100000-C,90825.93,sell,2.8,,,2.8,,
788,327439240,2024-11-16 20:24:13,3,0.0755,0.07481691,57.1,BTC-31JAN25-100000-C,90747.05,sell,5.7,,,5.7,,
789,327439271,2024-11-16 20:24:22,3,0.0755,0.07482615,57.48,BTC-31JAN25-100000-C,90750.52,sell,1.5,,,1.5,,
790,327439490,2024-11-16 20:25:22,3,0.0755,0.07486428,57.47,BTC-31JAN25-100000-C,90741.88,buy,5.0,,,5.0,,
791,327466357,2024-11-17 02:03:23,2,0.072,0.07206877,57.23,BTC-31JAN25-100000-C,90062.89,sell,0.1,,,0.1,,
792,327468179,2024-11-17 02:07:19,2,0.071,0.07075602,57.35,BTC-31JAN25-100000-C,89727.33,sell,0.1,,,0.1,,
793,327577523,2024-11-17 18:34:50,0,0.0735,0.07351516,58.22,BTC-31JAN25-100000-C,89919.82,sell,0.1,,,0.1,,
794,327590965,2024-11-17 21:18:14,2,0.0695,0.06941469,57.23,BTC-31JAN25-100000-C,89397.16,sell,0.1,,,0.1,,
795,327628854,2024-11-18 02:19:56,0,0.0735,0.07365437,56.94,BTC-31JAN25-100000-C,90562.55,buy,0.3,,,0.3,,
796,327636308,2024-11-18 03:59:39,0,0.0745,0.07428559,57.27,BTC-31JAN25-100000-C,90664.59,buy,0.1,,,0.1,,
797,327636309,2024-11-18 03:59:39,1,0.0745,0.07428559,57.27,BTC-31JAN25-100000-C,90664.59,buy,1.0,,,1.0,,
798,327636421,2024-11-18 04:00:35,1,0.0745,0.07431516,57.31,BTC-31JAN25-100000-C,90648.37,sell,3.4,,,3.4,,
799,327636422,2024-11-18 04:00:35,1,0.0745,0.07431516,57.31,BTC-31JAN25-100000-C,90648.37,sell,0.5,,,0.5,,
800,327636423,2024-11-18 04:00:35,1,0.0745,0.07431516,57.31,BTC-31JAN25-100000-C,90648.37,sell,2.0,,,2.0,,
801,327638108,2024-11-18 04:31:06,2,0.074,0.07420394,57.36,BTC-31JAN25-100000-C,90531.77,sell,3.4,,,3.4,,
802,327638109,2024-11-18 04:31:08,3,0.074,0.07420931,57.36,BTC-31JAN25-100000-C,90533.1,sell,1.6,,,1.6,,
803,327642676,2024-11-18 05:43:31,0,0.075,0.07423528,57.64,BTC-31JAN25-100000-C,90629.59,buy,0.1,,,0.1,,
804,327659077,2024-11-18 07:00:48,0,0.0825,0.08186158,57.83,BTC-31JAN25-100000-C,92224.71,buy,0.5,,,0.5,,
805,327738642,2024-11-18 13:49:49,2,0.0705,0.0710119,57.3,BTC-31JAN25-100000-C,89804.02,sell,0.7,,,0.7,,
806,327738643,2024-11-18 13:49:49,3,0.0705,0.0710119,57.3,BTC-31JAN25-100000-C,89804.02,sell,2.3,,,2.3,,
807,327740990,2024-11-18 14:05:12,0,0.071,0.07104833,57.47,BTC-31JAN25-100000-C,89870.92,buy,0.3,,,0.3,,
808,327741151,2024-11-18 14:05:28,1,0.071,0.07100342,57.44,BTC-31JAN25-100000-C,89882.44,buy,0.3,,,0.3,,
809,327741165,2024-11-18 14:05:28,1,0.071,0.07100342,57.44,BTC-31JAN25-100000-C,89882.44,buy,0.4,,,0.4,,
810,327769099,2024-11-18 15:45:08,0,0.0795,0.07955432,57.2,BTC-31JAN25-100000-C,91998.79,buy,0.2,,,0.2,,
811,327769137,2024-11-18 15:45:11,1,0.0795,0.07968936,57.01,BTC-31JAN25-100000-C,92044.73,buy,1.9,,,1.9,,
812,327769176,2024-11-18 15:45:13,1,0.0795,0.07976938,57.01,BTC-31JAN25-100000-C,92050.64,buy,0.1,,,0.1,,
813,327769179,2024-11-18 15:45:13,1,0.0795,0.07976938,57.01,BTC-31JAN25-100000-C,92050.64,buy,2.2,,,2.2,,
814,327769180,2024-11-18 15:45:13,1,0.0795,0.07973554,57.01,BTC-31JAN25-100000-C,92042.57,buy,5.6,,,5.6,,
815,327786552,2024-11-18 16:20:24,0,0.08,0.07992589,57.32,BTC-31JAN25-100000-C,92014.63,sell,0.1,,,0.1,,
816,327786570,2024-11-18 16:20:25,1,0.08,0.07986611,57.32,BTC-31JAN25-100000-C,92000.54,sell,0.1,,,0.1,,
817,327786571,2024-11-18 16:20:25,1,0.08,0.07986611,57.32,BTC-31JAN25-100000-C,92000.54,sell,0.1,,,0.1,,
818,327786996,2024-11-18 16:22:07,2,0.0795,0.07937278,57.29,BTC-31JAN25-100000-C,91854.76,sell,0.1,,,0.1,,
819,327787791,2024-11-18 16:22:44,2,0.079,0.07900279,57.24,BTC-31JAN25-100000-C,91781.79,sell,0.1,,,0.1,,
820,327793164,2024-11-18 16:45:00,2,0.0785,0.07827594,57.06,BTC-31JAN25-100000-C,91750.72,sell,0.1,,,0.1,,
821,327793473,2024-11-18 16:45:59,2,0.078,0.0779721,56.91,BTC-31JAN25-100000-C,91677.53,sell,0.1,,,0.1,,
822,327811778,2024-11-18 18:03:17,2,0.0775,0.07687208,57.21,BTC-31JAN25-100000-C,91471.71,buy,0.3,,,0.3,,
823,327898585,2024-11-19 03:45:40,0,0.079,0.07812148,58.38,BTC-31JAN25-100000-C,91424.72,buy,0.1,,,0.1,,
824,327915603,2024-11-19 06:31:18,0,0.081,0.08098093,58.4,BTC-31JAN25-100000-C,91911.33,buy,1.0,,,1.0,,
825,327916614,2024-11-19 06:39:27,2,0.0805,0.08071738,58.22,BTC-31JAN25-100000-C,91888.72,buy,0.1,,,0.1,,
826,327942092,2024-11-19 09:59:16,3,0.0805,0.08127654,58.52,BTC-31JAN25-100000-C,91756.37,sell,1.0,,,1.0,,
827,327962249,2024-11-19 12:32:45,0,0.082,0.08214938,57.98,BTC-31JAN25-100000-C,92263.2,sell,0.1,,,0.1,,
828,327965625,2024-11-19 12:38:22,1,0.082,0.08189536,57.97,BTC-31JAN25-100000-C,92297.45,sell,0.1,,,0.1,,
829,327977025,2024-11-19 13:15:51,0,0.0835,0.0831261,57.86,BTC-31JAN25-100000-C,92693.11,sell,1.9,,,1.9,,
830,327977055,2024-11-19 13:15:59,1,0.0835,0.08318858,57.89,BTC-31JAN25-100000-C,92697.2,sell,0.1,,,0.1,,
831,327979914,2024-11-19 13:25:39,2,0.081,0.08123647,57.5,BTC-31JAN25-100000-C,92303.13,sell,0.5,,,0.5,,
832,328006738,2024-11-19 14:47:12,2,0.08,0.07953758,57.41,BTC-31JAN25-100000-C,92200.76,buy,0.1,,,0.1,,
833,328021395,2024-11-19 15:26:06,2,0.0785,0.07775303,57.18,BTC-31JAN25-100000-C,91842.78,buy,25.0,,168782,25.0,,
834,328021704,2024-11-19 15:27:26,3,0.0785,0.07829152,57.11,BTC-31JAN25-100000-C,91862.24,sell,1.8,,,1.8,,
835,328022518,2024-11-19 15:28:52,2,0.0775,0.07773448,57.05,BTC-31JAN25-100000-C,91669.59,sell,2.7,,,2.7,,
836,328028746,2024-11-19 15:44:54,0,0.081,0.08171694,57.52,BTC-31JAN25-100000-C,92279.68,sell,7.3,,,7.3,,
837,328030364,2024-11-19 15:47:35,0,0.0825,0.08240956,58.21,BTC-31JAN25-100000-C,92413.26,sell,1.0,,,1.0,,
838,328041623,2024-11-19 16:30:08,2,0.082,0.08234036,57.21,BTC-31JAN25-100000-C,92660.42,sell,0.4,,,0.4,,
839,328042979,2024-11-19 16:33:37,2,0.0815,0.08166114,57.14,BTC-31JAN25-100000-C,92497.21,sell,2.7,,,2.7,,
840,328052308,2024-11-19 17:09:34,0,0.083,0.08295813,57.12,BTC-31JAN25-100000-C,92924.23,buy,0.1,,,0.1,,
841,328052309,2024-11-19 17:09:34,1,0.083,0.08295813,57.12,BTC-31JAN25-100000-C,92924.23,buy,7.2,,,7.2,,
842,328055537,2024-11-19 17:17:22,2,0.082,0.08199287,57.19,BTC-31JAN25-100000-C,92679.45,sell,0.4,,,0.4,,
843,328055747,2024-11-19 17:18:00,3,0.082,0.08215735,57.09,BTC-31JAN25-100000-C,92705.1,sell,0.4,,,0.4,,
844,328056393,2024-11-19 17:21:24,2,0.0815,0.08173127,57.1,BTC-31JAN25-100000-C,92578.29,sell,0.4,,,0.4,,
845,328065538,2024-11-19 17:46:59,0,0.0825,0.0826655,57.44,BTC-31JAN25-100000-C,92698.25,sell,3.0,,,3.0,,
846,328065947,2024-11-19 17:47:55,0,0.083,0.08337428,57.57,BTC-31JAN25-100000-C,92857.55,sell,2.5,,,2.5,,
847,328071991,2024-11-19 18:10:19,0,0.0855,0.08539966,57.71,BTC-31JAN25-100000-C,93243.21,buy,0.1,,,0.1,,
848,328073783,2024-11-19 18:15:09,0,0.086,0.0860013,57.62,BTC-31JAN25-100000-C,93391.28,buy,0.1,,,0.1,,
849,328074378,2024-11-19 18:16:28,0,0.0865,0.08605889,57.99,BTC-31JAN25-100000-C,93374.5,buy,0.1,,,0.1,,
850,328074379,2024-11-19 18:16:28,1,0.0865,0.08605889,57.99,BTC-31JAN25-100000-C,93374.5,buy,7.1,,,7.1,,
851,328075252,2024-11-19 18:17:02,0,0.087,0.08681602,57.85,BTC-31JAN25-100000-C,93540.08,buy,0.1,,,0.1,,
852,328077198,2024-11-19 18:19:06,2,0.0855,0.08462237,58.22,BTC-31JAN25-100000-C,93067.59,buy,7.3,,,7.3,,
853,328077199,2024-11-19 18:19:06,3,0.0855,0.08462237,58.22,BTC-31JAN25-100000-C,93067.59,buy,7.1,,,7.1,,
854,328077200,2024-11-19 18:19:06,3,0.0855,0.08462237,58.22,BTC-31JAN25-100000-C,93067.59,buy,3.0,,,3.0,,
855,328077201,2024-11-19 18:19:06,3,0.0855,0.08462237,58.22,BTC-31JAN25-100000-C,93067.59,buy,4.3,,,4.3,,
856,328077202,2024-11-19 18:19:06,3,0.0855,0.08462237,58.22,BTC-31JAN25-100000-C,93067.59,sell,7.3,,,7.3,,
857,328077203,2024-11-19 18:19:06,3,0.0855,0.08462237,58.22,BTC-31JAN25-100000-C,93067.59,sell,0.1,,,0.1,,
858,328077206,2024-11-19 18:19:07,3,0.0855,0.08462237,58.22,BTC-31JAN25-100000-C,93067.59,sell,0.1,,,0.1,,
859,328077245,2024-11-19 18:19:10,3,0.0855,0.08476242,58.22,BTC-31JAN25-100000-C,93073.73,sell,0.1,,,0.1,,
860,328077274,2024-11-19 18:19:13,3,0.0855,0.08486801,58.22,BTC-31JAN25-100000-C,93096.91,sell,25.0,,,25.0,,
861,328077277,2024-11-19 18:19:14,3,0.0855,0.08482384,58.08,BTC-31JAN25-100000-C,93071.19,sell,45.7,,,45.7,,
862,328078583,2024-11-19 18:22:48,0,0.086,0.08584393,57.91,BTC-31JAN25-100000-C,93296.66,sell,0.1,,,0.1,,
863,328080103,2024-11-19 18:26:53,1,0.086,0.08578065,57.93,BTC-31JAN25-100000-C,93261.06,sell,0.1,,,0.1,,
864,328080901,2024-11-19 18:28:28,0,0.0875,0.08665879,58.52,BTC-31JAN25-100000-C,93517.76,buy,0.1,,,0.1,,
865,328081510,2024-11-19 18:28:50,0,0.088,0.08772016,58.08,BTC-31JAN25-100000-C,93701.3,buy,0.1,,,0.1,,
866,328100128,2024-11-19 19:18:58,2,0.0879,0.08824554,57.64,BTC-31JAN25-100000-C,93848.82,sell,25.0,,168824,25.0,,
867,328103010,2024-11-19 19:32:33,2,0.0865,0.08655807,57.65,BTC-31JAN25-100000-C,93587.3,sell,0.9,,,0.9,,
868,328103011,2024-11-19 19:32:33,3,0.0865,0.08655807,57.65,BTC-31JAN25-100000-C,93587.3,sell,0.9,,,0.9,,
869,328106751,2024-11-19 19:48:20,2,0.086,0.08635538,57.47,BTC-31JAN25-100000-C,93514.95,sell,0.9,,,0.9,,
870,328131575,2024-11-19 21:06:12,2,0.083,0.08306024,57.6,BTC-31JAN25-100000-C,92792.69,sell,2.0,,,2.0,,
871,328173641,2024-11-20 01:48:37,2,0.0795,0.0796015,58.11,BTC-31JAN25-100000-C,91923.43,sell,0.5,,,0.5,,
872,328174262,2024-11-20 01:52:49,0,0.0805,0.08055151,58.07,BTC-31JAN25-100000-C,92143.73,sell,0.5,,,0.5,,
873,328174754,2024-11-20 01:55:54,2,0.08,0.08005799,58.0,BTC-31JAN25-100000-C,92057.43,sell,0.5,,,0.5,,
874,328175475,2024-11-20 02:02:41,0,0.0805,0.0799346,58.35,BTC-31JAN25-100000-C,92036.69,buy,0.5,,,0.5,,
875,328176383,2024-11-20 02:10:17,2,0.079,0.07933135,57.94,BTC-31JAN25-100000-C,91862.75,buy,5.0,,,5.0,,
876,328179652,2024-11-20 02:43:44,0,0.0795,0.07970093,57.93,BTC-31JAN25-100000-C,92013.63,sell,0.6,,,0.6,,
877,328187823,2024-11-20 03:44:04,0,0.08,0.07969696,58.07,BTC-31JAN25-100000-C,92107.5,sell,0.9,,,0.9,,
878,328187824,2024-11-20 03:44:04,1,0.08,0.07969696,58.07,BTC-31JAN25-100000-C,92107.5,sell,0.1,,,0.1,,
879,328187859,2024-11-20 03:44:17,1,0.08,0.07972991,58.05,BTC-31JAN25-100000-C,92113.18,sell,0.9,,,0.9,,
880,328187955,2024-11-20 03:44:50,1,0.08,0.07962989,58.12,BTC-31JAN25-100000-C,92087.2,sell,0.1,,,0.1,,
881,328190772,2024-11-20 04:12:42,1,0.08,0.07982845,58.2,BTC-31JAN25-100000-C,92074.44,sell,1.0,,,1.0,,
882,328210158,2024-11-20 07:51:33,0,0.0835,0.08376041,58.15,BTC-31JAN25-100000-C,92845.76,buy,0.1,,,0.1,,
883,328224017,2024-11-20 09:11:50,0,0.0855,0.08571925,57.87,BTC-31JAN25-100000-C,93408.63,buy,0.5,,,0.5,,
884,328227665,2024-11-20 09:28:09,0,0.086,0.08593847,57.97,BTC-31JAN25-100000-C,93506.85,sell,2.0,,,2.0,,
885,328227905,2024-11-20 09:28:36,1,0.086,0.0858874,58.0,BTC-31JAN25-100000-C,93502.95,sell,1.0,,,1.0,,
886,328232161,2024-11-20 09:54:16,2,0.0845,0.08396781,58.08,BTC-31JAN25-100000-C,93153.35,buy,0.5,,,0.5,,
887,328232162,2024-11-20 09:54:16,3,0.0845,0.08396781,58.08,BTC-31JAN25-100000-C,93153.35,buy,7.2,,,7.2,,
888,328233428,2024-11-20 10:00:35,0,0.085,0.08444651,58.26,BTC-31JAN25-100000-C,93200.57,buy,0.1,,,0.1,,
889,328233429,2024-11-20 10:00:35,1,0.085,0.08444651,58.26,BTC-31JAN25-100000-C,93200.57,buy,0.5,,,0.5,,
890,328233430,2024-11-20 10:00:35,1,0.085,0.08444651,58.26,BTC-31JAN25-100000-C,93200.57,buy,0.6,,,0.6,,
891,328241650,2024-11-20 11:10:35,0,0.086,0.08594096,58.64,BTC-31JAN25-100000-C,93301.19,buy,0.7,,,0.7,,
892,328242676,2024-11-20 11:14:19,2,0.0842,0.08459746,58.4,BTC-31JAN25-100000-C,93021.25,sell,25.0,,168952,25.0,,
893,328242829,2024-11-20 11:14:52,2,0.0839,0.0845273,58.23,BTC-31JAN25-100000-C,92984.17,sell,100.0,,168953,100.0,,
894,328243341,2024-11-20 11:16:50,0,0.085,0.08498523,58.59,BTC-31JAN25-100000-C,93091.51,buy,1.0,,,1.0,,
895,328243342,2024-11-20 11:16:50,1,0.085,0.08498523,58.59,BTC-31JAN25-100000-C,93091.51,buy,0.2,,,0.2,,
896,328243343,2024-11-20 11:16:50,2,0.0846,0.08498523,58.36,BTC-31JAN25-100000-C,93091.51,sell,25.0,,168954,25.0,,
897,328244861,2024-11-20 11:26:54,0,0.0853,0.08560978,58.38,BTC-31JAN25-100000-C,93277.08,sell,25.0,,168957,25.0,,
898,328271282,2024-11-20 13:20:05,0,0.0905,0.0908398,58.68,BTC-31JAN25-100000-C,94279.39,sell,2.5,,,2.5,,
899,328272396,2024-11-20 13:21:13,2,0.0893,0.09113895,57.85,BTC-31JAN25-100000-C,94349.61,sell,25.0,BTC-RR-31JAN25-75000_100000,168976,25.0,,
900,328274297,2024-11-20 13:23:19,0,0.0905,0.09068816,58.83,BTC-31JAN25-100000-C,94238.05,sell,0.9,,,0.9,,
901,328274779,2024-11-20 13:24:26,1,0.0905,0.09068827,58.78,BTC-31JAN25-100000-C,94256.13,sell,0.9,,,0.9,,
902,328278236,2024-11-20 13:34:39,0,0.0915,0.09145439,58.85,BTC-31JAN25-100000-C,94432.52,buy,0.1,,,0.1,,
903,328278238,2024-11-20 13:34:39,1,0.0915,0.09145439,58.85,BTC-31JAN25-100000-C,94432.52,buy,0.3,,,0.3,,
904,328278245,2024-11-20 13:34:40,1,0.0915,0.09145439,58.85,BTC-31JAN25-100000-C,94432.52,buy,0.1,,,0.1,,
905,328285270,2024-11-20 13:56:11,0,0.0925,0.09212816,59.15,BTC-31JAN25-100000-C,94550.76,buy,0.5,,,0.5,,
906,328285271,2024-11-20 13:56:11,1,0.0925,0.09212816,59.15,BTC-31JAN25-100000-C,94550.76,buy,6.7,,,6.7,,
907,328288271,2024-11-20 14:06:16,2,0.092,0.09191409,59.2,BTC-31JAN25-100000-C,94398.63,sell,0.6,,,0.6,,
908,328289108,2024-11-20 14:07:41,0,0.0925,0.09258499,59.13,BTC-31JAN25-100000-C,94547.9,sell,0.3,,,0.3,,
909,328290056,2024-11-20 14:09:06,0,0.093,0.09287855,59.24,BTC-31JAN25-100000-C,94610.45,buy,1.0,,,1.0,,
910,328293333,2024-11-20 14:14:02,2,0.092,0.09168577,59.31,BTC-31JAN25-100000-C,94372.35,buy,1.0,,,1.0,,
911,328297416,2024-11-20 14:22:18,3,0.092,0.09144892,59.56,BTC-31JAN25-100000-C,94268.11,buy,1.0,,,1.0,,
912,328297417,2024-11-20 14:22:18,3,0.092,0.09144892,59.56,BTC-31JAN25-100000-C,94268.11,buy,6.2,,,6.2,,
913,328299177,2024-11-20 14:27:45,0,0.0925,0.09256542,59.35,BTC-31JAN25-100000-C,94450.28,sell,0.4,,,0.4,,
914,328299214,2024-11-20 14:28:02,1,0.0925,0.09256359,59.35,BTC-31JAN25-100000-C,94450.9,sell,0.4,,,0.4,,
915,328303938,2024-11-20 14:38:36,1,0.0925,0.09211893,59.84,BTC-31JAN25-100000-C,94359.44,buy,0.2,,,0.2,,
916,328303939,2024-11-20 14:38:36,1,0.0925,0.09211893,59.84,BTC-31JAN25-100000-C,94359.44,buy,7.0,,,7.0,,
917,328320018,2024-11-20 15:11:28,0,0.093,0.09323458,59.95,BTC-31JAN25-100000-C,94314.67,sell,3.0,,,3.0,,
918,328320019,2024-11-20 15:11:28,0,0.0935,0.09323458,60.23,BTC-31JAN25-100000-C,94314.67,buy,0.6,,,0.6,,
919,328320391,2024-11-20 15:12:30,0,0.094,0.09376109,60.68,BTC-31JAN25-100000-C,94382.8,sell,0.5,,,0.5,,
920,328320414,2024-11-20 15:12:31,1,0.094,0.09381346,60.68,BTC-31JAN25-100000-C,94385.92,sell,0.4,,,0.4,,
921,328321253,2024-11-20 15:14:02,0,0.0945,0.09463307,60.27,BTC-31JAN25-100000-C,94564.26,sell,0.9,,,0.9,,
922,328321630,2024-11-20 15:15:05,2,0.094,0.09399043,60.35,BTC-31JAN25-100000-C,94429.01,sell,2.1,,,2.1,,
923,328333202,2024-11-20 15:44:45,0,0.096,0.09637542,60.53,BTC-31JAN25-100000-C,94804.68,sell,3.0,,,3.0,,
924,328333339,2024-11-20 15:45:30,1,0.096,0.09652229,60.44,BTC-31JAN25-100000-C,94848.14,sell,7.1,,,7.1,,
925,328333340,2024-11-20 15:45:30,1,0.096,0.09652229,60.44,BTC-31JAN25-100000-C,94848.14,sell,3.2,,,3.2,,
926,328333341,2024-11-20 15:45:30,1,0.096,0.09652229,60.44,BTC-31JAN25-100000-C,94848.14,buy,7.1,,,7.1,,
927,328333342,2024-11-20 15:45:30,1,0.096,0.09652229,60.44,BTC-31JAN25-100000-C,94848.14,buy,0.1,,,0.1,,
928,328333343,2024-11-20 15:45:30,1,0.096,0.09652229,60.44,BTC-31JAN25-100000-C,94848.14,buy,0.1,,,0.1,,
929,328333344,2024-11-20 15:45:30,1,0.096,0.09652229,60.44,BTC-31JAN25-100000-C,94848.14,buy,5.1,,,5.1,,
