trade_seq,trade_id,timestamp,tick_direction,price,mark_price,iv,instrument_name,index_price,direction,contracts,amount,combo_id,block_trade_id,combo_trade_id
1,343572811,2025-01-24 04:45:28,1,0.0765,0.07573569,57.01,BTC-14FEB25-101000-C,104670.22,buy,7.9,7.9,,,
2,343696378,2025-01-24 17:29:00,0,0.084,0.08349835,55.63,BTC-14FEB25-101000-C,106410.23,buy,1.0,1.0,,,
3,343757872,2025-01-24 23:29:15,2,0.072,0.07180681,53.82,BTC-14FEB25-101000-C,104604.61,sell,0.3,0.3,,,
4,343757949,2025-01-24 23:30:38,3,0.072,0.07173954,53.88,BTC-14FEB25-101000-C,104595.93,sell,0.2,0.2,,,
5,343757963,2025-01-24 23:30:38,3,0.072,0.07173954,53.88,BTC-14FEB25-101000-C,104595.93,sell,0.5,0.5,,,
6,343779082,2025-01-25 05:55:32,2,0.07,0.06993527,53.09,BTC-14FEB25-101000-C,104384.94,sell,0.1,0.1,,,
7,343908643,2025-01-26 23:17:15,2,0.06,0.05975108,52.65,BTC-14FEB25-101000-C,102726.15,sell,0.1,0.1,,,
8,343949905,2025-01-27 01:01:20,2,0.056,0.05555211,55.19,BTC-14FEB25-101000-C,101766.9,sell,1.4,1.4,,,
9,343949906,2025-01-27 01:01:20,3,0.056,0.05555211,55.19,BTC-14FEB25-101000-C,101766.9,sell,0.7,0.7,,,
10,343949907,2025-01-27 01:01:20,3,0.056,0.05555211,55.19,BTC-14FEB25-101000-C,101766.9,sell,0.1,0.1,,,
11,343950100,2025-01-27 01:01:59,3,0.056,0.05584507,54.64,BTC-14FEB25-101000-C,101832.87,sell,0.6,0.6,,,
12,343950453,2025-01-27 01:02:59,3,0.056,0.05587875,54.69,BTC-14FEB25-101000-C,101832.48,sell,0.6,0.6,,,
13,343950940,2025-01-27 01:06:03,3,0.056,0.05613705,54.45,BTC-14FEB25-101000-C,101865.09,sell,0.6,0.6,,,
14,343985601,2025-01-27 03:01:36,2,0.05,0.05002773,54.27,BTC-14FEB25-101000-C,100808.45,sell,0.1,0.1,,,
15,343985602,2025-01-27 03:01:36,3,0.05,0.05002773,54.27,BTC-14FEB25-101000-C,100808.45,sell,0.1,0.1,,,
16,344015668,2025-01-27 05:51:05,2,0.046,0.04583517,54.98,BTC-14FEB25-101000-C,99869.83,sell,0.1,0.1,,,
17,344053759,2025-01-27 07:20:53,2,0.04,0.039878,56.85,BTC-14FEB25-101000-C,98164.0,sell,0.1,0.1,,,
18,344053760,2025-01-27 07:20:53,3,0.04,0.039878,56.85,BTC-14FEB25-101000-C,98164.0,sell,0.1,0.1,,,
19,344066082,2025-01-27 07:30:24,3,0.04,0.03940778,59.0,BTC-14FEB25-101000-C,98098.18,buy,2.2,2.2,,,
20,344066113,2025-01-27 07:30:25,3,0.04,0.0398966,59.0,BTC-14FEB25-101000-C,98121.98,buy,1.2,1.2,,,
21,344066126,2025-01-27 07:30:25,3,0.04,0.0398966,59.0,BTC-14FEB25-101000-C,98121.98,buy,0.1,0.1,,,
22,344067052,2025-01-27 07:30:53,3,0.04,0.03997041,57.53,BTC-14FEB25-101000-C,98109.07,buy,1.5,1.5,,,
23,344140741,2025-01-27 12:30:03,0,0.0435,0.04369143,56.76,BTC-14FEB25-101000-C,99038.96,sell,0.2,0.2,,,
24,344140743,2025-01-27 12:30:05,1,0.0435,0.04362286,56.76,BTC-14FEB25-101000-C,99023.44,sell,0.2,0.2,,,
25,344140855,2025-01-27 12:31:31,1,0.0435,0.04358666,56.84,BTC-14FEB25-101000-C,99030.51,sell,0.2,0.2,,,
26,344141080,2025-01-27 12:33:45,0,0.044,0.04408186,56.81,BTC-14FEB25-101000-C,99139.17,sell,0.2,0.2,,,
27,344141295,2025-01-27 12:36:49,1,0.044,0.04409975,56.73,BTC-14FEB25-101000-C,99165.42,sell,0.2,0.2,,,
28,344194812,2025-01-27 14:46:10,0,0.054,0.05400298,57.04,BTC-14FEB25-101000-C,101334.43,sell,1.0,1.0,,,
29,344274264,2025-01-27 19:40:01,2,0.0455,0.04580123,55.8,BTC-14FEB25-101000-C,99767.42,sell,0.4,0.4,,,
30,344279089,2025-01-27 20:20:44,0,0.0465,0.04676971,55.75,BTC-14FEB25-101000-C,99974.47,sell,0.6,0.6,,,
31,344317445,2025-01-27 21:51:12,0,0.0525,0.05204723,56.04,BTC-14FEB25-101000-C,101216.88,buy,50.0,50.0,BTC-STRD-14FEB25-101000,179169,
32,344431364,2025-01-28 14:31:32,0,0.0565,0.05704664,53.4,BTC-14FEB25-101000-C,102693.03,sell,4.6,4.6,,,
33,344489508,2025-01-28 19:06:48,2,0.052,0.05180445,52.77,BTC-14FEB25-101000-C,101981.66,buy,1.0,1.0,,,
34,344489509,2025-01-28 19:06:48,3,0.052,0.05180445,52.77,BTC-14FEB25-101000-C,101981.66,buy,1.0,1.0,,,
35,344521734,2025-01-28 22:11:00,2,0.0445,0.04443516,52.92,BTC-14FEB25-101000-C,100459.55,sell,0.1,0.1,,,
36,344521736,2025-01-28 22:11:03,3,0.0445,0.0443757,52.92,BTC-14FEB25-101000-C,100447.85,sell,0.1,0.1,,,
37,344521790,2025-01-28 22:11:18,3,0.0445,0.04437391,53.0,BTC-14FEB25-101000-C,100444.09,sell,0.8,0.8,,,
38,344599995,2025-01-29 14:43:52,0,0.0515,0.050948,52.98,BTC-14FEB25-101000-C,102085.22,buy,0.1,0.1,,,
39,344612924,2025-01-29 16:28:23,2,0.05,0.04955888,52.35,BTC-14FEB25-101000-C,101882.05,buy,1.0,1.0,,,
40,344644585,2025-01-29 19:30:26,2,0.0485,0.04863003,53.01,BTC-14FEB25-101000-C,101716.33,sell,1.0,1.0,,,
41,344656004,2025-01-29 19:41:00,0,0.059,0.06007711,50.24,BTC-14FEB25-101000-C,103814.06,sell,0.1,0.1,,,
42,344656788,2025-01-29 19:41:19,2,0.0585,0.05989626,50.21,BTC-14FEB25-101000-C,103815.0,sell,0.1,0.1,,,
43,344780539,2025-01-30 06:49:04,0,0.067,0.06735365,51.3,BTC-14FEB25-101000-C,105219.33,buy,0.7,0.7,,,
44,344780555,2025-01-30 06:49:10,1,0.067,0.06734893,51.31,BTC-14FEB25-101000-C,105218.4,buy,0.3,0.3,,,
45,344781548,2025-01-30 07:03:21,0,0.0675,0.06733801,51.96,BTC-14FEB25-101000-C,105231.73,sell,1.0,1.0,,,
46,344781643,2025-01-30 07:05:04,2,0.067,0.06732551,51.24,BTC-14FEB25-101000-C,105241.56,buy,1.0,1.0,,,
47,344781861,2025-01-30 07:09:54,3,0.067,0.06690987,51.67,BTC-14FEB25-101000-C,105178.81,sell,1.0,1.0,,,
48,344781920,2025-01-30 07:10:04,2,0.0665,0.0666675,51.21,BTC-14FEB25-101000-C,105140.88,buy,1.0,1.0,,,
49,344782275,2025-01-30 07:12:17,2,0.066,0.0659288,51.6,BTC-14FEB25-101000-C,105012.17,sell,1.0,1.0,,,
50,344789342,2025-01-30 08:06:04,0,0.0665,0.06679138,50.76,BTC-14FEB25-101000-C,105266.86,buy,1.0,1.0,,,
51,344789750,2025-01-30 08:09:09,1,0.0665,0.06676421,50.74,BTC-14FEB25-101000-C,105238.73,sell,1.0,1.0,,,
52,344789882,2025-01-30 08:10:21,2,0.066,0.06638781,50.62,BTC-14FEB25-101000-C,105208.62,buy,1.0,1.0,,,
53,344790927,2025-01-30 08:21:05,2,0.0655,0.06553586,50.9,BTC-14FEB25-101000-C,105076.4,sell,1.0,1.0,,,
54,344791136,2025-01-30 08:23:20,3,0.0655,0.06575854,50.51,BTC-14FEB25-101000-C,105126.08,buy,1.0,1.0,,,
55,344791529,2025-01-30 08:26:56,0,0.066,0.06600537,50.81,BTC-14FEB25-101000-C,105177.53,sell,1.0,1.0,,,
56,344792714,2025-01-30 08:41:24,2,0.065,0.06521814,50.33,BTC-14FEB25-101000-C,105047.16,buy,1.0,1.0,,,
57,344795444,2025-01-30 09:04:09,0,0.0655,0.06555367,50.62,BTC-14FEB25-101000-C,105074.4,sell,1.0,1.0,,,
58,344801230,2025-01-30 10:02:04,0,0.067,0.0671783,50.67,BTC-14FEB25-101000-C,105330.15,buy,1.0,1.0,,,
59,344801536,2025-01-30 10:04:07,1,0.067,0.06706578,50.76,BTC-14FEB25-101000-C,105315.43,sell,1.0,1.0,,,
60,344802856,2025-01-30 10:12:31,2,0.066,0.06613453,50.54,BTC-14FEB25-101000-C,105183.67,buy,0.1,0.1,,,
61,344802857,2025-01-30 10:12:31,3,0.066,0.06613351,50.54,BTC-14FEB25-101000-C,105183.67,buy,0.1,0.1,,,
62,344802860,2025-01-30 10:12:32,3,0.066,0.06613128,50.54,BTC-14FEB25-101000-C,105183.98,buy,0.1,0.1,,,
63,344802893,2025-01-30 10:12:41,3,0.066,0.06619879,50.45,BTC-14FEB25-101000-C,105194.29,buy,0.2,0.2,,,
64,344802894,2025-01-30 10:12:41,3,0.066,0.06620154,50.44,BTC-14FEB25-101000-C,105194.54,buy,0.1,0.1,,,
65,344802899,2025-01-30 10:12:41,3,0.066,0.06620154,50.44,BTC-14FEB25-101000-C,105194.54,buy,0.1,0.1,,,
66,344802909,2025-01-30 10:12:43,3,0.066,0.06622293,50.41,BTC-14FEB25-101000-C,105202.79,buy,0.3,0.3,,,
67,344803166,2025-01-30 10:17:46,3,0.066,0.06587573,50.91,BTC-14FEB25-101000-C,105155.52,sell,1.0,1.0,,,
68,344803617,2025-01-30 10:25:04,3,0.066,0.06627029,50.32,BTC-14FEB25-101000-C,105219.83,buy,1.0,1.0,,,
69,344804234,2025-01-30 10:36:59,0,0.0665,0.06650573,50.68,BTC-14FEB25-101000-C,105230.06,sell,1.0,1.0,,,
70,344804905,2025-01-30 10:50:05,1,0.0665,0.06691713,50.16,BTC-14FEB25-101000-C,105325.67,buy,1.0,1.0,,,
71,344805011,2025-01-30 10:52:04,1,0.0665,0.06684323,50.31,BTC-14FEB25-101000-C,105299.6,buy,1.0,1.0,,,
72,344805888,2025-01-30 11:05:45,0,0.0668,0.06668343,51.17,BTC-14FEB25-101000-C,105232.81,buy,1.4,1.4,BTC-CDIAG-14FEB25_7FEB25-101000_100000,,344805887
73,344805968,2025-01-30 11:06:34,2,0.0665,0.06634536,51.22,BTC-14FEB25-101000-C,105179.3,sell,1.0,1.0,,,
74,344806138,2025-01-30 11:08:04,2,0.066,0.06599016,50.97,BTC-14FEB25-101000-C,105127.48,buy,1.0,1.0,,,
75,344808928,2025-01-30 11:57:45,0,0.0675,0.06733344,51.52,BTC-14FEB25-101000-C,105327.71,sell,1.0,1.0,,,
76,344843184,2025-01-30 15:13:10,0,0.0725,0.07249866,51.4,BTC-14FEB25-101000-C,106218.14,sell,1.0,1.0,,,
77,344851989,2025-01-30 15:51:05,2,0.07,0.07032337,50.71,BTC-14FEB25-101000-C,105959.39,buy,1.0,1.0,,,
78,344852194,2025-01-30 15:52:28,3,0.07,0.06993411,51.28,BTC-14FEB25-101000-C,105868.58,sell,1.0,1.0,,,
79,344856558,2025-01-30 16:23:07,2,0.069,0.06900221,50.78,BTC-14FEB25-101000-C,105758.49,buy,0.9,0.9,,,
80,344856560,2025-01-30 16:23:07,3,0.069,0.06900236,50.78,BTC-14FEB25-101000-C,105758.99,buy,0.1,0.1,,,
81,344857027,2025-01-30 16:26:17,0,0.07,0.07005921,50.68,BTC-14FEB25-101000-C,105931.27,sell,0.8,0.8,,,
82,344857041,2025-01-30 16:26:29,1,0.07,0.06980848,51.11,BTC-14FEB25-101000-C,105887.83,sell,0.2,0.2,,,
83,344878213,2025-01-30 18:46:04,2,0.0665,0.06675227,50.27,BTC-14FEB25-101000-C,105424.32,buy,1.0,1.0,,,
84,344878885,2025-01-30 18:51:23,0,0.067,0.06691503,50.82,BTC-14FEB25-101000-C,105445.71,sell,1.0,1.0,,,
85,344879310,2025-01-30 18:56:04,2,0.0665,0.0667045,50.44,BTC-14FEB25-101000-C,105415.18,buy,1.0,1.0,,,
86,344881760,2025-01-30 19:14:31,0,0.0675,0.06744015,50.74,BTC-14FEB25-101000-C,105558.39,sell,1.0,1.0,,,
87,344882397,2025-01-30 19:18:04,2,0.0665,0.0665454,50.6,BTC-14FEB25-101000-C,105408.16,buy,1.0,1.0,,,
88,344883307,2025-01-30 19:26:02,2,0.066,0.06591938,50.7,BTC-14FEB25-101000-C,105317.91,sell,1.0,1.0,,,
89,344891791,2025-01-30 20:32:05,0,0.067,0.06724805,49.79,BTC-14FEB25-101000-C,105589.65,buy,1.0,1.0,,,
90,344891895,2025-01-30 20:33:06,1,0.067,0.06715339,49.92,BTC-14FEB25-101000-C,105568.01,sell,1.0,1.0,,,
91,344905622,2025-01-30 21:59:04,2,0.0635,0.06366233,49.57,BTC-14FEB25-101000-C,105070.96,buy,1.0,1.0,,,
92,344905936,2025-01-30 22:01:45,3,0.0635,0.0635713,49.7,BTC-14FEB25-101000-C,105048.14,buy,1.0,1.0,,,
93,344910025,2025-01-30 22:50:20,0,0.064,0.06383263,49.73,BTC-14FEB25-101000-C,105155.43,sell,1.0,1.0,,,
94,344910081,2025-01-30 22:51:05,2,0.0635,0.0637121,49.19,BTC-14FEB25-101000-C,105135.05,buy,1.0,1.0,,,
95,344913483,2025-01-30 23:29:27,0,0.0645,0.06434213,49.57,BTC-14FEB25-101000-C,105234.6,sell,0.2,0.2,,,
96,344913540,2025-01-30 23:30:04,1,0.0645,0.06417494,49.8,BTC-14FEB25-101000-C,105199.32,sell,0.8,0.8,,,
97,344914564,2025-01-30 23:44:56,2,0.063,0.06293755,49.37,BTC-14FEB25-101000-C,105000.81,sell,1.0,1.0,,,
98,344915433,2025-01-30 23:53:05,2,0.0615,0.06171018,48.71,BTC-14FEB25-101000-C,104825.75,buy,1.0,1.0,,,
99,344916440,2025-01-30 23:58:22,3,0.0615,0.06117482,49.48,BTC-14FEB25-101000-C,104745.5,sell,1.0,1.0,,,
100,344930207,2025-01-31 02:05:04,2,0.061,0.06147048,48.38,BTC-14FEB25-101000-C,104775.39,buy,1.0,1.0,,,
101,344931163,2025-01-31 02:16:46,3,0.061,0.06057058,49.66,BTC-14FEB25-101000-C,104637.11,sell,1.0,1.0,,,
102,344999541,2025-01-31 11:13:34,2,0.0585,0.0586798,47.07,BTC-14FEB25-101000-C,104625.0,buy,0.3,0.3,,,
103,344999543,2025-01-31 11:13:35,3,0.0585,0.05870265,47.07,BTC-14FEB25-101000-C,104629.45,buy,0.1,0.1,,,
104,344999562,2025-01-31 11:13:49,3,0.0585,0.05878547,46.91,BTC-14FEB25-101000-C,104639.07,buy,0.3,0.3,,,
105,344999619,2025-01-31 11:14:21,3,0.0585,0.05881044,46.87,BTC-14FEB25-101000-C,104640.72,buy,0.3,0.3,,,
106,345000126,2025-01-31 11:17:04,3,0.0585,0.05897009,46.66,BTC-14FEB25-101000-C,104673.44,buy,1.0,1.0,,,
107,345000297,2025-01-31 11:20:04,3,0.0585,0.05892629,46.77,BTC-14FEB25-101000-C,104663.33,buy,1.0,1.0,,,
108,345000390,2025-01-31 11:22:09,3,0.0585,0.05884156,46.89,BTC-14FEB25-101000-C,104646.8,buy,1.0,1.0,,,
109,345001077,2025-01-31 11:26:55,0,0.059,0.05927226,46.91,BTC-14FEB25-101000-C,104717.79,buy,1.0,1.0,,,
110,345001144,2025-01-31 11:27:48,1,0.059,0.05934754,46.77,BTC-14FEB25-101000-C,104736.83,buy,1.0,1.0,,,
111,345001173,2025-01-31 11:28:04,1,0.059,0.05947918,46.57,BTC-14FEB25-101000-C,104758.79,buy,1.0,1.0,,,
112,345001367,2025-01-31 11:29:05,0,0.0595,0.05972632,46.97,BTC-14FEB25-101000-C,104794.67,buy,1.0,1.0,,,
113,345001461,2025-01-31 11:30:04,1,0.0595,0.05987181,46.79,BTC-14FEB25-101000-C,104816.21,buy,1.0,1.0,,,
114,345002005,2025-01-31 11:35:04,2,0.0585,0.05899374,46.65,BTC-14FEB25-101000-C,104669.75,buy,1.0,1.0,,,
115,345002112,2025-01-31 11:36:12,3,0.0585,0.0588174,46.91,BTC-14FEB25-101000-C,104640.75,buy,0.1,0.1,,,
116,345002113,2025-01-31 11:36:12,3,0.0585,0.05881443,46.91,BTC-14FEB25-101000-C,104643.61,buy,0.5,0.5,,,
117,345002115,2025-01-31 11:36:12,3,0.0585,0.05881443,46.91,BTC-14FEB25-101000-C,104643.61,buy,0.2,0.2,,,
118,345002123,2025-01-31 11:36:16,3,0.0585,0.05892236,46.84,BTC-14FEB25-101000-C,104657.45,buy,0.2,0.2,,,
119,345002284,2025-01-31 11:40:04,0,0.059,0.05934353,46.83,BTC-14FEB25-101000-C,104743.52,buy,1.0,1.0,,,
120,345002285,2025-01-31 11:40:04,1,0.059,0.05934353,46.83,BTC-14FEB25-101000-C,104743.52,buy,1.0,1.0,,,
121,345002321,2025-01-31 11:41:04,1,0.059,0.05946028,46.67,BTC-14FEB25-101000-C,104759.93,buy,0.2,0.2,,,
122,345002409,2025-01-31 11:42:08,1,0.059,0.05941777,46.74,BTC-14FEB25-101000-C,104747.9,buy,0.8,0.8,,,
123,345002472,2025-01-31 11:43:43,1,0.059,0.05947752,46.62,BTC-14FEB25-101000-C,104751.95,buy,0.4,0.4,,,
124,345003532,2025-01-31 11:56:43,2,0.0585,0.05899493,46.61,BTC-14FEB25-101000-C,104672.62,buy,0.1,0.1,,,
125,345003536,2025-01-31 11:56:51,3,0.0585,0.05921507,46.29,BTC-14FEB25-101000-C,104707.71,buy,0.5,0.5,,,
126,345004204,2025-01-31 12:01:09,3,0.0585,0.05853929,47.23,BTC-14FEB25-101000-C,104656.72,buy,0.3,0.3,,,
127,345004206,2025-01-31 12:01:10,3,0.0585,0.05853929,47.23,BTC-14FEB25-101000-C,104656.72,buy,0.6,0.6,,,
128,345004261,2025-01-31 12:01:10,3,0.0585,0.05854161,47.1,BTC-14FEB25-101000-C,104670.72,buy,0.1,0.1,,,
129,345004347,2025-01-31 12:02:04,3,0.0585,0.05900741,46.56,BTC-14FEB25-101000-C,104724.28,buy,1.0,1.0,,,
130,345004919,2025-01-31 12:08:04,3,0.0585,0.05882942,46.6,BTC-14FEB25-101000-C,104720.1,buy,1.0,1.0,,,
131,345005189,2025-01-31 12:13:04,3,0.0585,0.05902747,46.29,BTC-14FEB25-101000-C,104749.31,buy,1.0,1.0,,,
132,345005245,2025-01-31 12:14:04,3,0.0585,0.05887236,46.53,BTC-14FEB25-101000-C,104728.97,buy,1.0,1.0,,,
133,345006797,2025-01-31 12:30:04,3,0.0585,0.05877514,46.82,BTC-14FEB25-101000-C,104720.07,buy,1.0,1.0,,,
134,345018176,2025-01-31 14:27:04,2,0.058,0.05803042,47.41,BTC-14FEB25-101000-C,104561.54,sell,1.0,1.0,,,
135,345018250,2025-01-31 14:27:05,3,0.058,0.05800088,47.98,BTC-14FEB25-101000-C,104496.35,sell,1.0,1.0,,,
136,345019204,2025-01-31 14:32:57,0,0.059,0.05882324,47.84,BTC-14FEB25-101000-C,104674.33,sell,1.0,1.0,,,
137,345029584,2025-01-31 15:23:04,0,0.0595,0.05972257,47.18,BTC-14FEB25-101000-C,104872.01,buy,0.8,0.8,,,
138,345029585,2025-01-31 15:23:08,1,0.0595,0.0597649,47.22,BTC-14FEB25-101000-C,104867.96,buy,0.2,0.2,,,
139,345031385,2025-01-31 15:28:04,0,0.0615,0.06142047,47.77,BTC-14FEB25-101000-C,105149.82,sell,0.1,0.1,,,
140,345031394,2025-01-31 15:28:07,1,0.0615,0.06136357,47.84,BTC-14FEB25-101000-C,105142.38,sell,0.1,0.1,,,
141,345031442,2025-01-31 15:28:31,1,0.0615,0.0613835,47.81,BTC-14FEB25-101000-C,105147.82,sell,0.1,0.1,,,
142,345031463,2025-01-31 15:28:47,1,0.0615,0.06142221,47.78,BTC-14FEB25-101000-C,105149.38,sell,0.1,0.1,,,
143,345031485,2025-01-31 15:28:49,1,0.0615,0.06133793,47.96,BTC-14FEB25-101000-C,105130.15,sell,0.6,0.6,,,
144,345037009,2025-01-31 15:40:19,0,0.0655,0.06551209,48.02,BTC-14FEB25-101000-C,105791.27,sell,1.0,1.0,,,
145,345040400,2025-01-31 15:56:05,0,0.066,0.06595191,47.98,BTC-14FEB25-101000-C,105859.21,sell,1.0,1.0,,,
146,345054455,2025-01-31 17:49:05,2,0.0585,0.05856976,47.12,BTC-14FEB25-101000-C,104725.25,buy,1.0,1.0,,,
147,345055984,2025-01-31 18:10:11,2,0.058,0.05802084,47.22,BTC-14FEB25-101000-C,104626.85,buy,1.0,1.0,,,
148,345090841,2025-01-31 19:34:38,2,0.0475,0.04702076,48.55,BTC-14FEB25-101000-C,102590.28,sell,0.1,0.1,,,
149,345100628,2025-01-31 20:21:39,2,0.044,0.04364698,48.54,BTC-14FEB25-101000-C,101955.44,buy,0.9,0.9,,,
150,345147821,2025-02-01 06:42:04,3,0.044,0.04376409,47.55,BTC-14FEB25-101000-C,102275.56,sell,1.0,1.0,,,
151,345149039,2025-02-01 07:16:05,0,0.0445,0.04436472,47.39,BTC-14FEB25-101000-C,102405.27,sell,1.0,1.0,,,
152,345159993,2025-02-01 09:30:55,2,0.041,0.04020916,47.24,BTC-14FEB25-101000-C,101807.51,buy,0.1,0.1,,,
153,345162151,2025-02-01 09:50:16,2,0.0395,0.03870329,47.0,BTC-14FEB25-101000-C,101541.38,buy,0.1,0.1,,,
154,345162183,2025-02-01 09:50:24,2,0.039,0.03866185,46.4,BTC-14FEB25-101000-C,101531.22,buy,0.1,0.1,,,
155,345162939,2025-02-01 09:52:32,2,0.0385,0.03835653,46.09,BTC-14FEB25-101000-C,101477.75,sell,0.1,0.1,,,
156,345226529,2025-02-01 23:02:26,2,0.035,0.03505853,48.4,BTC-14FEB25-101000-C,100536.94,buy,0.1,0.1,,,
157,345233911,2025-02-02 00:04:10,3,0.035,0.0351039,48.56,BTC-14FEB25-101000-C,100539.79,buy,0.1,0.1,,,
158,345246578,2025-02-02 03:02:46,2,0.034,0.0339512,48.79,BTC-14FEB25-101000-C,100324.34,buy,0.1,0.1,,,
159,345253622,2025-02-02 03:18:39,2,0.0315,0.03178701,48.83,BTC-14FEB25-101000-C,99776.62,sell,1.1,1.1,,,
160,345253623,2025-02-02 03:18:39,3,0.0315,0.03178701,48.83,BTC-14FEB25-101000-C,99776.62,sell,0.5,0.5,,,
161,345253625,2025-02-02 03:18:39,3,0.0315,0.03178701,48.83,BTC-14FEB25-101000-C,99776.62,buy,0.9,0.9,,,
162,345253631,2025-02-02 03:18:41,3,0.0315,0.0317772,48.82,BTC-14FEB25-101000-C,99777.23,buy,7.5,7.5,,,
163,345254809,2025-02-02 03:21:05,0,0.032,0.0319285,49.44,BTC-14FEB25-101000-C,99810.95,sell,0.2,0.2,,,
164,345258438,2025-02-02 03:31:45,2,0.0305,0.03075904,49.02,BTC-14FEB25-101000-C,99556.46,buy,1.0,1.0,,,
165,345267931,2025-02-02 03:57:23,2,0.03,0.02962576,50.5,BTC-14FEB25-101000-C,99234.21,sell,0.1,0.1,,,
166,345274780,2025-02-02 04:17:29,2,0.029,0.02903392,50.12,BTC-14FEB25-101000-C,99071.03,sell,0.1,0.1,,,
167,345288876,2025-02-02 05:55:29,0,0.0345,0.03430923,49.99,BTC-14FEB25-101000-C,100295.69,sell,0.1,0.1,,,
168,345288998,2025-02-02 05:57:04,1,0.0345,0.03422634,50.1,BTC-14FEB25-101000-C,100280.87,buy,0.1,0.1,,,
169,345289948,2025-02-02 06:02:45,2,0.0335,0.0335548,49.66,BTC-14FEB25-101000-C,100136.85,buy,0.1,0.1,,,
170,345296018,2025-02-02 07:05:27,2,0.033,0.03371565,49.0,BTC-14FEB25-101000-C,100125.59,sell,0.1,0.1,,,
171,345307700,2025-02-02 08:18:25,2,0.03,0.02938265,50.54,BTC-14FEB25-101000-C,99308.65,buy,0.6,0.6,,,
172,345307701,2025-02-02 08:18:25,3,0.03,0.02938265,50.54,BTC-14FEB25-101000-C,99308.65,buy,0.1,0.1,,,
173,345336825,2025-02-02 11:49:17,2,0.029,0.02863511,52.85,BTC-14FEB25-101000-C,98732.82,buy,0.1,0.1,,,
174,345337229,2025-02-02 11:50:30,3,0.029,0.02906534,52.26,BTC-14FEB25-101000-C,98835.78,sell,0.1,0.1,,,
175,345343998,2025-02-02 12:36:43,2,0.0285,0.02841966,53.73,BTC-14FEB25-101000-C,98495.55,buy,0.8,0.8,,,
176,345355924,2025-02-02 14:01:32,0,0.0305,0.03040722,55.31,BTC-14FEB25-101000-C,98732.04,sell,0.2,0.2,,,
177,345404898,2025-02-02 17:50:02,2,0.026,0.02585878,56.31,BTC-14FEB25-101000-C,97434.75,sell,0.2,0.2,,,
178,345413080,2025-02-02 18:04:16,2,0.025,0.02516925,55.94,BTC-14FEB25-101000-C,97225.95,buy,0.1,0.1,,,
179,345416333,2025-02-02 18:13:06,0,0.0255,0.02529445,56.37,BTC-14FEB25-101000-C,97287.86,buy,0.1,0.1,,,
180,345428945,2025-02-02 18:53:41,2,0.024,0.02362026,56.23,BTC-14FEB25-101000-C,96879.0,buy,0.1,0.1,,,
181,345445882,2025-02-02 19:50:37,0,0.0296,0.02988849,56.56,BTC-14FEB25-101000-C,98402.96,sell,0.1,0.1,BTC-ICOND-14FEB25-85000_96000_101000_114000,,345445881
182,345491023,2025-02-02 22:50:04,2,0.0265,0.02639277,58.29,BTC-14FEB25-101000-C,97384.72,buy,0.1,0.1,,,
183,345491031,2025-02-02 22:50:06,3,0.0265,0.02641088,58.15,BTC-14FEB25-101000-C,97409.32,buy,0.1,0.1,,,
184,345492219,2025-02-02 22:53:51,2,0.026,0.02556726,58.78,BTC-14FEB25-101000-C,97161.2,buy,0.1,0.1,,,
185,345493152,2025-02-02 22:57:12,0,0.027,0.02718389,58.19,BTC-14FEB25-101000-C,97536.62,sell,0.1,0.1,,,
186,345493449,2025-02-02 22:58:09,0,0.0275,0.02790864,58.09,BTC-14FEB25-101000-C,97682.04,sell,0.1,0.1,,,
187,345493544,2025-02-02 22:58:29,1,0.0275,0.02802428,57.88,BTC-14FEB25-101000-C,97721.3,sell,0.1,0.1,,,
188,345502591,2025-02-02 23:15:36,0,0.028,0.02855832,57.86,BTC-14FEB25-101000-C,97815.69,sell,0.1,0.1,,,
189,345503294,2025-02-02 23:17:03,2,0.0275,0.02789117,57.81,BTC-14FEB25-101000-C,97703.52,sell,0.1,0.1,,,
190,345503938,2025-02-02 23:20:17,2,0.027,0.02736552,57.64,BTC-14FEB25-101000-C,97587.25,sell,0.1,0.1,,,
191,345504251,2025-02-02 23:21:17,2,0.026,0.0264082,57.82,BTC-14FEB25-101000-C,97290.07,sell,0.1,0.1,,,
192,345511866,2025-02-02 23:31:35,2,0.025,0.02516814,57.63,BTC-14FEB25-101000-C,97044.73,buy,0.1,0.1,,,
193,345512517,2025-02-02 23:32:40,0,0.0255,0.02611453,57.22,BTC-14FEB25-101000-C,97260.47,sell,0.1,0.1,,,
194,345513156,2025-02-02 23:34:07,1,0.0255,0.02551045,57.82,BTC-14FEB25-101000-C,97153.66,sell,0.1,0.1,,,
195,345515089,2025-02-02 23:41:10,0,0.0265,0.0266518,57.78,BTC-14FEB25-101000-C,97417.57,sell,0.1,0.1,,,
196,345545032,2025-02-03 00:44:14,2,0.0205,0.02051626,56.24,BTC-14FEB25-101000-C,96026.64,buy,0.1,0.1,,,
197,345545331,2025-02-03 00:44:36,3,0.0205,0.02031559,56.4,BTC-14FEB25-101000-C,95999.97,buy,0.1,0.1,,,
198,345552402,2025-02-03 00:48:21,2,0.02,0.01984817,56.63,BTC-14FEB25-101000-C,95816.85,buy,0.1,0.1,,,
199,345557078,2025-02-03 00:52:05,0,0.022,0.02219187,55.98,BTC-14FEB25-101000-C,96504.75,buy,0.1,0.1,,,
200,345566713,2025-02-03 01:09:27,2,0.0205,0.02061495,56.17,BTC-14FEB25-101000-C,96031.44,buy,0.1,0.1,,,
201,345570035,2025-02-03 01:13:18,0,0.021,0.02092122,56.65,BTC-14FEB25-101000-C,96098.93,buy,0.1,0.1,,,
202,345570240,2025-02-03 01:13:45,2,0.0205,0.0205379,56.54,BTC-14FEB25-101000-C,95968.93,buy,0.1,0.1,,,
203,345570417,2025-02-03 01:14:12,2,0.02,0.02025574,56.3,BTC-14FEB25-101000-C,95866.12,sell,0.1,0.1,,,
204,345570752,2025-02-03 01:14:57,3,0.02,0.02011695,56.54,BTC-14FEB25-101000-C,95820.47,sell,0.1,0.1,,,
205,345590114,2025-02-03 01:37:37,2,0.018,0.01764564,58.81,BTC-14FEB25-101000-C,94722.03,buy,0.1,0.1,,,
206,345709557,2025-02-03 02:35:59,2,0.0173,0.01641805,62.29,BTC-14FEB25-101000-C,93862.61,buy,125.0,125.0,BTC-CS-14FEB25-101000_104000,180007,
207,345725696,2025-02-03 03:20:40,0,0.0185,0.01902836,61.32,BTC-14FEB25-101000-C,94542.24,sell,1.6,1.6,,,
208,345725712,2025-02-03 03:20:40,1,0.0185,0.01902758,61.45,BTC-14FEB25-101000-C,94516.71,sell,1.4,1.4,,,
209,345726530,2025-02-03 03:23:48,1,0.0185,0.01878589,61.46,BTC-14FEB25-101000-C,94515.81,sell,3.0,3.0,,,
210,345733850,2025-02-03 03:47:13,2,0.0175,0.0173317,61.94,BTC-14FEB25-101000-C,94016.89,buy,1.8,1.8,,,
211,345758984,2025-02-03 05:00:20,2,0.013,0.01298205,59.29,BTC-14FEB25-101000-C,92856.55,buy,0.1,0.1,,,
212,345764423,2025-02-03 05:23:01,0,0.014,0.01369946,59.49,BTC-14FEB25-101000-C,93243.49,buy,1.0,1.0,,,
213,345765473,2025-02-03 05:26:16,0,0.015,0.01450639,59.37,BTC-14FEB25-101000-C,93646.68,buy,0.1,0.1,,,
214,345766988,2025-02-03 05:31:08,1,0.015,0.01507222,59.11,BTC-14FEB25-101000-C,93695.67,buy,0.1,0.1,,,
215,345770136,2025-02-03 05:43:03,0,0.0155,0.01532867,59.58,BTC-14FEB25-101000-C,93770.97,buy,0.1,0.1,,,
216,345771169,2025-02-03 05:48:31,1,0.0155,0.01572079,59.09,BTC-14FEB25-101000-C,93870.94,sell,0.1,0.1,,,
217,345772280,2025-02-03 05:55:22,1,0.0155,0.01577625,59.23,BTC-14FEB25-101000-C,93858.57,sell,0.1,0.1,,,
218,345775611,2025-02-03 06:08:01,0,0.0165,0.01644066,60.13,BTC-14FEB25-101000-C,94052.1,sell,1.9,1.9,,,
219,345775696,2025-02-03 06:08:20,1,0.0165,0.01629169,60.38,BTC-14FEB25-101000-C,94004.46,buy,0.1,0.1,,,
220,345780339,2025-02-03 06:30:30,0,0.018,0.01796676,60.88,BTC-14FEB25-101000-C,94436.78,buy,1.2,1.2,,,
221,345809244,2025-02-03 08:08:10,0,0.019,0.01949284,58.27,BTC-14FEB25-101000-C,95338.83,buy,1.0,1.0,,,
222,345809486,2025-02-03 08:09:31,1,0.019,0.01945676,58.19,BTC-14FEB25-101000-C,95358.57,buy,5.1,5.1,,,
223,345829553,2025-02-03 09:25:54,0,0.0207,0.02049473,59.04,BTC-14FEB25-101000-C,95798.0,buy,100.0,100.0,BTC-CCAL-14FEB25_7FEB25-101000,180096,
224,345853500,2025-02-03 11:45:24,2,0.0175,0.01773232,56.69,BTC-14FEB25-101000-C,95227.57,buy,1.0,1.0,,,
225,345867208,2025-02-03 12:56:40,2,0.0165,0.01629841,56.52,BTC-14FEB25-101000-C,94972.31,buy,0.1,0.1,,,
226,345871768,2025-02-03 13:13:32,2,0.0155,0.01562899,55.44,BTC-14FEB25-101000-C,94837.13,buy,2.0,2.0,,,
227,345875153,2025-02-03 13:30:07,2,0.015,0.01467031,55.91,BTC-14FEB25-101000-C,94533.59,buy,0.1,0.1,,,
228,345876343,2025-02-03 13:33:45,0,0.0155,0.01552368,55.65,BTC-14FEB25-101000-C,94770.26,buy,1.0,1.0,,,
229,345890038,2025-02-03 14:13:30,2,0.015,0.01541865,55.8,BTC-14FEB25-101000-C,94565.66,buy,1.0,1.0,,,
230,345893566,2025-02-03 14:25:05,0,0.0155,0.01527427,56.78,BTC-14FEB25-101000-C,94572.14,buy,3.1,3.1,,,
231,345926997,2025-02-03 14:54:01,0,0.0195,0.01959373,57.0,BTC-14FEB25-101000-C,95877.71,sell,3.0,3.0,,,
232,345933118,2025-02-03 15:02:25,0,0.0215,0.02148774,57.5,BTC-14FEB25-101000-C,96411.74,sell,0.1,0.1,,,
233,345972620,2025-02-03 15:50:40,0,0.0335,0.03386181,57.57,BTC-14FEB25-101000-C,99543.98,sell,0.1,0.1,,,
234,345972632,2025-02-03 15:50:42,1,0.0335,0.03369626,57.75,BTC-14FEB25-101000-C,99518.28,sell,0.1,0.1,,,
235,345972636,2025-02-03 15:50:42,1,0.0335,0.03369626,57.75,BTC-14FEB25-101000-C,99518.28,sell,0.1,0.1,,,
236,345972709,2025-02-03 15:50:51,1,0.0335,0.03352378,57.81,BTC-14FEB25-101000-C,99512.47,sell,0.3,0.3,,,
237,345982250,2025-02-03 16:05:45,2,0.028,0.02892423,56.79,BTC-14FEB25-101000-C,98360.79,sell,0.1,0.1,,,
238,345983650,2025-02-03 16:07:16,0,0.0285,0.02893796,56.39,BTC-14FEB25-101000-C,98539.96,sell,0.1,0.1,,,
239,345984340,2025-02-03 16:09:00,1,0.0285,0.02889155,56.34,BTC-14FEB25-101000-C,98536.16,sell,0.1,0.1,,,
240,345994505,2025-02-03 16:43:09,0,0.029,0.02949525,55.21,BTC-14FEB25-101000-C,98889.88,sell,0.5,0.5,,,
241,346000693,2025-02-03 17:10:32,2,0.0275,0.02801278,54.64,BTC-14FEB25-101000-C,98597.83,sell,0.5,0.5,,,
242,346000811,2025-02-03 17:11:18,2,0.027,0.02773115,54.18,BTC-14FEB25-101000-C,98553.14,sell,0.5,0.5,,,
243,346022410,2025-02-03 18:28:37,0,0.032,0.03196351,55.21,BTC-14FEB25-101000-C,99637.28,buy,0.1,0.1,,,
244,346026937,2025-02-03 18:49:02,0,0.0334,0.03387812,54.88,BTC-14FEB25-101000-C,99995.72,sell,25.0,25.0,BTC-CSR13-14FEB25-101000_105000,180251,
245,346026991,2025-02-03 18:49:18,1,0.0334,0.03392557,54.81,BTC-14FEB25-101000-C,100008.33,sell,25.0,25.0,BTC-CSR13-14FEB25-101000_105000,180252,
246,346027007,2025-02-03 18:49:23,2,0.0333,0.03388449,54.68,BTC-14FEB25-101000-C,100006.35,sell,25.0,25.0,BTC-CSR13-14FEB25-101000_105000,180253,
247,346027653,2025-02-03 18:51:02,0,0.034,0.03423498,55.27,BTC-14FEB25-101000-C,100073.47,sell,12.5,12.5,BTC-CSR13-14FEB25-101000_105000,180254,
248,346027765,2025-02-03 18:51:12,2,0.0333,0.03396296,54.76,BTC-14FEB25-101000-C,99998.11,sell,12.5,12.5,BTC-CSR13-14FEB25-101000_105000,180255,
249,346038753,2025-02-03 19:21:49,0,0.039,0.03817541,57.21,BTC-14FEB25-101000-C,100858.28,buy,0.1,0.1,,,
250,346040389,2025-02-03 19:25:31,2,0.0376,0.03718131,56.6,BTC-14FEB25-101000-C,100657.96,sell,1.0,1.0,BTC-CS-14FEB25-101000_107000,,346040387
251,346044984,2025-02-03 19:40:41,0,0.0395,0.03925048,56.26,BTC-14FEB25-101000-C,101101.64,buy,3.0,3.0,,,
252,346047153,2025-02-03 19:46:08,0,0.0419,0.04190215,56.25,BTC-14FEB25-101000-C,101604.11,buy,3.8,3.8,BTC-CS-14FEB25-101000_106000,,346047151
253,346047387,2025-02-03 19:46:21,2,0.0415,0.04173233,56.09,BTC-14FEB25-101000-C,101531.71,sell,1.9,1.9,,,
254,346048421,2025-02-03 19:48:09,0,0.042,0.04202838,56.29,BTC-14FEB25-101000-C,101612.93,sell,1.9,1.9,,,
255,346048869,2025-02-03 19:49:13,0,0.0425,0.04240627,56.43,BTC-14FEB25-101000-C,101686.91,sell,1.9,1.9,,,
256,346049843,2025-02-03 19:50:18,1,0.0425,0.04248857,56.54,BTC-14FEB25-101000-C,101676.69,sell,1.5,1.5,,,
257,346049845,2025-02-03 19:50:18,1,0.0425,0.04248857,56.54,BTC-14FEB25-101000-C,101676.69,sell,0.4,0.4,,,
258,346049904,2025-02-03 19:50:25,2,0.042,0.04213992,56.13,BTC-14FEB25-101000-C,101633.51,buy,0.1,0.1,,,
259,346050236,2025-02-03 19:50:53,0,0.043,0.04302137,56.14,BTC-14FEB25-101000-C,101821.73,sell,0.1,0.1,,,
260,346050416,2025-02-03 19:51:01,1,0.043,0.04306542,56.41,BTC-14FEB25-101000-C,101789.22,sell,1.8,1.8,,,
261,346051147,2025-02-03 19:52:04,2,0.0425,0.04288196,56.48,BTC-14FEB25-101000-C,101681.82,sell,0.1,0.1,,,
262,346053012,2025-02-03 19:55:15,3,0.0425,0.04331491,55.31,BTC-14FEB25-101000-C,101830.55,sell,0.1,0.1,,,
263,346053931,2025-02-03 19:56:33,0,0.043,0.04360264,55.36,BTC-14FEB25-101000-C,101922.56,sell,0.1,0.1,,,
264,346077643,2025-02-03 21:02:04,2,0.04,0.03985596,54.97,BTC-14FEB25-101000-C,101387.1,buy,0.1,0.1,,,
265,346087965,2025-02-03 22:01:39,0,0.0425,0.04248917,55.29,BTC-14FEB25-101000-C,101851.2,sell,2.0,2.0,,,
266,346095738,2025-02-03 22:22:24,0,0.044,0.04422936,55.28,BTC-14FEB25-101000-C,102143.96,buy,0.2,0.2,,,
267,346099472,2025-02-03 22:48:11,2,0.042,0.04203303,55.27,BTC-14FEB25-101000-C,101775.94,buy,0.1,0.1,,,
268,346101795,2025-02-03 23:02:18,2,0.0415,0.04175907,54.93,BTC-14FEB25-101000-C,101781.44,sell,0.8,0.8,,,
269,346101796,2025-02-03 23:02:18,3,0.0415,0.04175907,54.93,BTC-14FEB25-101000-C,101781.44,sell,0.6,0.6,,,
270,346106929,2025-02-03 23:49:46,2,0.04,0.04056282,54.29,BTC-14FEB25-101000-C,101551.63,sell,0.8,0.8,,,
271,346106930,2025-02-03 23:49:46,3,0.04,0.04056282,54.29,BTC-14FEB25-101000-C,101551.63,buy,4.2,4.2,,,
272,346107220,2025-02-03 23:53:52,3,0.04,0.04026737,54.44,BTC-14FEB25-101000-C,101520.63,buy,1.5,1.5,,,
273,346107221,2025-02-03 23:53:52,3,0.04,0.04026737,54.44,BTC-14FEB25-101000-C,101520.63,buy,1.0,1.0,,,
274,346107258,2025-02-03 23:54:06,3,0.04,0.04018661,54.48,BTC-14FEB25-101000-C,101515.51,buy,1.0,1.0,,,
275,346116998,2025-02-04 01:06:03,2,0.0375,0.03780466,53.81,BTC-14FEB25-101000-C,101092.78,buy,0.1,0.1,,,
276,346131076,2025-02-04 03:01:58,2,0.0355,0.03539881,52.1,BTC-14FEB25-101000-C,100993.43,buy,0.1,0.1,,,
277,346136868,2025-02-04 04:05:23,2,0.0345,0.03477848,52.36,BTC-14FEB25-101000-C,100758.23,buy,0.1,0.1,,,
278,346146410,2025-02-04 05:03:36,2,0.0315,0.03146805,54.11,BTC-14FEB25-101000-C,99845.53,sell,3.3,3.3,,,
279,346215063,2025-02-04 10:56:50,2,0.027,0.0268746,54.18,BTC-14FEB25-101000-C,98882.25,sell,0.1,0.1,,,
280,346217293,2025-02-04 11:08:33,0,0.0295,0.02894866,54.85,BTC-14FEB25-101000-C,99374.51,buy,0.3,0.3,,,
281,346259441,2025-02-04 15:10:47,0,0.031,0.03170988,53.19,BTC-14FEB25-101000-C,100053.53,sell,0.1,0.1,,,
282,346259442,2025-02-04 15:10:47,1,0.031,0.03170988,53.19,BTC-14FEB25-101000-C,100053.53,sell,0.4,0.4,,,
283,346259443,2025-02-04 15:10:47,1,0.031,0.03170988,53.19,BTC-14FEB25-101000-C,100053.53,sell,0.5,0.5,,,
284,346273720,2025-02-04 15:41:36,2,0.029,0.02861683,55.21,BTC-14FEB25-101000-C,99306.32,sell,5.0,5.0,,,
285,346280736,2025-02-04 16:13:24,0,0.0295,0.02915684,54.98,BTC-14FEB25-101000-C,99461.3,buy,2.0,2.0,,,
286,346280737,2025-02-04 16:13:24,1,0.0295,0.02915684,54.98,BTC-14FEB25-101000-C,99461.3,buy,0.6,0.6,,,
287,346280790,2025-02-04 16:13:24,0,0.03,0.02915684,55.75,BTC-14FEB25-101000-C,99461.3,buy,41.6,41.6,,,
288,346280791,2025-02-04 16:13:24,1,0.03,0.02915684,55.75,BTC-14FEB25-101000-C,99461.3,buy,2.5,2.5,,,
289,346286749,2025-02-04 16:45:45,2,0.0295,0.02895561,55.07,BTC-14FEB25-101000-C,99433.11,buy,6.5,6.5,,,
290,346286750,2025-02-04 16:45:45,3,0.0295,0.02895561,55.07,BTC-14FEB25-101000-C,99433.11,buy,2.5,2.5,,,
291,346286751,2025-02-04 16:45:45,3,0.0295,0.02895561,55.07,BTC-14FEB25-101000-C,99433.11,buy,2.0,2.0,,,
292,346286752,2025-02-04 16:45:45,3,0.0295,0.02895561,55.07,BTC-14FEB25-101000-C,99433.11,buy,5.8,5.8,,,
293,346286753,2025-02-04 16:45:45,3,0.0295,0.02895561,55.07,BTC-14FEB25-101000-C,99433.11,buy,20.2,20.2,,,
294,346286754,2025-02-04 16:45:45,3,0.0295,0.02895561,55.07,BTC-14FEB25-101000-C,99433.11,buy,0.6,0.6,,,
295,346286755,2025-02-04 16:45:45,3,0.0295,0.02895561,55.07,BTC-14FEB25-101000-C,99433.11,buy,7.0,7.0,,,
296,346286756,2025-02-04 16:45:45,3,0.0295,0.02895561,55.07,BTC-14FEB25-101000-C,99433.11,buy,2.0,2.0,,,
297,346286757,2025-02-04 16:45:45,3,0.0295,0.02895561,55.07,BTC-14FEB25-101000-C,99433.11,buy,1.0,1.0,,,
298,346286758,2025-02-04 16:45:45,3,0.0295,0.02895561,55.07,BTC-14FEB25-101000-C,99433.11,buy,0.6,0.6,,,
299,346304193,2025-02-04 19:08:47,0,0.0304,0.03038789,55.24,BTC-14FEB25-101000-C,99671.04,sell,100.0,100.0,BTC-CDIAG-25APR25_14FEB25-120000_101000,180526,
300,346304696,2025-02-04 19:10:27,2,0.0302,0.03111227,53.78,BTC-14FEB25-101000-C,99834.33,sell,100.0,100.0,BTC-CDIAG-25APR25_14FEB25-120000_101000,180527,
301,346314642,2025-02-04 19:36:26,0,0.036,0.03610244,55.72,BTC-14FEB25-101000-C,100818.19,sell,0.5,0.5,,,
302,346337274,2025-02-04 20:10:20,2,0.0275,0.02861956,53.62,BTC-14FEB25-101000-C,99234.74,sell,0.1,0.1,,,
303,346342197,2025-02-04 20:15:18,2,0.0255,0.02591085,53.95,BTC-14FEB25-101000-C,98707.39,buy,1.0,1.0,,,
304,346342505,2025-02-04 20:16:01,3,0.0255,0.02572469,54.06,BTC-14FEB25-101000-C,98703.5,buy,1.3,1.3,,,
305,346342506,2025-02-04 20:16:01,3,0.0255,0.02572469,54.06,BTC-14FEB25-101000-C,98703.5,buy,2.3,2.3,,,
306,346342767,2025-02-04 20:16:42,3,0.0255,0.02586976,54.17,BTC-14FEB25-101000-C,98686.17,sell,0.1,0.1,,,
307,346343024,2025-02-04 20:17:22,2,0.0245,0.02462738,54.2,BTC-14FEB25-101000-C,98432.37,sell,0.1,0.1,,,
308,346343242,2025-02-04 20:17:59,3,0.0245,0.02460623,54.02,BTC-14FEB25-101000-C,98460.86,buy,5.8,5.8,,,
309,346343358,2025-02-04 20:18:17,3,0.0245,0.0247225,53.95,BTC-14FEB25-101000-C,98471.42,sell,0.1,0.1,,,
310,346343803,2025-02-04 20:19:35,2,0.024,0.02445175,53.38,BTC-14FEB25-101000-C,98444.94,sell,0.1,0.1,,,
311,346344751,2025-02-04 20:20:56,3,0.024,0.02469365,52.84,BTC-14FEB25-101000-C,98546.04,sell,0.1,0.1,,,
312,346346798,2025-02-04 20:24:53,2,0.0225,0.02277554,52.63,BTC-14FEB25-101000-C,98194.33,sell,0.1,0.1,,,
313,346348172,2025-02-04 20:26:32,2,0.022,0.02236458,52.07,BTC-14FEB25-101000-C,98144.18,sell,0.1,0.1,,,
314,346348806,2025-02-04 20:27:48,3,0.022,0.02238607,52.19,BTC-14FEB25-101000-C,98132.85,sell,0.1,0.1,,,
315,346350639,2025-02-04 20:31:44,0,0.0235,0.02387303,52.4,BTC-14FEB25-101000-C,98507.96,sell,0.1,0.1,,,
316,346351791,2025-02-04 20:37:19,2,0.023,0.02325551,52.52,BTC-14FEB25-101000-C,98362.83,sell,0.1,0.1,,,
317,346354149,2025-02-04 20:44:22,0,0.025,0.02506291,52.51,BTC-14FEB25-101000-C,98893.07,sell,3.0,3.0,,,
318,346364306,2025-02-04 21:10:54,2,0.0215,0.02182247,52.07,BTC-14FEB25-101000-C,98027.65,sell,0.1,0.1,,,
319,346370947,2025-02-04 21:30:15,2,0.019,0.01923822,52.13,BTC-14FEB25-101000-C,97316.99,sell,0.1,0.1,,,
320,346371646,2025-02-04 21:31:10,2,0.0185,0.01864318,52.5,BTC-14FEB25-101000-C,97113.88,buy,0.1,0.1,,,
321,346372038,2025-02-04 21:32:07,3,0.0185,0.01874493,52.32,BTC-14FEB25-101000-C,97135.18,sell,0.1,0.1,,,
322,346380912,2025-02-04 21:47:21,2,0.018,0.01806201,52.73,BTC-14FEB25-101000-C,96882.69,buy,0.1,0.1,,,
323,346385869,2025-02-04 21:55:53,2,0.017,0.01716787,52.82,BTC-14FEB25-101000-C,96594.05,sell,0.1,0.1,,,
324,346387036,2025-02-04 21:57:19,3,0.017,0.01708643,53.06,BTC-14FEB25-101000-C,96563.11,sell,0.1,0.1,,,
325,346390195,2025-02-04 22:03:51,2,0.0165,0.01654142,53.16,BTC-14FEB25-101000-C,96364.04,buy,0.1,0.1,,,
326,346410173,2025-02-04 23:06:56,0,0.021,0.02124163,51.92,BTC-14FEB25-101000-C,97953.59,buy,0.1,0.1,,,
327,346410776,2025-02-04 23:09:37,1,0.021,0.02112072,52.13,BTC-14FEB25-101000-C,97923.82,buy,0.4,0.4,,,
328,346424246,2025-02-05 01:10:38,0,0.0242,0.02436626,51.48,BTC-14FEB25-101000-C,98905.6,sell,0.1,0.1,BTC-ICOND-14FEB25-88000_97000_101000_111000,,346424245
329,346435931,2025-02-05 02:24:34,2,0.018,0.01805977,51.43,BTC-14FEB25-101000-C,97264.93,buy,0.1,0.1,,,
330,346435965,2025-02-05 02:24:36,3,0.018,0.01803112,51.46,BTC-14FEB25-101000-C,97259.75,buy,0.1,0.1,,,
331,346436322,2025-02-05 02:25:06,3,0.018,0.01804157,51.33,BTC-14FEB25-101000-C,97279.25,buy,0.1,0.1,,,
332,346436947,2025-02-05 02:26:44,3,0.018,0.01816046,51.25,BTC-14FEB25-101000-C,97284.74,buy,0.1,0.1,,,
333,346439616,2025-02-05 02:45:23,0,0.02,0.02017956,51.39,BTC-14FEB25-101000-C,97870.36,sell,0.1,0.1,,,
334,346439617,2025-02-05 02:45:23,1,0.02,0.02017956,51.39,BTC-14FEB25-101000-C,97870.36,sell,3.4,3.4,,,
335,346440677,2025-02-05 02:53:00,1,0.02,0.02027725,51.5,BTC-14FEB25-101000-C,97838.97,sell,0.1,0.1,,,
336,346442988,2025-02-05 03:14:15,1,0.02,0.02050746,51.22,BTC-14FEB25-101000-C,97886.84,sell,3.4,3.4,,,
337,346442989,2025-02-05 03:14:15,1,0.02,0.02050746,51.22,BTC-14FEB25-101000-C,97886.84,sell,0.1,0.1,,,
338,346448410,2025-02-05 05:01:10,0,0.021,0.021266,51.37,BTC-14FEB25-101000-C,98179.87,buy,0.1,0.1,,,
339,346448460,2025-02-05 05:01:15,1,0.021,0.02130844,51.34,BTC-14FEB25-101000-C,98185.06,buy,0.2,0.2,,,
340,346448461,2025-02-05 05:01:15,1,0.021,0.02130844,51.2,BTC-14FEB25-101000-C,98206.23,buy,0.2,0.2,,,
341,346456048,2025-02-05 06:56:22,2,0.019,0.01900088,51.38,BTC-14FEB25-101000-C,97683.83,buy,0.1,0.1,,,
342,346459231,2025-02-05 07:38:24,2,0.0185,0.01841337,51.21,BTC-14FEB25-101000-C,97578.19,buy,0.1,0.1,,,
343,346460682,2025-02-05 07:51:40,0,0.0195,0.01975099,50.95,BTC-14FEB25-101000-C,97908.23,sell,0.1,0.1,,,
344,346463126,2025-02-05 08:09:04,1,0.0195,0.01986073,50.33,BTC-14FEB25-101000-C,98023.94,buy,4.7,4.7,,,
345,346464191,2025-02-05 08:28:30,2,0.019,0.01907211,50.53,BTC-14FEB25-101000-C,97838.23,buy,0.1,0.1,,,
346,346468671,2025-02-05 09:33:16,2,0.0185,0.01863733,51.14,BTC-14FEB25-101000-C,97609.01,sell,0.2,0.2,,,
347,346478440,2025-02-05 11:27:23,0,0.019,0.0195193,50.2,BTC-14FEB25-101000-C,97944.32,sell,1.0,1.0,,,
348,346499290,2025-02-05 14:52:03,0,0.021,0.02115673,49.64,BTC-14FEB25-101000-C,98669.62,sell,0.1,0.1,,,
349,346502825,2025-02-05 15:03:51,2,0.0195,0.01939155,50.58,BTC-14FEB25-101000-C,98131.32,sell,4.0,4.0,,,
350,346518425,2025-02-05 16:23:13,2,0.017,0.01679825,50.01,BTC-14FEB25-101000-C,97503.42,buy,0.1,0.1,,,
351,346519265,2025-02-05 16:28:50,3,0.017,0.01743512,48.75,BTC-14FEB25-101000-C,97716.34,buy,2.2,2.2,,,
352,346529931,2025-02-05 17:43:31,2,0.016,0.01607094,48.83,BTC-14FEB25-101000-C,97442.51,buy,0.1,0.1,,,
353,346529932,2025-02-05 17:43:31,3,0.016,0.01607094,48.83,BTC-14FEB25-101000-C,97442.51,buy,0.1,0.1,,,
354,346529964,2025-02-05 17:44:00,3,0.016,0.01607787,48.8,BTC-14FEB25-101000-C,97446.3,buy,0.1,0.1,,,
355,346531221,2025-02-05 17:52:16,3,0.016,0.01603683,48.67,BTC-14FEB25-101000-C,97467.97,buy,0.1,0.1,,,
356,346536781,2025-02-05 18:14:26,2,0.0145,0.01444062,49.27,BTC-14FEB25-101000-C,96894.97,sell,0.1,0.1,,,
357,346560924,2025-02-05 20:59:27,0,0.0155,0.01568707,50.2,BTC-14FEB25-101000-C,97132.65,buy,0.1,0.1,,,
358,346569766,2025-02-05 22:30:55,2,0.0142,0.01436759,49.63,BTC-14FEB25-101000-C,96820.64,buy,0.1,0.1,BTC-CDIAG-14FEB25_8FEB25-101000_99000,,346569764
359,346577893,2025-02-05 23:28:44,2,0.013,0.01321767,49.74,BTC-14FEB25-101000-C,96431.07,sell,0.5,0.5,,,
360,346577989,2025-02-05 23:29:05,3,0.013,0.01306488,49.97,BTC-14FEB25-101000-C,96385.98,buy,0.5,0.5,,,
361,346579204,2025-02-05 23:33:06,2,0.0125,0.0126277,50.12,BTC-14FEB25-101000-C,96185.37,sell,0.5,0.5,,,
362,346586049,2025-02-06 00:38:22,0,0.0145,0.01468786,50.12,BTC-14FEB25-101000-C,96910.7,buy,0.1,0.1,,,
363,346596105,2025-02-06 03:51:30,0,0.0155,0.01537369,49.79,BTC-14FEB25-101000-C,97367.1,buy,0.1,0.1,,,
364,346612798,2025-02-06 07:52:03,0,0.0175,0.01777225,49.26,BTC-14FEB25-101000-C,98071.44,buy,5.0,5.0,,,
365,346615992,2025-02-06 08:31:19,2,0.017,0.01703975,48.18,BTC-14FEB25-101000-C,98135.85,buy,0.1,0.1,,,
366,346616001,2025-02-06 08:31:45,3,0.017,0.01703561,48.21,BTC-14FEB25-101000-C,98133.77,sell,0.1,0.1,,,
367,346616002,2025-02-06 08:31:48,3,0.017,0.01703717,48.22,BTC-14FEB25-101000-C,98132.95,sell,0.1,0.1,,,
368,346616170,2025-02-06 08:34:44,3,0.017,0.01690652,48.62,BTC-14FEB25-101000-C,98075.68,sell,0.2,0.2,,,
369,346616171,2025-02-06 08:34:44,3,0.017,0.01690652,48.62,BTC-14FEB25-101000-C,98075.68,sell,0.1,0.1,,,
370,346616172,2025-02-06 08:34:44,3,0.017,0.01690652,48.62,BTC-14FEB25-101000-C,98075.68,sell,0.1,0.1,,,
371,346637143,2025-02-06 11:56:47,0,0.0205,0.0204076,48.74,BTC-14FEB25-101000-C,99050.51,buy,7.1,7.1,,,
372,346637144,2025-02-06 11:56:47,1,0.0205,0.0204076,48.74,BTC-14FEB25-101000-C,99050.51,buy,0.1,0.1,,,
373,346641591,2025-02-06 12:35:29,2,0.0185,0.0183403,48.89,BTC-14FEB25-101000-C,98499.37,buy,0.1,0.1,,,
374,346646245,2025-02-06 13:31:02,2,0.018,0.01805994,48.48,BTC-14FEB25-101000-C,98444.35,buy,0.1,0.1,,,
375,346654156,2025-02-06 14:32:03,2,0.017,0.01721968,48.66,BTC-14FEB25-101000-C,98171.1,buy,1.0,1.0,,,
376,346663710,2025-02-06 14:58:01,2,0.016,0.01638783,48.28,BTC-14FEB25-101000-C,97975.11,sell,0.2,0.2,,,
377,346663711,2025-02-06 14:58:01,3,0.016,0.01638783,48.28,BTC-14FEB25-101000-C,97975.11,sell,0.3,0.3,,,
378,346688584,2025-02-06 15:57:18,2,0.013,0.01328988,47.95,BTC-14FEB25-101000-C,97092.84,sell,0.2,0.2,,,
379,346692774,2025-02-06 16:19:15,0,0.0135,0.01383134,47.75,BTC-14FEB25-101000-C,97322.9,sell,1.6,1.6,,,
380,346692784,2025-02-06 16:19:15,1,0.0135,0.01383134,47.75,BTC-14FEB25-101000-C,97322.9,sell,1.2,1.2,,,
381,346698912,2025-02-06 16:30:48,2,0.013,0.0127561,48.71,BTC-14FEB25-101000-C,97017.62,buy,0.1,0.1,,,
382,346704571,2025-02-06 16:43:35,2,0.012,0.01194473,48.37,BTC-14FEB25-101000-C,96699.28,sell,1.0,1.0,,,
383,346705718,2025-02-06 16:46:13,3,0.012,0.01187109,48.7,BTC-14FEB25-101000-C,96642.04,buy,0.9,0.9,,,
384,346705719,2025-02-06 16:46:13,3,0.012,0.01187109,48.7,BTC-14FEB25-101000-C,96642.04,buy,0.1,0.1,,,
385,346706048,2025-02-06 16:47:45,3,0.012,0.01195907,48.52,BTC-14FEB25-101000-C,96674.48,buy,0.1,0.1,,,
386,346707152,2025-02-06 16:50:49,3,0.012,0.01189622,48.67,BTC-14FEB25-101000-C,96645.33,buy,1.4,1.4,,,
387,346707153,2025-02-06 16:50:49,3,0.012,0.01189622,48.67,BTC-14FEB25-101000-C,96645.33,buy,0.1,0.1,,,
388,346707457,2025-02-06 16:51:49,3,0.012,0.01197098,48.52,BTC-14FEB25-101000-C,96667.68,buy,0.1,0.1,,,
389,346712207,2025-02-06 17:08:51,0,0.0125,0.01241696,48.52,BTC-14FEB25-101000-C,96858.4,buy,0.1,0.1,,,
390,346712208,2025-02-06 17:08:54,1,0.0125,0.01239852,48.54,BTC-14FEB25-101000-C,96856.18,buy,1.1,1.1,,,
391,346712210,2025-02-06 17:08:59,1,0.0125,0.01233994,48.61,BTC-14FEB25-101000-C,96846.08,buy,0.9,0.9,,,
392,346712218,2025-02-06 17:09:02,1,0.0125,0.01232144,48.63,BTC-14FEB25-101000-C,96842.59,buy,0.9,0.9,,,
393,346714356,2025-02-06 17:28:13,1,0.0125,0.01236835,48.97,BTC-14FEB25-101000-C,96786.38,buy,0.1,0.1,,,
394,346714358,2025-02-06 17:28:15,1,0.0125,0.01229478,48.97,BTC-14FEB25-101000-C,96786.41,buy,0.1,0.1,,,
395,346714928,2025-02-06 17:35:51,2,0.012,0.01224836,47.95,BTC-14FEB25-101000-C,96794.38,sell,0.2,0.2,,,
396,346715485,2025-02-06 17:38:16,0,0.013,0.01283747,48.91,BTC-14FEB25-101000-C,96984.95,buy,0.1,0.1,,,
397,346715503,2025-02-06 17:38:17,1,0.013,0.01281558,49.0,BTC-14FEB25-101000-C,96971.05,buy,0.1,0.1,,,
398,346717276,2025-02-06 17:58:38,2,0.012,0.01224463,47.99,BTC-14FEB25-101000-C,96819.29,sell,1.1,1.1,,,
399,346718367,2025-02-06 18:08:59,3,0.012,0.01175774,48.97,BTC-14FEB25-101000-C,96653.78,buy,0.1,0.1,,,
400,346719096,2025-02-06 18:11:28,2,0.011,0.01114483,47.97,BTC-14FEB25-101000-C,96454.89,sell,4.3,4.3,,,
401,346719375,2025-02-06 18:11:31,3,0.011,0.01114549,48.33,BTC-14FEB25-101000-C,96390.67,sell,11.7,11.7,,,
402,346721185,2025-02-06 18:16:05,2,0.0105,0.01084717,47.47,BTC-14FEB25-101000-C,96351.53,buy,0.1,0.1,,,
403,346726833,2025-02-06 18:39:27,3,0.0105,0.01085388,47.53,BTC-14FEB25-101000-C,96371.36,sell,0.3,0.3,,,
404,346727438,2025-02-06 18:44:21,0,0.011,0.01110582,48.01,BTC-14FEB25-101000-C,96458.66,buy,0.1,0.1,,,
405,346731056,2025-02-06 19:10:19,2,0.0105,0.01066522,47.8,BTC-14FEB25-101000-C,96316.97,buy,1.7,1.7,,,
406,346731057,2025-02-06 19:10:20,3,0.0105,0.01068111,47.8,BTC-14FEB25-101000-C,96318.16,buy,1.7,1.7,,,
407,346731058,2025-02-06 19:10:21,3,0.0105,0.01068111,47.8,BTC-14FEB25-101000-C,96317.4,buy,1.7,1.7,,,
408,346731073,2025-02-06 19:10:42,3,0.0105,0.01062964,47.86,BTC-14FEB25-101000-C,96308.63,buy,1.9,1.9,,,
409,346744468,2025-02-06 20:12:33,3,0.0105,0.01078442,48.0,BTC-14FEB25-101000-C,96298.25,sell,0.1,0.1,,,
410,346751269,2025-02-06 21:01:06,0,0.012,0.01158829,48.53,BTC-14FEB25-101000-C,96790.2,buy,1.0,1.0,,,
411,346776914,2025-02-07 01:51:37,2,0.0115,0.01170265,47.38,BTC-14FEB25-101000-C,96934.9,buy,0.1,0.1,,,
412,346793729,2025-02-07 04:15:37,0,0.0135,0.01373589,47.38,BTC-14FEB25-101000-C,97669.25,sell,0.9,0.9,,,
413,346793730,2025-02-07 04:15:37,1,0.0135,0.01373589,47.38,BTC-14FEB25-101000-C,97669.25,sell,0.1,0.1,,,
414,346798355,2025-02-07 05:25:36,2,0.0125,0.01236644,47.86,BTC-14FEB25-101000-C,97296.43,buy,0.2,0.2,,,
415,346798356,2025-02-07 05:25:36,3,0.0125,0.01236644,47.86,BTC-14FEB25-101000-C,97296.43,buy,1.1,1.1,,,
416,346818068,2025-02-07 07:56:33,2,0.0105,0.01024856,47.44,BTC-14FEB25-101000-C,96731.36,buy,0.1,0.1,,,
417,346818157,2025-02-07 07:57:32,3,0.0105,0.01031427,47.32,BTC-14FEB25-101000-C,96756.97,buy,0.1,0.1,,,
418,346818259,2025-02-07 07:58:19,3,0.0105,0.01035254,47.24,BTC-14FEB25-101000-C,96767.92,buy,0.1,0.1,,,
419,346819518,2025-02-07 08:02:38,2,0.01,0.0100042,46.82,BTC-14FEB25-101000-C,96654.0,buy,0.1,0.1,,,
420,346819589,2025-02-07 08:02:51,2,0.0095,0.01009849,45.63,BTC-14FEB25-101000-C,96664.44,sell,0.1,0.1,,,
421,346819603,2025-02-07 08:02:56,0,0.01,0.01002951,46.77,BTC-14FEB25-101000-C,96660.78,buy,0.1,0.1,,,
422,346819668,2025-02-07 08:03:11,2,0.0095,0.01007563,45.54,BTC-14FEB25-101000-C,96679.8,sell,0.6,0.6,,,
423,346819715,2025-02-07 08:03:25,0,0.01,0.01008892,46.62,BTC-14FEB25-101000-C,96684.68,buy,0.1,0.1,,,
424,346819737,2025-02-07 08:03:34,1,0.01,0.0100881,46.63,BTC-14FEB25-101000-C,96685.18,buy,0.1,0.1,,,
425,346819778,2025-02-07 08:03:44,1,0.01,0.01014194,46.52,BTC-14FEB25-101000-C,96702.38,buy,0.1,0.1,,,
426,346819805,2025-02-07 08:03:50,2,0.0095,0.01016607,45.27,BTC-14FEB25-101000-C,96725.86,sell,0.1,0.1,,,
427,346819937,2025-02-07 08:04:29,3,0.0095,0.01017406,45.28,BTC-14FEB25-101000-C,96725.04,sell,0.1,0.1,,,
428,346820036,2025-02-07 08:05:07,3,0.0095,0.01007342,45.42,BTC-14FEB25-101000-C,96704.29,sell,0.1,0.1,,,
429,346820181,2025-02-07 08:05:46,3,0.0095,0.0101315,45.24,BTC-14FEB25-101000-C,96728.91,sell,0.1,0.1,,,
430,346820294,2025-02-07 08:06:30,3,0.0095,0.01015401,45.05,BTC-14FEB25-101000-C,96762.21,sell,0.1,0.1,,,
431,346820380,2025-02-07 08:07:04,0,0.01,0.01034028,45.68,BTC-14FEB25-101000-C,96849.65,buy,10.0,10.0,,,
432,346820381,2025-02-07 08:07:05,2,0.0095,0.01034028,44.57,BTC-14FEB25-101000-C,96849.65,sell,0.1,0.1,,,
433,346820424,2025-02-07 08:07:12,0,0.01,0.01025341,45.71,BTC-14FEB25-101000-C,96846.25,buy,1.2,1.2,,,
434,346820425,2025-02-07 08:07:12,1,0.01,0.01025341,45.71,BTC-14FEB25-101000-C,96846.25,buy,10.0,10.0,,,
435,346820429,2025-02-07 08:07:18,1,0.01,0.01022324,45.72,BTC-14FEB25-101000-C,96846.23,buy,1.0,1.0,,,
436,346820462,2025-02-07 08:07:32,2,0.0095,0.01021105,44.58,BTC-14FEB25-101000-C,96854.74,sell,0.1,0.1,,,
437,346820522,2025-02-07 08:08:19,0,0.01,0.01013647,45.52,BTC-14FEB25-101000-C,96885.31,buy,10.0,10.0,,,
438,346820691,2025-02-07 08:09:19,1,0.01,0.01002127,45.27,BTC-14FEB25-101000-C,96919.65,buy,0.1,0.1,,,
439,346821003,2025-02-07 08:11:02,1,0.01,0.01012135,45.23,BTC-14FEB25-101000-C,96909.62,buy,0.7,0.7,,,
440,346821074,2025-02-07 08:12:19,1,0.01,0.01003366,45.42,BTC-14FEB25-101000-C,96879.47,sell,0.1,0.1,,,
441,346821315,2025-02-07 08:14:11,1,0.01,0.00993682,45.61,BTC-14FEB25-101000-C,96835.58,buy,0.1,0.1,,,
442,346821316,2025-02-07 08:14:11,1,0.01,0.00993682,45.61,BTC-14FEB25-101000-C,96835.58,buy,1.6,1.6,,,
443,346821318,2025-02-07 08:14:11,1,0.01,0.00993682,45.61,BTC-14FEB25-101000-C,96835.58,sell,1.3,1.3,,,
444,346822371,2025-02-07 08:21:58,2,0.0095,0.00984294,44.4,BTC-14FEB25-101000-C,96835.52,sell,0.9,0.9,,,
445,346822728,2025-02-07 08:23:44,3,0.0095,0.00984438,44.36,BTC-14FEB25-101000-C,96839.26,buy,14.0,14.0,,,
446,346822729,2025-02-07 08:23:44,3,0.0095,0.00984438,44.36,BTC-14FEB25-101000-C,96839.26,buy,14.0,14.0,,,
447,346822730,2025-02-07 08:23:44,3,0.0095,0.00984438,44.36,BTC-14FEB25-101000-C,96839.26,buy,11.0,11.0,,,
448,346822755,2025-02-07 08:23:48,3,0.0095,0.00985263,44.35,BTC-14FEB25-101000-C,96841.77,buy,8.0,8.0,,,
449,346823274,2025-02-07 08:27:29,3,0.0095,0.00978315,44.3,BTC-14FEB25-101000-C,96838.11,buy,0.1,0.1,,,
450,346823329,2025-02-07 08:27:56,3,0.0095,0.00975993,44.28,BTC-14FEB25-101000-C,96841.95,buy,0.5,0.5,,,
451,346824218,2025-02-07 08:36:52,0,0.01,0.01015042,44.37,BTC-14FEB25-101000-C,97031.41,buy,0.3,0.3,,,
452,346824857,2025-02-07 08:43:23,1,0.01,0.0102985,43.9,BTC-14FEB25-101000-C,97105.44,sell,0.6,0.6,,,
453,346824858,2025-02-07 08:43:23,1,0.01,0.0102985,43.9,BTC-14FEB25-101000-C,97105.44,sell,0.1,0.1,,,
454,346824859,2025-02-07 08:43:23,1,0.01,0.0102985,43.9,BTC-14FEB25-101000-C,97105.44,sell,0.4,0.4,,,
455,346825430,2025-02-07 08:47:10,0,0.0105,0.01063744,44.1,BTC-14FEB25-101000-C,97247.24,buy,0.1,0.1,,,
456,346825431,2025-02-07 08:47:10,1,0.0105,0.01063744,44.1,BTC-14FEB25-101000-C,97247.24,buy,0.1,0.1,,,
457,346826222,2025-02-07 08:57:03,2,0.01,0.01014213,44.37,BTC-14FEB25-101000-C,97042.5,buy,0.1,0.1,,,
458,346826267,2025-02-07 08:57:56,3,0.01,0.01004346,44.52,BTC-14FEB25-101000-C,97010.97,buy,0.1,0.1,,,
459,346827384,2025-02-07 09:14:38,0,0.0105,0.01101265,44.2,BTC-14FEB25-101000-C,97240.78,sell,0.7,0.7,,,
460,346827385,2025-02-07 09:14:38,1,0.0105,0.01101265,44.2,BTC-14FEB25-101000-C,97240.78,sell,0.2,0.2,,,
461,346827473,2025-02-07 09:16:10,0,0.011,0.01112656,45.14,BTC-14FEB25-101000-C,97263.9,buy,0.8,0.8,,,
462,346827523,2025-02-07 09:16:17,1,0.011,0.01120405,45.01,BTC-14FEB25-101000-C,97283.66,buy,0.2,0.2,,,
463,346828040,2025-02-07 09:20:01,0,0.0115,0.01142443,45.98,BTC-14FEB25-101000-C,97309.77,sell,0.2,0.2,,,
464,346828041,2025-02-07 09:20:01,1,0.0115,0.01142443,45.98,BTC-14FEB25-101000-C,97309.77,sell,4.1,4.1,,,
465,346828222,2025-02-07 09:22:32,0,0.012,0.01178641,46.36,BTC-14FEB25-101000-C,97397.56,buy,1.1,1.1,,,
466,346828223,2025-02-07 09:22:32,1,0.012,0.01178641,46.36,BTC-14FEB25-101000-C,97397.56,buy,6.0,6.0,,,
467,346828224,2025-02-07 09:22:32,1,0.012,0.01178641,46.36,BTC-14FEB25-101000-C,97397.56,buy,3.9,3.9,,,
468,346828225,2025-02-07 09:22:32,1,0.012,0.01178641,46.36,BTC-14FEB25-101000-C,97397.56,sell,4.0,4.0,,,
469,346829062,2025-02-07 09:36:26,2,0.0115,0.01170878,46.04,BTC-14FEB25-101000-C,97282.28,sell,1.0,1.0,,,
470,346829212,2025-02-07 09:38:39,3,0.0115,0.01182227,45.86,BTC-14FEB25-101000-C,97321.71,sell,0.1,0.1,,,
471,346829288,2025-02-07 09:40:23,3,0.0115,0.01177906,45.97,BTC-14FEB25-101000-C,97306.92,sell,0.1,0.1,,,
472,346830165,2025-02-07 09:46:39,3,0.0115,0.01197062,45.71,BTC-14FEB25-101000-C,97358.6,sell,0.1,0.1,,,
473,346833094,2025-02-07 10:33:03,3,0.0115,0.0121501,45.33,BTC-14FEB25-101000-C,97430.52,sell,0.1,0.1,,,
474,346833146,2025-02-07 10:35:35,3,0.0115,0.01212322,45.33,BTC-14FEB25-101000-C,97442.26,sell,0.1,0.1,,,
475,346834203,2025-02-07 11:03:51,2,0.011,0.01163815,45.03,BTC-14FEB25-101000-C,97327.16,sell,0.9,0.9,,,
476,346835604,2025-02-07 11:20:28,0,0.0125,0.01298169,45.79,BTC-14FEB25-101000-C,97711.52,sell,0.5,0.5,,,
477,346835605,2025-02-07 11:20:28,1,0.0125,0.01298169,45.79,BTC-14FEB25-101000-C,97711.52,sell,0.7,0.7,,,
478,346835606,2025-02-07 11:20:28,1,0.0125,0.01298169,45.79,BTC-14FEB25-101000-C,97711.52,sell,0.1,0.1,,,
479,346836409,2025-02-07 11:43:26,1,0.0125,0.01305236,45.97,BTC-14FEB25-101000-C,97681.07,sell,0.1,0.1,,,
480,346836410,2025-02-07 11:43:27,1,0.0125,0.01305226,45.97,BTC-14FEB25-101000-C,97681.08,sell,0.1,0.1,,,
481,346840386,2025-02-07 12:28:46,1,0.0125,0.01298144,45.85,BTC-14FEB25-101000-C,97721.06,sell,0.1,0.1,,,
482,346850463,2025-02-07 13:34:49,1,0.0125,0.01231563,47.0,BTC-14FEB25-101000-C,97572.56,buy,0.1,0.1,,,
483,346852652,2025-02-07 13:40:54,0,0.015,0.015008,46.74,BTC-14FEB25-101000-C,98364.08,buy,0.1,0.1,,,
484,346852919,2025-02-07 13:41:02,0,0.0155,0.01552028,46.81,BTC-14FEB25-101000-C,98490.98,buy,0.5,0.5,,,
485,346852931,2025-02-07 13:41:02,1,0.0155,0.01552028,46.81,BTC-14FEB25-101000-C,98490.98,buy,0.5,0.5,,,
486,346854700,2025-02-07 13:44:39,2,0.0145,0.01527952,45.48,BTC-14FEB25-101000-C,98429.79,sell,1.2,1.2,,,
487,346854701,2025-02-07 13:44:39,3,0.0145,0.01527952,45.48,BTC-14FEB25-101000-C,98429.79,sell,0.4,0.4,,,
488,346854702,2025-02-07 13:44:39,3,0.0145,0.01527952,45.48,BTC-14FEB25-101000-C,98429.79,sell,1.9,1.9,,,
489,346856836,2025-02-07 13:51:23,0,0.016,0.01641261,46.14,BTC-14FEB25-101000-C,98746.51,sell,0.1,0.1,,,
490,346856839,2025-02-07 13:51:23,1,0.016,0.01641261,46.14,BTC-14FEB25-101000-C,98746.51,sell,0.1,0.1,,,
491,346857726,2025-02-07 13:54:49,1,0.016,0.01614147,46.57,BTC-14FEB25-101000-C,98702.24,sell,0.1,0.1,,,
492,346868285,2025-02-07 14:23:29,0,0.0195,0.01996676,45.62,BTC-14FEB25-101000-C,99711.58,sell,0.1,0.1,,,
493,346868385,2025-02-07 14:23:52,0,0.02,0.02019039,46.19,BTC-14FEB25-101000-C,99753.81,sell,0.6,0.6,,,
494,346869473,2025-02-07 14:30:13,2,0.0195,0.01964375,46.11,BTC-14FEB25-101000-C,99661.37,sell,0.1,0.1,,,
495,346869474,2025-02-07 14:30:13,3,0.0195,0.01964375,46.11,BTC-14FEB25-101000-C,99661.37,sell,0.1,0.1,,,
496,346869874,2025-02-07 14:30:47,2,0.019,0.01922954,45.98,BTC-14FEB25-101000-C,99556.21,sell,0.2,0.2,,,
497,346869875,2025-02-07 14:30:47,3,0.019,0.01922954,45.98,BTC-14FEB25-101000-C,99556.21,sell,0.1,0.1,,,
498,346871433,2025-02-07 14:35:17,2,0.0185,0.01862193,46.12,BTC-14FEB25-101000-C,99413.21,sell,0.2,0.2,,,
499,346871434,2025-02-07 14:35:17,3,0.0185,0.01862193,46.12,BTC-14FEB25-101000-C,99413.21,sell,0.1,0.1,,,
500,346872042,2025-02-07 14:36:41,3,0.0185,0.01869439,45.83,BTC-14FEB25-101000-C,99444.97,buy,0.1,0.1,,,
501,346873287,2025-02-07 14:41:10,0,0.02,0.02020801,45.88,BTC-14FEB25-101000-C,99789.56,sell,0.2,0.2,,,
502,346873288,2025-02-07 14:41:10,1,0.02,0.02020801,45.88,BTC-14FEB25-101000-C,99789.56,sell,0.1,0.1,,,
503,346874973,2025-02-07 14:48:03,0,0.0205,0.02074566,45.56,BTC-14FEB25-101000-C,99951.87,sell,0.2,0.2,,,
504,346874974,2025-02-07 14:48:03,1,0.0205,0.02074566,45.56,BTC-14FEB25-101000-C,99951.87,sell,0.1,0.1,,,
505,346874990,2025-02-07 14:48:12,2,0.02,0.02063772,44.98,BTC-14FEB25-101000-C,99911.69,sell,0.8,0.8,,,
506,346874991,2025-02-07 14:48:12,3,0.02,0.02063772,44.98,BTC-14FEB25-101000-C,99911.69,sell,0.1,0.1,,,
507,346874992,2025-02-07 14:48:12,3,0.02,0.02063772,44.98,BTC-14FEB25-101000-C,99911.69,sell,0.3,0.3,,,
508,346876791,2025-02-07 14:54:55,0,0.0205,0.02084763,45.56,BTC-14FEB25-101000-C,99972.85,sell,0.5,0.5,,,
509,346876792,2025-02-07 14:54:55,1,0.0205,0.02084763,45.56,BTC-14FEB25-101000-C,99972.85,sell,0.4,0.4,,,
510,346876793,2025-02-07 14:54:55,1,0.0205,0.02084763,45.56,BTC-14FEB25-101000-C,99972.85,sell,0.1,0.1,,,
511,346876797,2025-02-07 14:54:58,1,0.0205,0.02084694,45.62,BTC-14FEB25-101000-C,99967.13,sell,0.1,0.1,,,
512,346877074,2025-02-07 14:56:36,0,0.021,0.02088076,46.66,BTC-14FEB25-101000-C,99958.49,sell,0.1,0.1,,,
513,346877260,2025-02-07 14:57:28,2,0.02,0.02006113,46.19,BTC-14FEB25-101000-C,99778.69,sell,0.1,0.1,,,
514,346877548,2025-02-07 14:59:04,3,0.02,0.02004709,46.04,BTC-14FEB25-101000-C,99792.77,sell,1.0,1.0,,,
515,346877887,2025-02-07 15:00:02,2,0.0195,0.01999698,45.64,BTC-14FEB25-101000-C,99733.18,sell,2.2,2.2,,,
516,346878764,2025-02-07 15:00:46,2,0.0185,0.01857485,45.85,BTC-14FEB25-101000-C,99463.51,sell,1.0,1.0,,,
517,346878977,2025-02-07 15:01:08,3,0.0185,0.01857238,46.1,BTC-14FEB25-101000-C,99429.43,sell,0.1,0.1,,,
518,346879295,2025-02-07 15:01:42,2,0.0175,0.01790023,45.47,BTC-14FEB25-101000-C,99265.56,sell,2.2,2.2,,,
519,346879296,2025-02-07 15:01:42,3,0.0175,0.01790023,45.47,BTC-14FEB25-101000-C,99265.56,sell,1.7,1.7,,,
520,346879934,2025-02-07 15:02:26,2,0.017,0.01727037,46.54,BTC-14FEB25-101000-C,98999.89,sell,0.1,0.1,,,
521,346880132,2025-02-07 15:02:49,3,0.017,0.01672974,46.96,BTC-14FEB25-101000-C,98948.14,buy,0.2,0.2,,,
522,346880783,2025-02-07 15:03:35,3,0.017,0.0170813,46.23,BTC-14FEB25-101000-C,99024.89,sell,0.1,0.1,,,
523,346881053,2025-02-07 15:04:06,2,0.0165,0.01682768,46.03,BTC-14FEB25-101000-C,98926.51,sell,1.0,1.0,,,
524,346881102,2025-02-07 15:04:13,3,0.0165,0.0165761,46.31,BTC-14FEB25-101000-C,98888.14,sell,0.1,0.1,,,
525,346881805,2025-02-07 15:05:02,3,0.0165,0.01660722,46.06,BTC-14FEB25-101000-C,98918.34,sell,0.1,0.1,,,
526,346881882,2025-02-07 15:05:16,2,0.016,0.01612224,46.17,BTC-14FEB25-101000-C,98773.44,sell,0.1,0.1,,,
527,346882609,2025-02-07 15:06:51,0,0.0165,0.01671204,45.94,BTC-14FEB25-101000-C,98926.26,sell,1.0,1.0,,,
528,346883575,2025-02-07 15:09:27,0,0.0175,0.01780774,45.83,BTC-14FEB25-101000-C,99214.49,sell,1.0,1.0,,,
529,346886004,2025-02-07 15:13:30,2,0.015,0.01513637,46.29,BTC-14FEB25-101000-C,98493.63,sell,1.0,1.0,,,
530,346888786,2025-02-07 15:17:35,2,0.014,0.01446902,45.63,BTC-14FEB25-101000-C,98310.53,sell,0.7,0.7,,,
531,346888787,2025-02-07 15:17:35,3,0.014,0.01446902,45.63,BTC-14FEB25-101000-C,98310.53,sell,0.6,0.6,,,
532,346898787,2025-02-07 15:43:21,0,0.0155,0.0159126,45.14,BTC-14FEB25-101000-C,98839.81,sell,0.1,0.1,,,
533,346916911,2025-02-07 16:44:25,2,0.013,0.01306749,45.66,BTC-14FEB25-101000-C,98063.07,sell,0.9,0.9,,,
534,346924303,2025-02-07 17:15:35,2,0.0125,0.01275461,45.27,BTC-14FEB25-101000-C,97990.14,sell,0.1,0.1,,,
535,346942843,2025-02-07 18:55:37,2,0.012,0.01183736,46.07,BTC-14FEB25-101000-C,97737.49,sell,0.2,0.2,,,
536,346949060,2025-02-07 19:40:19,2,0.01,0.01019982,45.65,BTC-14FEB25-101000-C,97138.68,sell,0.1,0.1,,,
537,346949448,2025-02-07 19:41:10,2,0.0095,0.0096907,45.52,BTC-14FEB25-101000-C,96986.52,sell,0.9,0.9,,,
538,346949466,2025-02-07 19:41:13,3,0.0095,0.00967352,45.55,BTC-14FEB25-101000-C,96981.78,buy,0.1,0.1,,,
539,346949495,2025-02-07 19:41:21,3,0.0095,0.00962492,45.53,BTC-14FEB25-101000-C,96983.11,buy,0.4,0.4,,,
540,346949607,2025-02-07 19:41:47,3,0.0095,0.00965481,45.5,BTC-14FEB25-101000-C,96984.94,buy,1.0,1.0,,,
541,346949608,2025-02-07 19:41:47,3,0.0095,0.00965481,45.5,BTC-14FEB25-101000-C,96984.94,buy,0.4,0.4,,,
542,346949809,2025-02-07 19:42:19,3,0.0095,0.00955544,45.65,BTC-14FEB25-101000-C,96962.37,buy,0.9,0.9,,,
543,346949815,2025-02-07 19:42:20,3,0.0095,0.00959425,45.63,BTC-14FEB25-101000-C,96965.83,buy,0.1,0.1,,,
544,346949934,2025-02-07 19:42:33,3,0.0095,0.00959037,45.55,BTC-14FEB25-101000-C,96978.85,buy,0.2,0.2,,,
545,346949935,2025-02-07 19:42:33,3,0.0095,0.00959037,45.55,BTC-14FEB25-101000-C,96978.85,buy,0.2,0.2,,,
546,346949952,2025-02-07 19:42:39,3,0.0095,0.00966387,45.55,BTC-14FEB25-101000-C,96978.04,buy,0.6,0.6,,,
547,346949988,2025-02-07 19:42:53,3,0.0095,0.00966151,45.59,BTC-14FEB25-101000-C,96971.81,buy,0.2,0.2,,,
548,346950186,2025-02-07 19:43:35,3,0.0095,0.00953853,45.79,BTC-14FEB25-101000-C,96941.01,buy,0.1,0.1,,,
549,346950214,2025-02-07 19:44:09,3,0.0095,0.00958512,45.65,BTC-14FEB25-101000-C,96962.58,buy,0.1,0.1,,,
550,346950215,2025-02-07 19:44:09,3,0.0095,0.00958512,45.65,BTC-14FEB25-101000-C,96962.58,buy,0.1,0.1,,,
551,346950216,2025-02-07 19:44:09,3,0.0095,0.00958512,45.65,BTC-14FEB25-101000-C,96962.58,buy,0.1,0.1,,,
552,346950226,2025-02-07 19:44:11,3,0.0095,0.00959312,45.6,BTC-14FEB25-101000-C,96969.95,buy,0.7,0.7,,,
553,346950229,2025-02-07 19:44:11,3,0.0095,0.00959312,45.6,BTC-14FEB25-101000-C,96969.95,buy,0.1,0.1,,,
554,346950231,2025-02-07 19:44:12,3,0.0095,0.00962388,45.45,BTC-14FEB25-101000-C,96992.99,buy,0.1,0.1,,,
555,346961956,2025-02-07 20:29:52,2,0.0075,0.00787882,45.31,BTC-14FEB25-101000-C,96209.81,sell,0.2,0.2,,,
556,346961957,2025-02-07 20:29:52,3,0.0075,0.00787882,45.31,BTC-14FEB25-101000-C,96209.81,sell,0.1,0.1,,,
557,346962528,2025-02-07 20:31:27,3,0.0075,0.0077602,45.59,BTC-14FEB25-101000-C,96161.01,sell,0.1,0.1,,,
558,346985790,2025-02-07 23:14:03,3,0.0075,0.00768662,46.21,BTC-14FEB25-101000-C,96166.87,buy,0.2,0.2,,,
559,346985815,2025-02-07 23:14:04,3,0.0075,0.00768269,46.14,BTC-14FEB25-101000-C,96180.49,buy,0.3,0.3,,,
560,346985823,2025-02-07 23:14:08,3,0.0075,0.00773606,46.1,BTC-14FEB25-101000-C,96185.05,buy,0.1,0.1,,,
561,346986299,2025-02-07 23:17:12,3,0.0075,0.00763214,46.16,BTC-14FEB25-101000-C,96174.0,buy,0.1,0.1,,,
562,346986301,2025-02-07 23:17:12,3,0.0075,0.00763214,46.16,BTC-14FEB25-101000-C,96174.0,buy,0.2,0.2,,,
563,346986303,2025-02-07 23:17:12,3,0.0075,0.00763214,46.16,BTC-14FEB25-101000-C,96174.0,buy,0.1,0.1,,,
564,346986304,2025-02-07 23:17:12,3,0.0075,0.00763214,46.16,BTC-14FEB25-101000-C,96174.0,buy,0.1,0.1,,,
565,346986309,2025-02-07 23:17:13,3,0.0075,0.00763182,46.08,BTC-14FEB25-101000-C,96186.29,buy,0.1,0.1,,,
566,346999065,2025-02-08 02:09:53,0,0.008,0.00771825,46.02,BTC-14FEB25-101000-C,96484.2,buy,1.2,1.2,,,
567,346999066,2025-02-08 02:09:53,1,0.008,0.00771825,46.02,BTC-14FEB25-101000-C,96484.2,buy,3.8,3.8,,,
568,347004867,2025-02-08 04:18:24,2,0.007,0.00769002,43.19,BTC-14FEB25-101000-C,96584.31,sell,0.1,0.1,,,
569,347004868,2025-02-08 04:18:24,3,0.007,0.00769002,43.19,BTC-14FEB25-101000-C,96584.31,sell,0.1,0.1,,,
570,347005420,2025-02-08 04:41:24,3,0.007,0.00723534,44.41,BTC-14FEB25-101000-C,96365.65,sell,0.1,0.1,,,
571,347005429,2025-02-08 04:41:40,3,0.007,0.0072465,44.33,BTC-14FEB25-101000-C,96377.59,sell,0.1,0.1,,,
572,347005432,2025-02-08 04:41:56,3,0.007,0.00721089,44.42,BTC-14FEB25-101000-C,96364.02,sell,0.1,0.1,,,
573,347006453,2025-02-08 05:03:43,3,0.007,0.00699725,45.05,BTC-14FEB25-101000-C,96261.92,sell,0.2,0.2,,,
574,347008846,2025-02-08 05:59:59,2,0.0065,0.00671208,44.11,BTC-14FEB25-101000-C,96218.21,sell,0.1,0.1,,,
575,347008847,2025-02-08 06:00:04,3,0.0065,0.00671498,44.09,BTC-14FEB25-101000-C,96220.71,sell,0.1,0.1,,,
576,347008856,2025-02-08 06:00:10,3,0.0065,0.00671725,44.16,BTC-14FEB25-101000-C,96210.43,sell,0.1,0.1,,,
577,347010818,2025-02-08 06:53:52,2,0.006,0.00650606,43.46,BTC-14FEB25-101000-C,96138.81,sell,0.6,0.6,,,
578,347013508,2025-02-08 07:20:37,2,0.0055,0.00614634,43.5,BTC-14FEB25-101000-C,95877.56,sell,1.0,1.0,,,
579,347017841,2025-02-08 08:01:29,0,0.006,0.0066933,42.94,BTC-14FEB25-101000-C,96292.75,sell,0.1,0.1,,,
580,347018051,2025-02-08 08:02:19,1,0.006,0.00659648,43.26,BTC-14FEB25-101000-C,96239.31,sell,0.5,0.5,,,
581,347018270,2025-02-08 08:03:55,1,0.006,0.00659679,43.23,BTC-14FEB25-101000-C,96249.36,sell,0.2,0.2,,,
582,347018342,2025-02-08 08:04:17,1,0.006,0.00657929,43.29,BTC-14FEB25-101000-C,96240.01,sell,0.1,0.1,,,
583,347018890,2025-02-08 08:13:22,1,0.006,0.00642627,43.69,BTC-14FEB25-101000-C,96167.04,sell,0.1,0.1,,,
584,347019510,2025-02-08 08:29:46,0,0.0065,0.00649815,44.88,BTC-14FEB25-101000-C,96197.72,sell,0.1,0.1,,,
585,347021688,2025-02-08 09:06:47,2,0.006,0.00611727,44.42,BTC-14FEB25-101000-C,96020.86,buy,0.1,0.1,,,
586,347021693,2025-02-08 09:06:51,3,0.006,0.00609325,44.44,BTC-14FEB25-101000-C,96017.54,buy,0.1,0.1,,,
587,347021697,2025-02-08 09:06:54,3,0.006,0.00609355,44.45,BTC-14FEB25-101000-C,96015.93,buy,0.1,0.1,,,
588,347028761,2025-02-08 12:05:37,0,0.0061,0.00620388,44.28,BTC-14FEB25-101000-C,96189.44,sell,200.0,200.0,BTC-CBUT-14FEB25-97000_101000_106000,181135,
589,347028834,2025-02-08 12:06:28,2,0.006,0.00620663,43.88,BTC-14FEB25-101000-C,96208.5,sell,200.0,200.0,BTC-CBUT-14FEB25-97000_101000_106000,181136,
590,347031877,2025-02-08 13:02:53,2,0.0055,0.00577203,43.31,BTC-14FEB25-101000-C,96088.57,buy,0.5,0.5,,,
591,347033480,2025-02-08 13:38:30,0,0.006,0.00588933,43.93,BTC-14FEB25-101000-C,96269.03,buy,5.0,5.0,,,
592,347033549,2025-02-08 13:38:38,1,0.006,0.00602536,43.58,BTC-14FEB25-101000-C,96325.4,buy,0.8,0.8,,,
593,347033905,2025-02-08 13:41:26,1,0.006,0.00600719,43.59,BTC-14FEB25-101000-C,96304.86,sell,0.1,0.1,,,
594,347036038,2025-02-08 14:09:38,1,0.006,0.00601132,43.36,BTC-14FEB25-101000-C,96358.25,sell,0.1,0.1,,,
595,347036631,2025-02-08 14:18:20,2,0.005,0.00543546,42.12,BTC-14FEB25-101000-C,96055.54,sell,0.1,0.1,,,
