trade_seq,trade_id,timestamp,tick_direction,price,mark_price,iv,instrument_name,index_price,direction,contracts,amount,combo_id,block_trade_id,combo_trade_id,liquidation
1,294600811,2024-03-29 09:51:35,1,0.152,0.15172091,86.1,BTC-28MAR25-150000-C,69720.45,sell,3.0,3.0,,,,
2,294611324,2024-03-29 11:20:10,2,0.15,0.15104371,85.21,BTC-28MAR25-150000-C,70219.92,sell,0.2,0.2,,,,
3,294695854,2024-03-30 09:05:13,2,0.1385,0.14959287,82.32,BTC-28MAR25-150000-C,69961.59,sell,0.1,0.1,,,,
4,294696119,2024-03-30 09:13:55,0,0.147,0.1488925,84.52,BTC-28MAR25-150000-C,70019.9,buy,0.1,0.1,,,,
5,294871742,2024-04-01 10:56:03,0,0.154,0.1540197,86.84,BTC-28MAR25-150000-C,69581.43,sell,0.5,0.5,,,,
6,294874001,2024-04-01 11:21:10,0,0.1565,0.15397209,87.42,BTC-28MAR25-150000-C,69660.69,buy,0.1,0.1,,,,
7,294884264,2024-04-01 13:54:38,2,0.152,0.15438018,86.06,BTC-28MAR25-150000-C,69831.23,sell,0.1,0.1,,,,
8,294884265,2024-04-01 13:54:38,3,0.152,0.15438018,86.06,BTC-28MAR25-150000-C,69831.23,sell,1.7,1.7,,,,
9,294931812,2024-04-01 17:48:31,2,0.144,0.14640168,85.51,BTC-28MAR25-150000-C,68406.11,sell,0.2,0.2,,,,
10,294945348,2024-04-01 19:41:16,3,0.144,0.14750881,84.68,BTC-28MAR25-150000-C,69319.04,buy,0.2,0.2,,,,
11,294947735,2024-04-01 19:58:25,0,0.1475,0.14639656,85.35,BTC-28MAR25-150000-C,69643.52,buy,0.1,0.1,,,,
12,294947736,2024-04-01 19:58:25,1,0.1475,0.14639656,85.35,BTC-28MAR25-150000-C,69643.52,buy,0.1,0.1,,,,
13,294995347,2024-04-02 02:39:17,2,0.145,0.14476376,87.14,BTC-28MAR25-150000-C,66733.52,sell,0.3,0.3,,,,
14,294996821,2024-04-02 02:39:26,2,0.143,0.14289075,87.05,BTC-28MAR25-150000-C,66111.39,sell,0.3,0.3,,,,
15,295085490,2024-04-02 10:04:13,2,0.139,0.1418215,86.52,BTC-28MAR25-150000-C,66019.63,sell,0.1,0.1,,,,
16,295115801,2024-04-02 12:39:00,2,0.1365,0.13886558,86.16,BTC-28MAR25-150000-C,65696.45,sell,1.0,1.0,,,,
17,295264370,2024-04-03 09:21:36,0,0.1385,0.14076471,85.96,BTC-28MAR25-150000-C,66449.0,sell,1.0,1.0,,,,
18,295346419,2024-04-03 21:54:00,2,0.135,0.1362638,85.9,BTC-28MAR25-150000-C,65920.36,sell,0.1,0.1,,,,
19,295420243,2024-04-04 13:44:01,0,0.14,0.14169043,85.42,BTC-28MAR25-150000-C,67404.01,sell,1.0,1.0,,,,
20,295460560,2024-04-04 18:01:58,0,0.142,0.14273072,84.69,BTC-28MAR25-150000-C,69225.97,buy,0.1,0.1,,,,
21,295567990,2024-04-05 09:02:16,2,0.136,0.13704335,85.32,BTC-28MAR25-150000-C,67091.44,sell,25.0,25.0,,135688,,
22,295568239,2024-04-05 09:03:52,3,0.136,0.13706022,85.32,BTC-28MAR25-150000-C,67090.19,sell,25.0,25.0,,135689,,
23,295633495,2024-04-05 17:20:40,0,0.1385,0.13886547,85.61,BTC-28MAR25-150000-C,67847.54,sell,0.5,0.5,,,,
24,295634112,2024-04-05 17:25:42,1,0.1385,0.13886929,85.61,BTC-28MAR25-150000-C,67833.04,sell,0.5,0.5,,,,
25,295634440,2024-04-05 17:30:43,1,0.1385,0.13864492,85.66,BTC-28MAR25-150000-C,67789.91,sell,0.5,0.5,,,,
26,295634590,2024-04-05 17:35:45,1,0.1385,0.13862318,85.66,BTC-28MAR25-150000-C,67789.08,sell,0.5,0.5,,,,
27,295635126,2024-04-05 17:40:47,1,0.1385,0.13851859,85.69,BTC-28MAR25-150000-C,67745.5,sell,0.5,0.5,,,,
28,295666185,2024-04-06 05:09:09,2,0.134,0.13904623,84.45,BTC-28MAR25-150000-C,67903.4,sell,0.2,0.2,,,,
29,295725277,2024-04-07 01:32:45,0,0.137,0.14036656,84.46,BTC-28MAR25-150000-C,69440.63,sell,1.8,1.8,,,,
30,295844796,2024-04-08 08:02:20,0,0.1435,0.14362992,84.8,BTC-28MAR25-150000-C,70795.15,buy,0.1,0.1,,,,
31,295863861,2024-04-08 08:55:14,0,0.1455,0.14822772,84.13,BTC-28MAR25-150000-C,72022.66,buy,0.1,0.1,,,,
32,295881610,2024-04-08 09:42:47,0,0.149,0.15012259,84.62,BTC-28MAR25-150000-C,72246.78,buy,0.1,0.1,,,,
33,295928405,2024-04-08 12:47:20,0,0.1525,0.15219779,85.26,BTC-28MAR25-150000-C,72316.05,buy,0.1,0.1,,,,
34,295928406,2024-04-08 12:47:20,1,0.1525,0.15219779,85.26,BTC-28MAR25-150000-C,72316.05,buy,3.7,3.7,,,,
35,296410072,2024-04-11 13:28:54,2,0.138,0.13954666,84.14,BTC-28MAR25-150000-C,70721.96,sell,3.0,3.0,,,,
36,296410456,2024-04-11 13:31:29,3,0.138,0.1392504,84.19,BTC-28MAR25-150000-C,70641.31,sell,1.0,1.0,,,,
37,296466250,2024-04-11 20:45:43,2,0.1325,0.13359751,82.73,BTC-28MAR25-150000-C,70589.09,buy,5.0,5.0,,,,
38,296761018,2024-04-13 15:14:51,2,0.126,0.1196704,84.57,BTC-28MAR25-150000-C,67499.57,buy,0.1,0.1,,,,
39,296763419,2024-04-13 15:44:20,2,0.125,0.12306149,84.06,BTC-28MAR25-150000-C,67842.75,sell,0.1,0.1,,,,
40,297111583,2024-04-14 13:01:16,2,0.115,0.1123885,84.87,BTC-28MAR25-150000-C,64557.81,buy,0.1,0.1,,,,
41,297111734,2024-04-14 13:03:00,3,0.115,0.11152721,84.99,BTC-28MAR25-150000-C,64473.61,buy,0.1,0.1,,,,
42,297311946,2024-04-15 11:42:06,0,0.12,0.11968258,84.71,BTC-28MAR25-150000-C,66051.46,sell,0.1,0.1,,,,
43,297387221,2024-04-15 18:01:06,2,0.11,0.11165442,83.94,BTC-28MAR25-150000-C,64049.26,sell,0.9,0.9,,,,
44,297487226,2024-04-16 05:50:16,2,0.107,0.10750345,84.25,BTC-28MAR25-150000-C,62748.22,buy,0.1,0.1,,,,
45,297873344,2024-04-17 21:23:40,2,0.095,0.09496187,82.59,BTC-28MAR25-150000-C,61562.06,buy,0.1,0.1,,,,
46,297899199,2024-04-18 03:23:44,0,0.0955,0.09601875,82.23,BTC-28MAR25-150000-C,62073.87,buy,0.1,0.1,,,,
47,298071734,2024-04-19 00:57:15,2,0.095,0.09531724,81.47,BTC-28MAR25-150000-C,62877.0,sell,0.1,0.1,,,,
48,298497291,2024-04-21 03:05:03,0,0.098,0.09942771,80.41,BTC-28MAR25-150000-C,65379.18,sell,5.0,5.0,,,,
49,298797427,2024-04-23 18:42:45,2,0.0975,0.09670245,79.33,BTC-28MAR25-150000-C,66671.45,sell,0.1,0.1,,,,
50,299006033,2024-04-25 08:23:03,2,0.0795,0.08133282,76.47,BTC-28MAR25-150000-C,64048.54,sell,5.0,5.0,,,,
51,299159008,2024-04-26 09:00:02,2,0.074,0.07575379,74.81,BTC-28MAR25-150000-C,64396.19,sell,5.0,5.0,,,,
52,299314367,2024-04-27 17:27:41,0,0.075,0.0727111,76.73,BTC-28MAR25-150000-C,62916.43,sell,5.0,5.0,,,,
53,299428148,2024-04-29 05:38:30,2,0.0665,0.06932641,74.6,BTC-28MAR25-150000-C,62318.66,sell,5.0,5.0,,,,
54,299460401,2024-04-29 13:10:24,2,0.0645,0.06702911,73.67,BTC-28MAR25-150000-C,62527.87,sell,2.0,2.0,,,,
55,299475068,2024-04-29 14:49:59,0,0.07,0.06936204,75.54,BTC-28MAR25-150000-C,62699.0,buy,5.0,5.0,,,,
56,299578039,2024-04-30 09:08:17,2,0.062,0.06239034,73.75,BTC-28MAR25-150000-C,61868.08,sell,0.2,0.2,,,,
57,299753337,2024-05-01 02:51:31,2,0.0555,0.0564318,73.41,BTC-28MAR25-150000-C,59826.34,sell,0.1,0.1,,,,
58,299894872,2024-05-01 12:21:55,2,0.051,0.05069097,73.44,BTC-28MAR25-150000-C,58097.25,buy,0.1,0.1,,,,
59,299911187,2024-05-01 14:12:42,2,0.0495,0.04996911,73.6,BTC-28MAR25-150000-C,57173.7,sell,0.1,0.1,,,,
60,299935738,2024-05-01 16:41:19,3,0.0495,0.04931523,73.76,BTC-28MAR25-150000-C,57047.48,buy,0.1,0.1,,,,
61,299962118,2024-05-01 18:40:25,0,0.05,0.05123044,72.72,BTC-28MAR25-150000-C,58407.82,buy,0.1,0.1,,,,
62,299963646,2024-05-01 18:44:32,0,0.0505,0.05160924,72.66,BTC-28MAR25-150000-C,58650.89,buy,0.1,0.1,,,,
63,299966322,2024-05-01 18:50:44,0,0.051,0.05202689,72.65,BTC-28MAR25-150000-C,58867.98,buy,0.1,0.1,,,,
64,300069775,2024-05-02 09:38:37,2,0.049,0.04995911,73.06,BTC-28MAR25-150000-C,57675.22,sell,0.5,0.5,,,,
65,300209710,2024-05-03 06:51:26,2,0.048,0.05002428,71.09,BTC-28MAR25-150000-C,59326.33,sell,2.0,2.0,,,,
66,300413614,2024-05-04 09:18:51,0,0.0615,0.06130211,72.59,BTC-28MAR25-150000-C,63198.6,sell,0.5,0.5,,,,
67,300544150,2024-05-06 01:09:27,1,0.0615,0.06419236,71.57,BTC-28MAR25-150000-C,64405.57,sell,6.0,6.0,,,,
68,300635816,2024-05-06 17:35:53,2,0.059,0.05916488,71.92,BTC-28MAR25-150000-C,63082.35,sell,0.1,0.1,,,,
69,300674169,2024-05-07 03:36:45,2,0.0555,0.05739198,70.65,BTC-28MAR25-150000-C,63100.6,buy,1.0,1.0,,,,
70,300737611,2024-05-07 16:48:48,0,0.056,0.05792511,70.48,BTC-28MAR25-150000-C,63492.89,buy,1.0,1.0,,,,
71,300811791,2024-05-08 12:29:07,2,0.0545,0.05537875,71.05,BTC-28MAR25-150000-C,62325.7,sell,0.1,0.1,,,,
72,300922780,2024-05-09 12:19:26,2,0.0485,0.04983573,69.98,BTC-28MAR25-150000-C,61205.77,sell,0.1,0.1,,,,
73,300922781,2024-05-09 12:19:26,2,0.048,0.04983573,69.77,BTC-28MAR25-150000-C,61205.77,sell,4.9,4.9,,,,
74,300998005,2024-05-10 02:00:30,0,0.056,0.05395127,71.32,BTC-28MAR25-150000-C,62872.4,buy,0.1,0.1,,,,
75,301360791,2024-05-14 06:15:56,2,0.052,0.05147339,71.19,BTC-28MAR25-150000-C,61783.85,buy,0.1,0.1,,,,
76,301477509,2024-05-15 07:35:16,0,0.054,0.05621919,71.88,BTC-28MAR25-150000-C,61964.21,sell,0.1,0.1,,,,
77,301633402,2024-05-15 19:51:45,0,0.068,0.06893071,73.32,BTC-28MAR25-150000-C,66105.8,buy,0.1,0.1,,,,
78,301633411,2024-05-15 19:51:51,1,0.068,0.06893317,73.31,BTC-28MAR25-150000-C,66111.52,buy,0.1,0.1,,,,
79,301633461,2024-05-15 19:52:08,1,0.068,0.0690093,73.29,BTC-28MAR25-150000-C,66149.4,buy,0.1,0.1,,,,
80,301648549,2024-05-15 21:15:54,0,0.0685,0.06777383,73.59,BTC-28MAR25-150000-C,65906.75,buy,0.2,0.2,,,,
81,301698743,2024-05-16 07:08:39,0,0.069,0.06850575,73.5,BTC-28MAR25-150000-C,66001.51,buy,1.0,1.0,,,,
82,302119683,2024-05-20 09:51:53,0,0.0775,0.07741433,75.69,BTC-28MAR25-150000-C,66914.21,buy,0.1,0.1,,,,
83,302119685,2024-05-20 09:52:19,1,0.0775,0.0773885,75.7,BTC-28MAR25-150000-C,66914.02,buy,0.1,0.1,,,,
84,302228494,2024-05-20 20:00:10,0,0.086,0.08650025,75.48,BTC-28MAR25-150000-C,70301.14,buy,1.0,1.0,,,,T
85,302252259,2024-05-20 20:59:47,0,0.0865,0.08339914,76.16,BTC-28MAR25-150000-C,69491.03,buy,0.5,0.5,,,,
86,302252260,2024-05-20 20:59:47,1,0.0865,0.08339914,76.16,BTC-28MAR25-150000-C,69491.03,sell,4.5,4.5,,,,
87,302306935,2024-05-21 00:17:55,0,0.093,0.09193341,76.15,BTC-28MAR25-150000-C,71748.55,sell,2.0,2.0,,,,M
88,302330776,2024-05-21 01:56:02,2,0.0875,0.08775332,74.81,BTC-28MAR25-150000-C,71205.94,buy,3.0,3.0,,,,
89,302420623,2024-05-21 12:36:00,2,0.085,0.0860305,74.15,BTC-28MAR25-150000-C,71185.52,buy,0.2,0.2,,,,
90,302448506,2024-05-21 15:09:31,2,0.083,0.08296989,74.44,BTC-28MAR25-150000-C,70181.97,buy,3.0,3.0,,,,
91,302450653,2024-05-21 15:32:29,0,0.0845,0.08335395,74.91,BTC-28MAR25-150000-C,70233.17,buy,6.0,6.0,,,,
92,302500896,2024-05-21 20:22:57,2,0.082,0.08180119,74.59,BTC-28MAR25-150000-C,69658.66,buy,0.1,0.1,,,,
93,302538231,2024-05-22 04:40:49,0,0.083,0.08305872,75.09,BTC-28MAR25-150000-C,69463.29,sell,0.8,0.8,,,,
94,302538236,2024-05-22 04:40:49,1,0.083,0.08305872,75.09,BTC-28MAR25-150000-C,69463.29,sell,0.1,0.1,,,,
95,302538455,2024-05-22 04:41:25,1,0.083,0.08293281,75.14,BTC-28MAR25-150000-C,69404.34,sell,0.8,0.8,,,,
96,302538456,2024-05-22 04:41:25,1,0.083,0.08293281,75.14,BTC-28MAR25-150000-C,69404.34,sell,0.2,0.2,,,,
97,302538762,2024-05-22 04:42:29,1,0.083,0.08320247,75.06,BTC-28MAR25-150000-C,69495.67,sell,3.1,3.1,,,,
98,302543155,2024-05-22 05:16:32,2,0.082,0.0812956,74.47,BTC-28MAR25-150000-C,69759.26,sell,0.1,0.1,,,,
99,302548603,2024-05-22 07:07:16,3,0.082,0.08049179,74.49,BTC-28MAR25-150000-C,69777.34,buy,6.0,6.0,,,,
100,302563997,2024-05-22 11:01:41,2,0.08,0.08074444,73.55,BTC-28MAR25-150000-C,70160.07,buy,0.2,0.2,,,,
101,302575639,2024-05-22 12:56:32,2,0.0795,0.07968439,73.97,BTC-28MAR25-150000-C,69529.11,sell,0.4,0.4,,,,
102,302665818,2024-05-23 02:40:40,0,0.08,0.08045319,74.13,BTC-28MAR25-150000-C,69431.06,sell,3.0,3.0,,,,
103,302905816,2024-05-24 07:42:15,2,0.072,0.0722466,73.72,BTC-28MAR25-150000-C,67022.58,sell,0.1,0.1,,,,
104,303189997,2024-05-27 16:01:28,0,0.0795,0.07812654,73.5,BTC-28MAR25-150000-C,70417.62,buy,0.1,0.1,,,,
105,303190081,2024-05-27 16:01:40,1,0.0795,0.07806364,73.54,BTC-28MAR25-150000-C,70371.89,sell,1.3,1.3,,,,
106,303190082,2024-05-27 16:01:40,1,0.0795,0.07806364,73.54,BTC-28MAR25-150000-C,70371.89,sell,0.3,0.3,,,,
107,303190120,2024-05-27 16:01:47,1,0.0795,0.07809472,73.53,BTC-28MAR25-150000-C,70390.1,sell,1.3,1.3,,,,
108,303190121,2024-05-27 16:01:47,1,0.0795,0.07809472,73.53,BTC-28MAR25-150000-C,70390.1,sell,0.3,0.3,,,,
109,303190293,2024-05-27 16:02:25,1,0.0795,0.07859157,73.52,BTC-28MAR25-150000-C,70405.42,sell,1.7,1.7,,,,
110,303191901,2024-05-27 16:07:15,1,0.0795,0.07921828,73.5,BTC-28MAR25-150000-C,70426.57,sell,5.0,5.0,,,,
111,303271810,2024-05-28 04:28:09,2,0.071,0.07108048,73.2,BTC-28MAR25-150000-C,67786.08,sell,5.0,5.0,,,,
112,303408442,2024-05-29 05:51:35,0,0.0735,0.07494247,73.24,BTC-28MAR25-150000-C,68616.18,buy,1.0,1.0,,,,
113,303408447,2024-05-29 05:53:00,2,0.073,0.07461605,73.07,BTC-28MAR25-150000-C,68611.61,buy,1.0,1.0,,,,
114,303408448,2024-05-29 05:53:18,3,0.073,0.07460165,73.07,BTC-28MAR25-150000-C,68612.33,buy,3.0,3.0,,,,
115,303448437,2024-05-29 13:36:45,2,0.0715,0.07178079,73.42,BTC-28MAR25-150000-C,67647.34,sell,0.1,0.1,,,,
116,303448438,2024-05-29 13:36:45,3,0.0715,0.07178079,73.42,BTC-28MAR25-150000-C,67647.34,sell,1.0,1.0,,,,
117,303493276,2024-05-29 19:42:54,2,0.07,0.06943125,73.24,BTC-28MAR25-150000-C,67367.13,sell,0.1,0.1,,,,
118,303879200,2024-06-03 01:52:48,2,0.065,0.06513845,70.79,BTC-28MAR25-150000-C,68479.91,buy,0.1,0.1,,,,
119,303932827,2024-06-03 11:07:16,0,0.066,0.06841806,70.59,BTC-28MAR25-150000-C,69000.42,sell,0.6,0.6,,,,
120,303939458,2024-06-03 12:20:46,0,0.0665,0.06901239,70.5,BTC-28MAR25-150000-C,69309.28,sell,0.3,0.3,,,,
121,304011902,2024-06-03 19:36:18,0,0.068,0.06882898,71.44,BTC-28MAR25-150000-C,69032.44,sell,5.4,5.4,,,,
122,304053328,2024-06-04 09:15:32,2,0.0665,0.06545541,71.91,BTC-28MAR25-150000-C,68746.88,sell,0.1,0.1,,,,
123,304194049,2024-06-05 04:38:33,0,0.072,0.07123561,71.1,BTC-28MAR25-150000-C,71207.86,buy,0.2,0.2,,,,
124,304196746,2024-06-05 05:02:23,0,0.0725,0.0711205,71.37,BTC-28MAR25-150000-C,71106.24,buy,4.9,4.9,,,,
125,304248617,2024-06-05 14:36:46,2,0.071,0.07045484,71.33,BTC-28MAR25-150000-C,70797.1,buy,0.2,0.2,,,,
126,304249095,2024-06-05 14:39:28,0,0.0715,0.07080311,71.37,BTC-28MAR25-150000-C,70916.78,buy,0.4,0.4,,,,
127,304288892,2024-06-05 19:16:55,1,0.0715,0.07145913,71.37,BTC-28MAR25-150000-C,70920.12,buy,0.1,0.1,,,,
128,304528621,2024-06-07 18:00:48,2,0.0655,0.06479199,70.68,BTC-28MAR25-150000-C,69533.2,sell,0.7,0.7,,,,
129,304594769,2024-06-08 09:35:09,2,0.063,0.06294119,70.04,BTC-28MAR25-150000-C,69404.14,buy,0.5,0.5,,,,
130,304601448,2024-06-08 14:39:49,0,0.0635,0.06338445,70.3,BTC-28MAR25-150000-C,69352.73,buy,1.8,1.8,,,,
131,304601449,2024-06-08 14:39:49,1,0.0635,0.06338445,70.3,BTC-28MAR25-150000-C,69352.73,buy,0.2,0.2,,,,
132,304945288,2024-06-11 17:05:01,2,0.056,0.05625724,71.12,BTC-28MAR25-150000-C,66535.65,buy,1.0,1.0,,,,
133,305062709,2024-06-12 14:30:04,0,0.066,0.06557627,71.76,BTC-28MAR25-150000-C,69876.21,buy,0.7,0.7,,,,
134,305114868,2024-06-12 19:32:29,2,0.063,0.06277931,71.95,BTC-28MAR25-150000-C,68374.74,sell,0.7,0.7,,,,
135,305346383,2024-06-14 15:55:23,2,0.054,0.05430642,70.88,BTC-28MAR25-150000-C,66384.74,sell,0.1,0.1,,,,
136,305383777,2024-06-14 18:53:00,2,0.0515,0.0508892,70.87,BTC-28MAR25-150000-C,65450.17,sell,1.1,1.1,,,,
137,305383778,2024-06-14 18:53:00,3,0.0515,0.0508892,70.87,BTC-28MAR25-150000-C,65450.17,sell,0.2,0.2,,,,
138,305383799,2024-06-14 18:53:06,3,0.0515,0.05090506,70.87,BTC-28MAR25-150000-C,65450.69,sell,1.1,1.1,,,,
139,305383800,2024-06-14 18:53:06,3,0.0515,0.05090506,70.87,BTC-28MAR25-150000-C,65450.69,sell,0.2,0.2,,,,
140,305384217,2024-06-14 18:57:47,3,0.0515,0.05127122,70.87,BTC-28MAR25-150000-C,65450.81,sell,1.4,1.4,,,,
141,305384387,2024-06-14 19:01:21,3,0.0515,0.051424,70.86,BTC-28MAR25-150000-C,65467.65,sell,1.0,1.0,,,,
142,305384948,2024-06-14 19:15:35,2,0.0495,0.05031704,70.18,BTC-28MAR25-150000-C,65301.09,buy,1.3,1.3,,,,
143,305384950,2024-06-14 19:15:35,3,0.0495,0.05031758,70.18,BTC-28MAR25-150000-C,65301.44,buy,1.0,1.0,,,,
144,305384951,2024-06-14 19:15:35,3,0.0495,0.05031758,70.18,BTC-28MAR25-150000-C,65301.44,buy,0.2,0.2,,,,
145,305384957,2024-06-14 19:15:40,3,0.0495,0.05031833,70.17,BTC-28MAR25-150000-C,65305.2,buy,1.0,1.0,,,,
146,305384958,2024-06-14 19:15:40,3,0.0495,0.05031833,70.17,BTC-28MAR25-150000-C,65305.2,buy,0.2,0.2,,,,
147,305384962,2024-06-14 19:15:46,3,0.0495,0.05033183,70.16,BTC-28MAR25-150000-C,65317.44,buy,1.0,1.0,,,,
148,305384964,2024-06-14 19:15:53,3,0.0495,0.05029253,70.17,BTC-28MAR25-150000-C,65308.89,buy,0.3,0.3,,,,
149,305425780,2024-06-15 12:55:04,0,0.0505,0.05118355,69.85,BTC-28MAR25-150000-C,66214.78,sell,1.9,1.9,,,,
150,305427842,2024-06-15 14:55:37,2,0.0495,0.04962804,69.51,BTC-28MAR25-150000-C,66145.22,buy,0.1,0.1,,,,
151,305468505,2024-06-16 22:04:57,0,0.051,0.05104934,69.73,BTC-28MAR25-150000-C,66600.39,buy,0.1,0.1,,,,
152,305724960,2024-06-18 15:11:26,2,0.047,0.04743002,71.21,BTC-28MAR25-150000-C,64402.25,sell,0.5,0.5,,,,
153,305724961,2024-06-18 15:11:26,3,0.047,0.04743002,71.21,BTC-28MAR25-150000-C,64402.25,sell,3.9,3.9,,,,
154,305938141,2024-06-20 11:04:39,0,0.0505,0.04930745,70.82,BTC-28MAR25-150000-C,66196.15,buy,1.2,1.2,,,,
155,305976654,2024-06-20 16:25:10,2,0.05,0.04897341,72.2,BTC-28MAR25-150000-C,64616.23,buy,0.1,0.1,,,,
156,306144490,2024-06-23 02:02:59,2,0.0455,0.0454455,70.87,BTC-28MAR25-150000-C,64449.75,buy,0.2,0.2,,,,
157,306150193,2024-06-23 09:20:19,2,0.0445,0.04400585,70.48,BTC-28MAR25-150000-C,64403.69,buy,0.2,0.2,,,,
158,306198326,2024-06-24 05:13:37,2,0.043,0.04286153,71.56,BTC-28MAR25-150000-C,62693.71,sell,0.1,0.1,,,,
159,306290710,2024-06-24 13:49:00,2,0.04,0.04050143,71.25,BTC-28MAR25-150000-C,61290.26,buy,0.9,0.9,,,,
160,306336092,2024-06-24 17:37:55,0,0.0405,0.03897549,72.56,BTC-28MAR25-150000-C,60197.11,buy,2.8,2.8,,,,
161,306336093,2024-06-24 17:37:55,1,0.0405,0.03897549,72.56,BTC-28MAR25-150000-C,60197.11,sell,2.0,2.0,,,,
162,306336094,2024-06-24 17:37:55,1,0.0405,0.03897549,72.56,BTC-28MAR25-150000-C,60197.11,sell,5.2,5.2,,,,
163,306504126,2024-06-25 19:03:14,0,0.0435,0.04319837,72.16,BTC-28MAR25-150000-C,62223.54,buy,0.1,0.1,,,,
164,306543276,2024-06-26 05:30:27,2,0.0425,0.04279538,72.39,BTC-28MAR25-150000-C,61586.1,sell,1.0,1.0,,,,
165,306715706,2024-06-27 17:19:28,2,0.0395,0.04023119,71.11,BTC-28MAR25-150000-C,61768.52,sell,0.1,0.1,,,,
166,306715766,2024-06-27 17:20:59,3,0.0395,0.04021076,71.11,BTC-28MAR25-150000-C,61770.04,sell,0.1,0.1,,,,
167,306716321,2024-06-27 17:27:46,0,0.04,0.04047755,71.2,BTC-28MAR25-150000-C,61938.07,sell,0.3,0.3,,,,
168,306716369,2024-06-27 17:28:06,1,0.04,0.04049738,71.19,BTC-28MAR25-150000-C,61944.82,sell,0.1,0.1,,,,
169,306716429,2024-06-27 17:29:31,1,0.04,0.04052035,71.2,BTC-28MAR25-150000-C,61937.03,sell,0.2,0.2,,,,
170,306716914,2024-06-27 17:33:17,2,0.0395,0.04019548,71.11,BTC-28MAR25-150000-C,61778.31,sell,0.1,0.1,,,,
171,306716949,2024-06-27 17:33:43,3,0.0395,0.04020395,71.11,BTC-28MAR25-150000-C,61786.56,sell,0.1,0.1,,,,
172,306717134,2024-06-27 17:36:51,3,0.0395,0.0401793,71.12,BTC-28MAR25-150000-C,61772.28,sell,0.1,0.1,,,,
173,306717270,2024-06-27 17:38:56,3,0.0395,0.04015626,71.13,BTC-28MAR25-150000-C,61767.15,sell,0.2,0.2,,,,
174,306727166,2024-06-27 20:07:16,2,0.039,0.03936414,71.2,BTC-28MAR25-150000-C,61405.26,sell,0.1,0.1,,,,
175,306727269,2024-06-27 20:08:50,3,0.039,0.03945852,71.16,BTC-28MAR25-150000-C,61440.67,sell,0.1,0.1,,,,
176,306727299,2024-06-27 20:09:07,3,0.039,0.03946702,71.15,BTC-28MAR25-150000-C,61446.14,sell,0.1,0.1,,,,
177,306856146,2024-06-28 17:45:09,2,0.036,0.03641891,70.48,BTC-28MAR25-150000-C,60781.33,sell,3.4,3.4,,,,
178,306856149,2024-06-28 17:45:09,2,0.0345,0.03641891,69.72,BTC-28MAR25-150000-C,60781.33,sell,8.5,8.5,,,,
179,306856166,2024-06-28 17:45:09,2,0.0335,0.03641891,69.2,BTC-28MAR25-150000-C,60781.33,sell,2.6,2.6,,,,
180,306856198,2024-06-28 17:45:09,0,0.0355,0.03641891,70.23,BTC-28MAR25-150000-C,60781.33,buy,0.4,0.4,,,,
181,306856215,2024-06-28 17:45:09,1,0.0355,0.03636249,70.23,BTC-28MAR25-150000-C,60782.82,buy,6.6,6.6,,,,
182,306856226,2024-06-28 17:45:10,0,0.038,0.03636249,71.48,BTC-28MAR25-150000-C,60782.82,buy,1.0,1.0,,,,
183,306878350,2024-06-28 23:06:10,2,0.036,0.03514993,71.02,BTC-28MAR25-150000-C,60293.08,buy,0.2,0.2,,,,
184,306878876,2024-06-28 23:30:56,0,0.037,0.03635289,71.51,BTC-28MAR25-150000-C,60277.03,buy,0.3,0.3,,,,
185,306913536,2024-06-29 18:32:10,2,0.0335,0.03366531,69.27,BTC-28MAR25-150000-C,60909.18,buy,0.1,0.1,,,,
186,306913545,2024-06-29 18:33:40,3,0.0335,0.03367128,69.28,BTC-28MAR25-150000-C,60907.71,buy,0.1,0.1,,,,
187,306913548,2024-06-29 18:34:01,3,0.0335,0.03367088,69.28,BTC-28MAR25-150000-C,60906.5,buy,0.1,0.1,,,,
188,306913558,2024-06-29 18:34:50,3,0.0335,0.03367156,69.28,BTC-28MAR25-150000-C,60901.92,buy,0.1,0.1,,,,
189,306950199,2024-06-30 14:33:25,0,0.034,0.03306751,69.05,BTC-28MAR25-150000-C,61532.39,buy,0.2,0.2,,,,
190,306976194,2024-06-30 22:40:19,0,0.036,0.03737852,68.86,BTC-28MAR25-150000-C,62730.95,buy,0.1,0.1,,,,
191,306976251,2024-06-30 22:40:41,1,0.036,0.03735227,68.85,BTC-28MAR25-150000-C,62749.02,buy,0.1,0.1,,,,
192,306976276,2024-06-30 22:40:47,1,0.036,0.03734831,68.85,BTC-28MAR25-150000-C,62742.22,buy,2.0,2.0,,,,
193,306976277,2024-06-30 22:40:50,1,0.036,0.03732492,68.86,BTC-28MAR25-150000-C,62734.91,buy,2.0,2.0,,,,
194,306976295,2024-06-30 22:40:53,1,0.036,0.03732096,68.86,BTC-28MAR25-150000-C,62736.98,buy,2.0,2.0,,,,
195,306976455,2024-06-30 22:42:03,1,0.036,0.03720275,68.86,BTC-28MAR25-150000-C,62741.05,buy,0.1,0.1,,,,
196,306976464,2024-06-30 22:42:04,1,0.036,0.03720065,68.86,BTC-28MAR25-150000-C,62740.99,buy,0.1,0.1,,,,
197,306976465,2024-06-30 22:42:04,1,0.036,0.03720065,68.86,BTC-28MAR25-150000-C,62740.99,buy,0.1,0.1,,,,
198,306976519,2024-06-30 22:42:12,1,0.036,0.03723858,68.83,BTC-28MAR25-150000-C,62770.58,buy,0.1,0.1,,,,
199,307042500,2024-07-01 14:13:02,2,0.0355,0.03480131,68.95,BTC-28MAR25-150000-C,62567.79,sell,3.0,3.0,,,,
200,307156094,2024-07-02 21:01:25,2,0.032,0.03052552,68.01,BTC-28MAR25-150000-C,61935.08,buy,0.3,0.3,,,,
201,307180822,2024-07-03 03:11:35,2,0.028,0.02805354,66.86,BTC-28MAR25-150000-C,60956.02,sell,0.2,0.2,,,,
202,307203697,2024-07-03 07:55:31,2,0.027,0.0261982,66.59,BTC-28MAR25-150000-C,60772.81,buy,0.5,0.5,,,,
203,307207826,2024-07-03 08:34:53,2,0.026,0.02612142,66.02,BTC-28MAR25-150000-C,60733.21,buy,0.1,0.1,,,,
204,307208594,2024-07-03 08:44:45,3,0.026,0.02609148,66.01,BTC-28MAR25-150000-C,60734.55,buy,0.1,0.1,,,,
205,307210131,2024-07-03 08:58:46,3,0.026,0.0259173,66.18,BTC-28MAR25-150000-C,60551.36,buy,1.4,1.4,,,,
206,307488476,2024-07-04 23:34:46,2,0.025,0.02509007,68.59,BTC-28MAR25-150000-C,57681.96,sell,0.5,0.5,,,,
207,307640740,2024-07-05 08:31:01,2,0.023,0.02371871,70.69,BTC-28MAR25-150000-C,54266.46,buy,1.8,1.8,,,,
208,307640741,2024-07-05 08:31:01,3,0.023,0.02371871,70.69,BTC-28MAR25-150000-C,54266.46,buy,0.4,0.4,,,,
209,307640751,2024-07-05 08:31:08,3,0.023,0.02370179,70.69,BTC-28MAR25-150000-C,54259.49,buy,1.9,1.9,,,,
210,307640886,2024-07-05 08:32:40,2,0.022,0.02333495,70.03,BTC-28MAR25-150000-C,54249.52,sell,1.0,1.0,,,,
211,308153760,2024-07-09 08:49:22,0,0.027,0.02734723,70.1,BTC-28MAR25-150000-C,57793.15,buy,0.5,0.5,,,,
212,308473979,2024-07-12 01:18:19,2,0.024,0.02398341,69.64,BTC-28MAR25-150000-C,56758.07,sell,1.0,1.0,,,,
213,308613964,2024-07-13 11:08:35,2,0.022,0.02547028,66.83,BTC-28MAR25-150000-C,58411.17,sell,0.1,0.1,,,,
214,308618856,2024-07-13 13:39:45,0,0.026,0.02508803,69.23,BTC-28MAR25-150000-C,58604.26,sell,0.1,0.1,,,,
215,308805464,2024-07-14 22:02:23,0,0.027,0.02864163,67.19,BTC-28MAR25-150000-C,61143.16,sell,0.1,0.1,,,,
216,308942622,2024-07-15 14:42:23,0,0.0305,0.03113235,67.7,BTC-28MAR25-150000-C,63018.72,buy,0.5,0.5,,,,
217,309162296,2024-07-16 15:54:40,0,0.0355,0.03562724,68.65,BTC-28MAR25-150000-C,64934.11,buy,0.1,0.1,,,,
218,309277976,2024-07-17 04:13:57,0,0.041,0.04161896,70.37,BTC-28MAR25-150000-C,65846.04,sell,1.0,1.0,,,,
219,309324607,2024-07-17 09:33:41,1,0.041,0.04079535,70.99,BTC-28MAR25-150000-C,65367.33,buy,0.1,0.1,,,,
220,309512610,2024-07-18 17:43:28,2,0.038,0.03815568,71.38,BTC-28MAR25-150000-C,63657.28,sell,1.3,1.3,,,,
221,309632866,2024-07-19 14:09:04,0,0.0425,0.04259113,72.21,BTC-28MAR25-150000-C,65266.01,buy,0.1,0.1,,,,
222,309632893,2024-07-19 14:09:09,1,0.0425,0.0426441,72.2,BTC-28MAR25-150000-C,65280.32,buy,0.1,0.1,,,,
223,309632926,2024-07-19 14:09:12,1,0.0425,0.04266,72.18,BTC-28MAR25-150000-C,65306.6,buy,0.1,0.1,,,,
224,309787300,2024-07-20 14:24:58,0,0.049,0.04981433,74.0,BTC-28MAR25-150000-C,66641.23,sell,0.1,0.1,,,,
225,309865630,2024-07-21 10:55:47,0,0.0585,0.06035671,77.94,BTC-28MAR25-150000-C,66858.15,sell,0.5,0.5,,,,M
226,309885470,2024-07-21 15:52:11,2,0.05,0.05211674,74.01,BTC-28MAR25-150000-C,67147.88,sell,0.1,0.1,,,,
227,309885471,2024-07-21 15:52:11,3,0.05,0.05211674,74.01,BTC-28MAR25-150000-C,67147.88,buy,9.9,9.9,,,,
228,310265106,2024-07-23 17:29:10,2,0.0495,0.05014771,75.31,BTC-28MAR25-150000-C,66007.39,buy,1.0,1.0,,,,
229,310383086,2024-07-24 19:25:24,2,0.045,0.04453828,73.68,BTC-28MAR25-150000-C,65888.15,sell,2.5,2.5,,,,
230,310419538,2024-07-25 01:07:33,2,0.0425,0.04259909,73.56,BTC-28MAR25-150000-C,64895.54,sell,0.1,0.1,,,,
231,310562423,2024-07-25 16:01:33,2,0.041,0.04016167,73.33,BTC-28MAR25-150000-C,64812.95,buy,1.1,1.1,,,,
232,310650750,2024-07-26 03:05:14,0,0.0455,0.04420704,73.08,BTC-28MAR25-150000-C,67248.0,buy,0.1,0.1,,,,
233,310681942,2024-07-26 07:42:40,2,0.045,0.04365498,73.07,BTC-28MAR25-150000-C,66988.09,buy,0.1,0.1,,,,
234,310915465,2024-07-27 20:42:47,2,0.039,0.03984998,70.56,BTC-28MAR25-150000-C,66925.64,sell,1.0,1.0,,,,
235,311032647,2024-07-28 13:04:45,2,0.038,0.03913729,69.1,BTC-28MAR25-150000-C,68006.51,buy,0.2,0.2,,,,
236,311165669,2024-07-29 07:27:24,3,0.038,0.03823968,67.45,BTC-28MAR25-150000-C,69500.05,buy,0.1,0.1,,,,
237,311168473,2024-07-29 08:00:09,3,0.038,0.03877041,67.46,BTC-28MAR25-150000-C,69520.43,sell,0.1,0.1,,,,
238,311241522,2024-07-29 16:09:13,2,0.0355,0.03576557,67.78,BTC-28MAR25-150000-C,67979.03,sell,4.0,4.0,,,,
239,311392473,2024-07-30 14:55:38,2,0.028,0.02799008,65.8,BTC-28MAR25-150000-C,66015.35,buy,0.1,0.1,,,,
240,311392489,2024-07-30 14:55:40,3,0.028,0.02799116,65.79,BTC-28MAR25-150000-C,66026.02,buy,0.2,0.2,,,,
241,311393291,2024-07-30 14:59:00,2,0.0275,0.02784999,65.68,BTC-28MAR25-150000-C,65939.01,sell,1.2,1.2,,,,
242,311428159,2024-07-30 20:59:26,0,0.0285,0.02837624,65.96,BTC-28MAR25-150000-C,66175.32,buy,0.3,0.3,,,,
243,311433550,2024-07-30 22:56:15,0,0.029,0.02803935,66.3,BTC-28MAR25-150000-C,66148.13,buy,5.0,5.0,,,,
244,311637490,2024-08-01 06:32:25,2,0.0225,0.02330494,64.73,BTC-28MAR25-150000-C,64199.71,buy,25.0,25.0,,,,
245,311637497,2024-08-01 06:32:36,3,0.0225,0.02332496,64.72,BTC-28MAR25-150000-C,64209.51,buy,25.0,25.0,,,,
246,311637674,2024-08-01 06:37:45,2,0.022,0.0221004,64.37,BTC-28MAR25-150000-C,64232.5,buy,4.0,4.0,,,,
247,311637677,2024-08-01 06:37:45,3,0.022,0.0221004,64.37,BTC-28MAR25-150000-C,64232.5,buy,4.0,4.0,,,,
248,311637694,2024-08-01 06:38:38,2,0.0215,0.02199372,64.02,BTC-28MAR25-150000-C,64239.85,sell,1.5,1.5,,,,
249,311637717,2024-08-01 06:39:27,2,0.021,0.02161979,63.69,BTC-28MAR25-150000-C,64235.08,sell,7.0,7.0,,,,
250,311637718,2024-08-01 06:39:27,3,0.021,0.02161979,63.69,BTC-28MAR25-150000-C,64235.08,buy,8.5,8.5,,,,
251,311639053,2024-08-01 06:51:32,0,0.022,0.02164029,64.32,BTC-28MAR25-150000-C,64295.64,buy,1.0,1.0,,,,
252,311642280,2024-08-01 07:35:51,0,0.0225,0.02190255,64.58,BTC-28MAR25-150000-C,64365.42,buy,1.0,1.0,,,,
253,311653856,2024-08-01 09:27:25,0,0.023,0.02239269,64.66,BTC-28MAR25-150000-C,64564.27,buy,1.0,1.0,,,,
254,311654342,2024-08-01 09:40:53,2,0.0215,0.02199686,63.69,BTC-28MAR25-150000-C,64540.3,buy,16.0,16.0,,,,
255,311654343,2024-08-01 09:40:53,3,0.0215,0.02199686,63.69,BTC-28MAR25-150000-C,64540.3,buy,9.0,9.0,,,,
256,311672233,2024-08-01 14:14:36,0,0.0235,0.02328486,64.86,BTC-28MAR25-150000-C,64639.31,buy,0.5,0.5,,,,
257,311676325,2024-08-01 14:38:49,2,0.023,0.02269688,64.96,BTC-28MAR25-150000-C,64239.34,buy,1.0,1.0,,,,
258,311795608,2024-08-02 00:42:01,0,0.0245,0.02431667,65.33,BTC-28MAR25-150000-C,65117.52,buy,0.5,0.5,,,,
259,311795706,2024-08-02 00:42:24,1,0.0245,0.02434657,65.32,BTC-28MAR25-150000-C,65128.4,buy,1.0,1.0,,,,
260,311795782,2024-08-02 00:43:07,1,0.0245,0.02438626,65.29,BTC-28MAR25-150000-C,65165.61,buy,1.0,1.0,,,,
261,311831260,2024-08-02 05:53:13,2,0.021,0.0218828,64.08,BTC-28MAR25-150000-C,64105.26,sell,0.1,0.1,,,,
262,311870208,2024-08-02 12:17:13,0,0.023,0.02213041,64.98,BTC-28MAR25-150000-C,64659.89,buy,1.0,1.0,,,,
263,311870209,2024-08-02 12:17:13,1,0.023,0.02213041,64.98,BTC-28MAR25-150000-C,64659.89,sell,4.0,4.0,,,,
264,312047100,2024-08-03 10:07:51,2,0.0205,0.01949251,66.27,BTC-28MAR25-150000-C,61674.17,buy,0.5,0.5,,,,
265,312065530,2024-08-03 16:08:29,2,0.0195,0.01897911,66.36,BTC-28MAR25-150000-C,60839.58,buy,1.0,1.0,,,,
266,312139498,2024-08-04 08:39:35,0,0.0205,0.01913496,67.54,BTC-28MAR25-150000-C,60498.03,buy,0.2,0.2,,,,
267,312175408,2024-08-04 16:31:17,2,0.0185,0.01836508,67.65,BTC-28MAR25-150000-C,58917.12,buy,1.1,1.1,,,,
268,312195579,2024-08-04 17:43:29,2,0.018,0.01802495,68.47,BTC-28MAR25-150000-C,57720.9,sell,0.2,0.2,,,,
269,312273122,2024-08-05 00:37:13,2,0.017,0.01727175,68.16,BTC-28MAR25-150000-C,57082.97,sell,0.2,0.2,,,,
270,312374923,2024-08-05 02:24:46,0,0.0185,0.01812611,72.13,BTC-28MAR25-150000-C,54341.29,buy,0.1,0.1,,,,
271,312374968,2024-08-05 02:24:55,1,0.0185,0.01814388,72.13,BTC-28MAR25-150000-C,54338.26,buy,0.1,0.1,,,,
272,312374985,2024-08-05 02:24:58,1,0.0185,0.01816353,72.13,BTC-28MAR25-150000-C,54334.34,buy,0.2,0.2,,,,
273,312375003,2024-08-05 02:25:02,1,0.0185,0.01815701,72.13,BTC-28MAR25-150000-C,54329.95,buy,0.1,0.1,,,,
274,312375039,2024-08-05 02:25:05,1,0.0185,0.01816647,72.11,BTC-28MAR25-150000-C,54360.52,buy,0.5,0.5,,,,
275,313055932,2024-08-06 17:02:02,0,0.0225,0.02210896,72.6,BTC-28MAR25-150000-C,56904.83,buy,10.0,10.0,,,,
276,313055933,2024-08-06 17:02:02,1,0.0225,0.02210896,72.6,BTC-28MAR25-150000-C,56904.83,sell,0.7,0.7,,,,
277,313205988,2024-08-07 13:33:14,1,0.0225,0.02214674,72.28,BTC-28MAR25-150000-C,57318.34,buy,1.0,1.0,,,,
278,313207154,2024-08-07 13:42:14,1,0.0225,0.02181031,72.46,BTC-28MAR25-150000-C,57157.85,buy,1.0,1.0,,,,
279,313217097,2024-08-07 14:32:43,0,0.023,0.02247141,73.65,BTC-28MAR25-150000-C,56246.57,buy,10.3,10.3,,,,
280,313227818,2024-08-07 15:14:32,1,0.023,0.02295004,73.63,BTC-28MAR25-150000-C,56233.5,buy,3.0,3.0,,,,
281,313228529,2024-08-07 15:21:19,1,0.023,0.02272109,73.72,BTC-28MAR25-150000-C,56157.25,buy,1.0,1.0,,,,
282,313231343,2024-08-07 15:46:33,0,0.0235,0.02265906,74.35,BTC-28MAR25-150000-C,55869.08,buy,10.5,10.5,,,,
283,313261986,2024-08-07 19:08:29,2,0.022,0.02143403,74.04,BTC-28MAR25-150000-C,55056.81,buy,0.1,0.1,,,,
284,313261995,2024-08-07 19:08:31,3,0.022,0.02145348,74.02,BTC-28MAR25-150000-C,55076.0,buy,0.3,0.3,,,,
285,313262071,2024-08-07 19:09:04,3,0.022,0.02149883,74.0,BTC-28MAR25-150000-C,55098.99,buy,0.1,0.1,,,,
286,313386636,2024-08-08 12:47:45,2,0.021,0.02188628,70.4,BTC-28MAR25-150000-C,58016.38,sell,1.2,1.2,,,,
287,313479368,2024-08-08 21:43:30,0,0.0235,0.0235661,69.95,BTC-28MAR25-150000-C,60317.85,sell,1.1,1.1,,,,
288,313499000,2024-08-08 22:35:25,0,0.024,0.02384082,69.3,BTC-28MAR25-150000-C,61282.98,buy,10.8,10.8,,,,
289,313506446,2024-08-08 22:53:24,1,0.024,0.02444679,68.8,BTC-28MAR25-150000-C,61812.63,sell,0.8,0.8,,,,
290,313510156,2024-08-08 22:56:27,0,0.0245,0.02475877,68.58,BTC-28MAR25-150000-C,62398.27,buy,7.0,7.0,,,,
291,313510370,2024-08-08 22:56:28,1,0.0245,0.02479532,68.56,BTC-28MAR25-150000-C,62398.27,buy,1.2,1.2,,,,
292,313510887,2024-08-08 22:56:53,1,0.0245,0.02465128,68.59,BTC-28MAR25-150000-C,62382.78,buy,1.2,1.2,,,,
293,313517974,2024-08-08 23:11:18,2,0.024,0.02433274,68.21,BTC-28MAR25-150000-C,62481.34,sell,1.4,1.4,,,,
294,313519851,2024-08-08 23:19:59,0,0.0245,0.02405388,68.74,BTC-28MAR25-150000-C,62291.99,buy,0.1,0.1,,,,
295,313519853,2024-08-08 23:20:06,1,0.0245,0.02407451,68.72,BTC-28MAR25-150000-C,62303.46,buy,0.1,0.1,,,,
296,313519855,2024-08-08 23:20:13,1,0.0245,0.02409137,68.71,BTC-28MAR25-150000-C,62315.54,buy,0.1,0.1,,,,
297,313759182,2024-08-10 12:44:11,2,0.0225,0.02326855,68.8,BTC-28MAR25-150000-C,60794.12,buy,0.1,0.1,,,,
298,314116152,2024-08-13 14:53:21,0,0.0245,0.02388531,72.2,BTC-28MAR25-150000-C,59587.8,buy,1.3,1.3,,,,
299,314130828,2024-08-13 16:49:48,0,0.025,0.02501908,71.19,BTC-28MAR25-150000-C,60933.46,buy,2.6,2.6,,,,
300,314130895,2024-08-13 16:49:49,1,0.025,0.02501042,71.16,BTC-28MAR25-150000-C,60933.46,buy,0.1,0.1,,,,
301,314131013,2024-08-13 16:49:53,1,0.025,0.0250895,71.14,BTC-28MAR25-150000-C,60989.18,buy,0.1,0.1,,,,
302,314131014,2024-08-13 16:49:53,1,0.025,0.0250895,71.14,BTC-28MAR25-150000-C,60989.18,buy,0.1,0.1,,,,
303,314131155,2024-08-13 16:50:04,1,0.025,0.025107,71.12,BTC-28MAR25-150000-C,61002.57,buy,2.9,2.9,,,,
304,314131159,2024-08-13 16:50:04,1,0.025,0.025107,71.12,BTC-28MAR25-150000-C,61002.57,buy,2.9,2.9,,,,
305,314131161,2024-08-13 16:50:04,1,0.025,0.025107,71.12,BTC-28MAR25-150000-C,61002.57,buy,2.6,2.6,,,,
306,314140920,2024-08-13 17:24:35,1,0.025,0.0249274,70.96,BTC-28MAR25-150000-C,61152.72,buy,1.8,1.8,,,,
307,314140925,2024-08-13 17:24:38,1,0.025,0.02492847,70.95,BTC-28MAR25-150000-C,61174.48,buy,0.2,0.2,,,,
308,314140959,2024-08-13 17:24:50,1,0.025,0.02494207,70.93,BTC-28MAR25-150000-C,61194.36,buy,1.0,1.0,,,,
309,314142867,2024-08-13 17:41:10,0,0.0255,0.02536267,70.99,BTC-28MAR25-150000-C,61457.43,buy,2.5,2.5,,,,
310,314142875,2024-08-13 17:41:11,1,0.0255,0.02536267,70.99,BTC-28MAR25-150000-C,61457.43,buy,0.1,0.1,,,,
311,314142891,2024-08-13 17:41:11,1,0.0255,0.02536326,70.98,BTC-28MAR25-150000-C,61457.43,buy,0.1,0.1,,,,
312,314142899,2024-08-13 17:41:11,1,0.0255,0.02536326,70.98,BTC-28MAR25-150000-C,61457.43,buy,0.1,0.1,,,,
313,314142910,2024-08-13 17:41:12,1,0.0255,0.02536713,70.96,BTC-28MAR25-150000-C,61457.43,buy,0.1,0.1,,,,
314,314142939,2024-08-13 17:41:13,1,0.0255,0.02536713,70.96,BTC-28MAR25-150000-C,61457.43,buy,0.1,0.1,,,,
315,314142947,2024-08-13 17:41:14,1,0.0255,0.02536713,70.96,BTC-28MAR25-150000-C,61457.43,buy,0.4,0.4,,,,
316,314142959,2024-08-13 17:41:15,1,0.0255,0.02541014,70.94,BTC-28MAR25-150000-C,61513.69,buy,2.9,2.9,,,,
317,314142964,2024-08-13 17:41:16,1,0.0255,0.02540982,70.94,BTC-28MAR25-150000-C,61513.69,buy,0.1,0.1,,,,
318,314142975,2024-08-13 17:41:19,1,0.0255,0.02543995,70.94,BTC-28MAR25-150000-C,61506.0,buy,5.0,5.0,,,,
319,314143006,2024-08-13 17:41:23,1,0.0255,0.02544218,70.95,BTC-28MAR25-150000-C,61496.81,buy,0.1,0.1,,,,
320,314213839,2024-08-14 12:06:34,0,0.026,0.02574775,71.66,BTC-28MAR25-150000-C,61307.15,buy,11.8,11.8,,,,
321,314514869,2024-08-16 05:09:46,2,0.02,0.02086094,70.87,BTC-28MAR25-150000-C,58210.9,buy,0.1,0.1,,,,
322,314630164,2024-08-17 03:13:37,0,0.0235,0.02222434,72.78,BTC-28MAR25-150000-C,59076.08,buy,0.1,0.1,,,,
323,315089446,2024-08-22 10:50:55,2,0.0225,0.02229345,71.02,BTC-28MAR25-150000-C,61311.62,buy,0.5,0.5,,,,
324,315093787,2024-08-22 12:03:19,0,0.023,0.02271217,71.3,BTC-28MAR25-150000-C,61399.96,buy,0.5,0.5,,,,
325,315134229,2024-08-22 20:30:29,2,0.0215,0.02181846,71.31,BTC-28MAR25-150000-C,60398.34,buy,0.1,0.1,,,,
326,315134235,2024-08-22 20:30:51,3,0.0215,0.02182076,71.3,BTC-28MAR25-150000-C,60408.62,buy,0.1,0.1,,,,
327,315168666,2024-08-23 06:41:58,0,0.022,0.02153416,71.25,BTC-28MAR25-150000-C,60943.66,buy,0.1,0.1,,,,
328,315168667,2024-08-23 06:41:58,1,0.022,0.02153416,71.25,BTC-28MAR25-150000-C,60943.66,buy,0.1,0.1,,,,
329,315193045,2024-08-23 11:43:21,2,0.0215,0.02168849,71.11,BTC-28MAR25-150000-C,60755.04,sell,0.1,0.1,,,,
330,315197623,2024-08-23 13:16:43,0,0.022,0.02166052,71.22,BTC-28MAR25-150000-C,61052.85,buy,0.1,0.1,,,,
331,315197624,2024-08-23 13:16:43,1,0.022,0.02166052,71.22,BTC-28MAR25-150000-C,61052.85,sell,0.9,0.9,,,,
332,315260437,2024-08-23 18:41:21,0,0.0255,0.02557183,71.31,BTC-28MAR25-150000-C,63398.18,buy,0.1,0.1,,,,
333,315300887,2024-08-23 21:56:24,0,0.0265,0.02642297,70.53,BTC-28MAR25-150000-C,64422.47,buy,2.1,2.1,,,,T
334,315300924,2024-08-23 21:56:26,1,0.0265,0.02642701,70.53,BTC-28MAR25-150000-C,64425.92,buy,2.0,2.0,,,,T
335,315307423,2024-08-23 22:07:50,1,0.0265,0.02634776,70.38,BTC-28MAR25-150000-C,64490.78,buy,7.9,7.9,,,,
336,315317775,2024-08-23 23:03:22,2,0.026,0.02557005,70.56,BTC-28MAR25-150000-C,64274.36,sell,2.0,2.0,,,,M
337,315319192,2024-08-23 23:27:14,3,0.026,0.02543908,70.68,BTC-28MAR25-150000-C,64154.04,sell,2.0,2.0,,,,M
338,315325765,2024-08-24 01:00:59,3,0.026,0.0247485,70.86,BTC-28MAR25-150000-C,64035.58,buy,2.0,2.0,,,,T
339,315326162,2024-08-24 01:09:13,2,0.0255,0.02470484,70.61,BTC-28MAR25-150000-C,63964.95,sell,2.0,2.0,,,,M
340,315326164,2024-08-24 01:09:15,3,0.0255,0.02470769,70.61,BTC-28MAR25-150000-C,63964.95,sell,2.0,2.0,,,,M
341,315326166,2024-08-24 01:09:18,3,0.0255,0.02471273,70.6,BTC-28MAR25-150000-C,63974.24,sell,2.0,2.0,,,,M
342,315326340,2024-08-24 01:15:54,3,0.0255,0.0247058,70.62,BTC-28MAR25-150000-C,63957.09,sell,2.0,2.0,,,,M
343,315330145,2024-08-24 02:27:02,3,0.0255,0.02466552,70.65,BTC-28MAR25-150000-C,63899.94,buy,1.2,1.2,,,,T
344,315330146,2024-08-24 02:27:02,3,0.0255,0.02466552,70.65,BTC-28MAR25-150000-C,63899.94,sell,0.8,0.8,,,,M
345,315332255,2024-08-24 03:19:50,3,0.0255,0.02469202,70.6,BTC-28MAR25-150000-C,63971.3,sell,1.2,1.2,,,,M
346,315332713,2024-08-24 03:34:20,2,0.0235,0.02453615,69.29,BTC-28MAR25-150000-C,63949.29,sell,0.1,0.1,,,,
347,315332867,2024-08-24 03:37:22,3,0.0235,0.02442013,69.37,BTC-28MAR25-150000-C,63859.4,sell,0.1,0.1,,,,
348,315343049,2024-08-24 08:03:56,0,0.025,0.02452701,70.06,BTC-28MAR25-150000-C,64275.65,buy,1.0,1.0,,,,
349,315362229,2024-08-24 15:50:08,0,0.026,0.02499328,71.01,BTC-28MAR25-150000-C,63992.05,buy,1.2,1.2,,,,
350,315362230,2024-08-24 15:50:08,1,0.026,0.02499328,71.01,BTC-28MAR25-150000-C,63992.05,buy,2.0,2.0,,,,
351,315362231,2024-08-24 15:50:08,1,0.026,0.02499328,71.01,BTC-28MAR25-150000-C,63992.05,sell,1.8,1.8,,,,
352,315644001,2024-08-27 17:00:18,2,0.0185,0.01867538,68.76,BTC-28MAR25-150000-C,61589.08,sell,1.0,1.0,,,,
353,315656057,2024-08-27 21:18:00,2,0.018,0.01820326,68.53,BTC-28MAR25-150000-C,61436.49,sell,0.1,0.1,,,,
354,315931783,2024-08-29 05:42:32,2,0.0175,0.01667627,70.61,BTC-28MAR25-150000-C,59381.68,sell,0.5,0.5,,,,
355,316424507,2024-09-04 01:03:46,2,0.0165,0.01560684,74.36,BTC-28MAR25-150000-C,56067.97,buy,0.6,0.6,,,,
356,316490461,2024-09-04 14:58:48,0,0.017,0.0172773,73.33,BTC-28MAR25-150000-C,57547.98,buy,0.1,0.1,,,,
357,316635776,2024-09-06 05:42:27,2,0.0165,0.01607533,74.38,BTC-28MAR25-150000-C,56426.26,sell,14.7,14.7,,,,
358,316959201,2024-09-09 10:03:07,2,0.0155,0.01494808,75.53,BTC-28MAR25-150000-C,55146.85,buy,5.0,5.0,,,,
359,316959202,2024-09-09 10:03:07,3,0.0155,0.01494808,75.53,BTC-28MAR25-150000-C,55146.85,sell,20.0,20.0,,,,
360,316959251,2024-09-09 10:03:37,3,0.0155,0.01493825,75.58,BTC-28MAR25-150000-C,55108.3,sell,1.1,1.1,,,,
361,316959252,2024-09-09 10:03:37,3,0.0155,0.01493825,75.58,BTC-28MAR25-150000-C,55108.3,sell,0.2,0.2,,,,
362,316959295,2024-09-09 10:04:06,3,0.0155,0.01499123,75.57,BTC-28MAR25-150000-C,55106.75,sell,1.5,1.5,,,,
363,316959368,2024-09-09 10:05:17,0,0.016,0.01519272,75.97,BTC-28MAR25-150000-C,55168.23,sell,7.5,7.5,,,,
364,316987516,2024-09-09 16:10:56,2,0.0155,0.01519192,75.05,BTC-28MAR25-150000-C,55662.68,buy,5.0,5.0,,,,
365,316987517,2024-09-09 16:10:56,3,0.0155,0.01519192,75.05,BTC-28MAR25-150000-C,55662.68,buy,3.3,3.3,,,,
366,316987546,2024-09-09 16:11:02,3,0.0155,0.01521327,75.04,BTC-28MAR25-150000-C,55673.82,buy,3.2,3.2,,,,
367,316987547,2024-09-09 16:11:02,3,0.0155,0.01521327,75.04,BTC-28MAR25-150000-C,55673.82,buy,5.0,5.0,,,,
368,316987548,2024-09-09 16:11:02,3,0.0155,0.01521327,75.04,BTC-28MAR25-150000-C,55673.82,sell,0.1,0.1,,,,
369,316987600,2024-09-09 16:11:06,3,0.0155,0.01518223,75.07,BTC-28MAR25-150000-C,55644.0,buy,5.0,5.0,,,,
370,316987601,2024-09-09 16:11:07,3,0.0155,0.01518223,75.07,BTC-28MAR25-150000-C,55644.0,sell,3.3,3.3,,,,
371,317065133,2024-09-10 04:25:27,0,0.017,0.016226,75.43,BTC-28MAR25-150000-C,56726.17,buy,0.1,0.1,,,,
372,317073289,2024-09-10 07:26:39,0,0.0175,0.0168492,75.43,BTC-28MAR25-150000-C,57127.04,buy,12.0,12.0,,,,
373,317073290,2024-09-10 07:26:39,1,0.0175,0.0168492,75.43,BTC-28MAR25-150000-C,57127.04,buy,5.0,5.0,,,,
374,317073291,2024-09-10 07:26:39,1,0.0175,0.0168492,75.43,BTC-28MAR25-150000-C,57127.04,buy,2.6,2.6,,,,
375,317073292,2024-09-10 07:26:39,1,0.0175,0.0168492,75.43,BTC-28MAR25-150000-C,57127.04,sell,5.4,5.4,,,,
376,317073327,2024-09-10 07:26:53,1,0.0175,0.01685937,75.43,BTC-28MAR25-150000-C,57128.4,sell,25.0,25.0,,,,
377,317191243,2024-09-11 02:49:16,2,0.0155,0.01609809,73.88,BTC-28MAR25-150000-C,57018.65,buy,0.5,0.5,,,,
378,317287941,2024-09-11 17:17:03,0,0.016,0.01608947,73.87,BTC-28MAR25-150000-C,57626.64,buy,1.0,1.0,,,,
379,317288227,2024-09-11 17:19:12,2,0.0155,0.01602164,73.39,BTC-28MAR25-150000-C,57642.1,sell,2.7,2.7,,,,
380,317288228,2024-09-11 17:19:12,3,0.0155,0.01602164,73.39,BTC-28MAR25-150000-C,57642.1,sell,5.0,5.0,,,,
381,317288229,2024-09-11 17:19:12,3,0.0155,0.01602164,73.39,BTC-28MAR25-150000-C,57642.1,buy,5.4,5.4,,,,
382,317288230,2024-09-11 17:19:12,3,0.0155,0.01602164,73.39,BTC-28MAR25-150000-C,57642.1,buy,6.9,6.9,,,,
383,317288755,2024-09-11 17:22:25,3,0.0155,0.01604443,73.36,BTC-28MAR25-150000-C,57683.56,sell,3.2,3.2,,,,
384,317288756,2024-09-11 17:22:25,3,0.0155,0.01604443,73.36,BTC-28MAR25-150000-C,57683.56,sell,2.7,2.7,,,,
385,317288757,2024-09-11 17:22:25,3,0.0155,0.01604443,73.36,BTC-28MAR25-150000-C,57683.56,sell,6.4,6.4,,,,
386,317288758,2024-09-11 17:22:25,3,0.0155,0.01604443,73.36,BTC-28MAR25-150000-C,57683.56,sell,5.0,5.0,,,,
387,317288759,2024-09-11 17:22:25,3,0.0155,0.01604443,73.36,BTC-28MAR25-150000-C,57683.56,buy,2.7,2.7,,,,
388,317289746,2024-09-11 17:35:23,3,0.0155,0.01590111,73.47,BTC-28MAR25-150000-C,57553.68,sell,5.0,5.0,,,,
389,317289747,2024-09-11 17:35:23,3,0.0155,0.01590111,73.47,BTC-28MAR25-150000-C,57553.68,buy,2.1,2.1,,,,
390,317289748,2024-09-11 17:35:23,3,0.0155,0.01590111,73.47,BTC-28MAR25-150000-C,57553.68,buy,2.1,2.1,,,,
391,317289749,2024-09-11 17:35:23,3,0.0155,0.01590111,73.47,BTC-28MAR25-150000-C,57553.68,buy,9.8,9.8,,,,
392,317291235,2024-09-11 17:48:45,0,0.016,0.01621834,73.7,BTC-28MAR25-150000-C,57791.16,sell,5.0,5.0,,,,
393,317291303,2024-09-11 17:50:01,1,0.016,0.016234,73.65,BTC-28MAR25-150000-C,57832.76,sell,5.0,5.0,,,,
394,317291304,2024-09-11 17:50:01,1,0.016,0.016234,73.65,BTC-28MAR25-150000-C,57832.76,buy,2.7,2.7,,,,
395,317291334,2024-09-11 17:50:49,1,0.016,0.01621025,73.66,BTC-28MAR25-150000-C,57824.7,sell,5.0,5.0,,,,
396,317291351,2024-09-11 17:51:16,1,0.016,0.01622057,73.65,BTC-28MAR25-150000-C,57842.55,buy,0.1,0.1,,,,
397,317291513,2024-09-11 17:53:02,1,0.016,0.01615445,73.72,BTC-28MAR25-150000-C,57767.06,sell,5.0,5.0,,,,
398,317291519,2024-09-11 17:53:10,1,0.016,0.01617205,73.71,BTC-28MAR25-150000-C,57779.2,sell,5.0,5.0,,,,
399,317291537,2024-09-11 17:53:18,1,0.016,0.01619457,73.69,BTC-28MAR25-150000-C,57798.1,sell,5.0,5.0,,,,
400,317291541,2024-09-11 17:53:25,1,0.016,0.01620983,73.68,BTC-28MAR25-150000-C,57805.97,sell,5.0,5.0,,,,
401,317291566,2024-09-11 17:53:45,1,0.016,0.01623162,73.67,BTC-28MAR25-150000-C,57819.62,sell,2.2,2.2,,,,
402,317576869,2024-09-14 09:39:56,2,0.015,0.01600173,71.01,BTC-28MAR25-150000-C,59984.02,buy,0.1,0.1,,,,
403,317576870,2024-09-14 09:39:56,3,0.015,0.01600173,71.01,BTC-28MAR25-150000-C,59984.02,buy,1.8,1.8,,,,
404,317763076,2024-09-17 04:32:29,2,0.014,0.01378014,72.46,BTC-28MAR25-150000-C,58239.65,buy,0.1,0.1,,,,
405,317769844,2024-09-17 07:23:42,0,0.015,0.01445417,73.19,BTC-28MAR25-150000-C,58530.31,sell,0.1,0.1,,,,
406,317934582,2024-09-18 12:54:10,0,0.0155,0.01502823,72.7,BTC-28MAR25-150000-C,59935.09,sell,0.1,0.1,,,,
407,318149160,2024-09-19 13:30:29,0,0.016,0.01628583,70.02,BTC-28MAR25-150000-C,63212.93,buy,0.5,0.5,,,,
408,318189210,2024-09-19 17:29:06,0,0.017,0.01663409,70.8,BTC-28MAR25-150000-C,63333.74,buy,0.1,0.1,,,,
409,318214143,2024-09-19 20:49:41,1,0.017,0.01669595,70.98,BTC-28MAR25-150000-C,63131.39,sell,0.2,0.2,,,,
410,318246084,2024-09-20 03:42:16,2,0.0155,0.01621952,69.56,BTC-28MAR25-150000-C,63316.22,sell,1.0,1.0,,,,
411,318450064,2024-09-22 23:58:51,0,0.0165,0.01610131,70.65,BTC-28MAR25-150000-C,63642.46,buy,0.1,0.1,,,,
412,318452746,2024-09-23 00:16:01,2,0.0155,0.01538151,70.63,BTC-28MAR25-150000-C,62760.46,sell,0.1,0.1,,,,
413,318500979,2024-09-23 09:52:22,0,0.0169,0.01673192,71.12,BTC-28MAR25-150000-C,63593.08,sell,20.0,20.0,BTC-CBUT-28MAR25-100000_150000_200000,158670,,
414,318618275,2024-09-24 16:52:28,2,0.015,0.01528706,69.96,BTC-28MAR25-150000-C,63257.72,buy,0.2,0.2,,,,
415,318618277,2024-09-24 16:52:28,3,0.015,0.01528706,69.96,BTC-28MAR25-150000-C,63257.72,buy,1.5,1.5,,,,
416,318715025,2024-09-25 11:02:39,0,0.0155,0.01564833,70.26,BTC-28MAR25-150000-C,63633.86,sell,1.2,1.2,,,,
417,318772192,2024-09-26 00:16:13,2,0.0147,0.01471025,70.03,BTC-28MAR25-150000-C,63194.21,sell,4.3,4.3,,159048,,
418,318894791,2024-09-26 16:07:07,0,0.0155,0.01507902,68.75,BTC-28MAR25-150000-C,65340.33,buy,0.5,0.5,,,,
419,318902377,2024-09-26 17:03:39,0,0.0165,0.01591311,69.47,BTC-28MAR25-150000-C,65526.56,buy,0.1,0.1,,,,
420,318902379,2024-09-26 17:03:41,1,0.0165,0.01591268,69.47,BTC-28MAR25-150000-C,65525.78,buy,0.1,0.1,,,,
421,318902381,2024-09-26 17:03:44,1,0.0165,0.01591116,69.47,BTC-28MAR25-150000-C,65526.61,buy,0.1,0.1,,,,
422,318902385,2024-09-26 17:03:46,1,0.0165,0.01591277,69.47,BTC-28MAR25-150000-C,65526.31,buy,0.1,0.1,,,,
423,318902386,2024-09-26 17:03:48,1,0.0165,0.01591246,69.47,BTC-28MAR25-150000-C,65526.94,buy,0.1,0.1,,,,
424,318902387,2024-09-26 17:03:51,1,0.0165,0.01591857,69.47,BTC-28MAR25-150000-C,65532.32,buy,0.1,0.1,,,,
425,318902415,2024-09-26 17:03:53,1,0.0165,0.01592016,69.47,BTC-28MAR25-150000-C,65535.42,buy,0.2,0.2,,,,
426,318923419,2024-09-26 20:09:02,2,0.0155,0.01480695,69.51,BTC-28MAR25-150000-C,64672.45,buy,0.1,0.1,,,,
427,318923421,2024-09-26 20:09:04,3,0.0155,0.01479885,69.51,BTC-28MAR25-150000-C,64673.15,buy,0.1,0.1,,,,
428,318939392,2024-09-26 23:14:36,3,0.0155,0.01504074,69.29,BTC-28MAR25-150000-C,64943.66,sell,0.1,0.1,,,,
429,319031725,2024-09-27 13:09:25,3,0.0155,0.0150311,68.62,BTC-28MAR25-150000-C,65754.14,buy,0.1,0.1,,,,
430,319053175,2024-09-27 14:40:09,0,0.016,0.0155052,68.39,BTC-28MAR25-150000-C,66324.18,sell,15.0,15.0,,,,
431,319060900,2024-09-27 15:16:40,2,0.015,0.01563144,67.31,BTC-28MAR25-150000-C,66364.0,sell,0.1,0.1,,,,
432,319101772,2024-09-28 00:28:19,2,0.0145,0.01483081,67.65,BTC-28MAR25-150000-C,65763.4,sell,0.1,0.1,,,,
433,319101773,2024-09-28 00:28:19,3,0.0145,0.01483081,67.65,BTC-28MAR25-150000-C,65763.4,buy,0.9,0.9,,,,
434,319252141,2024-09-30 09:58:59,2,0.0135,0.01355525,69.32,BTC-28MAR25-150000-C,63641.26,sell,5.0,5.0,,,,
435,319309739,2024-09-30 15:23:03,2,0.0122,0.01336831,67.82,BTC-28MAR25-150000-C,63943.82,sell,100.0,100.0,,159626,,
436,319311126,2024-09-30 15:39:33,0,0.013,0.01305519,68.96,BTC-28MAR25-150000-C,63670.77,sell,0.7,0.7,,,,
437,319311127,2024-09-30 15:39:33,1,0.013,0.01305519,68.96,BTC-28MAR25-150000-C,63670.77,buy,0.3,0.3,,,,
438,319340317,2024-09-30 20:04:21,1,0.013,0.01257189,69.2,BTC-28MAR25-150000-C,63509.16,buy,1.5,1.5,,,,
439,319358530,2024-10-01 00:56:17,1,0.013,0.01257407,69.3,BTC-28MAR25-150000-C,63510.15,buy,5.0,5.0,,,,
440,319358807,2024-10-01 00:59:28,1,0.013,0.01264948,69.27,BTC-28MAR25-150000-C,63496.95,buy,1.2,1.2,,,,
441,319367279,2024-10-01 03:56:54,1,0.013,0.0126279,69.07,BTC-28MAR25-150000-C,63668.77,buy,1.0,1.0,,,,
442,319373325,2024-10-01 06:40:34,1,0.013,0.01305489,68.83,BTC-28MAR25-150000-C,63931.51,sell,0.1,0.1,,,,
443,319373326,2024-10-01 06:40:34,1,0.013,0.01305489,68.83,BTC-28MAR25-150000-C,63931.51,buy,0.2,0.2,,,,
444,319374389,2024-10-01 07:06:07,0,0.0135,0.01335089,69.26,BTC-28MAR25-150000-C,64029.98,buy,1.0,1.0,,,,
445,319377284,2024-10-01 07:58:37,2,0.013,0.01303693,68.8,BTC-28MAR25-150000-C,64005.74,buy,5.0,5.0,,,,
446,319377332,2024-10-01 07:59:15,3,0.013,0.01301901,68.8,BTC-28MAR25-150000-C,64015.02,buy,4.0,4.0,,,,
447,319377426,2024-10-01 08:00:17,3,0.013,0.0130054,68.78,BTC-28MAR25-150000-C,64040.97,buy,2.0,2.0,,,,
448,319377573,2024-10-01 08:01:09,3,0.013,0.01294001,68.82,BTC-28MAR25-150000-C,64004.48,buy,5.0,5.0,,,,
449,319377596,2024-10-01 08:01:15,3,0.013,0.01293903,68.82,BTC-28MAR25-150000-C,64005.14,buy,2.0,2.0,,,,
450,319377796,2024-10-01 08:02:17,3,0.013,0.01295024,68.78,BTC-28MAR25-150000-C,64038.06,buy,5.4,5.4,,,,
451,319377798,2024-10-01 08:02:17,3,0.013,0.01294945,68.78,BTC-28MAR25-150000-C,64038.06,buy,0.1,0.1,,,,
452,319388252,2024-10-01 10:44:58,3,0.013,0.01250274,68.94,BTC-28MAR25-150000-C,63877.74,buy,0.1,0.1,,,,
453,319427563,2024-10-01 15:01:24,2,0.012,0.0116198,69.05,BTC-28MAR25-150000-C,62611.21,buy,2.0,2.0,,,,
454,319441111,2024-10-01 15:24:45,2,0.0115,0.01130999,69.08,BTC-28MAR25-150000-C,62149.04,buy,2.0,2.0,,,,
455,319503315,2024-10-01 18:46:48,2,0.011,0.01076931,68.81,BTC-28MAR25-150000-C,62006.88,buy,0.1,0.1,,,,
456,319503321,2024-10-01 18:46:51,3,0.011,0.01077016,68.82,BTC-28MAR25-150000-C,62004.13,buy,0.9,0.9,,,,
457,319525284,2024-10-01 20:33:32,2,0.01,0.01016267,68.77,BTC-28MAR25-150000-C,60785.97,buy,1.5,1.5,,,,
458,319543731,2024-10-01 22:56:54,0,0.0105,0.01022213,69.39,BTC-28MAR25-150000-C,60723.17,buy,5.0,5.0,,,,
459,319557250,2024-10-02 02:28:50,0,0.011,0.01090655,69.14,BTC-28MAR25-150000-C,61609.77,buy,1.2,1.2,,,,
460,319571687,2024-10-02 06:31:10,1,0.011,0.01086168,69.17,BTC-28MAR25-150000-C,61655.03,buy,2.0,2.0,,,,
461,319608625,2024-10-02 13:41:03,1,0.011,0.01031067,70.15,BTC-28MAR25-150000-C,60645.4,buy,2.0,2.0,,,,
462,319700861,2024-10-03 03:18:58,2,0.0105,0.01027518,69.1,BTC-28MAR25-150000-C,61160.87,buy,2.0,2.0,,,,
463,319742443,2024-10-03 13:20:30,2,0.01,0.01028214,69.45,BTC-28MAR25-150000-C,60283.03,sell,3.0,3.0,,,,
464,319769795,2024-10-03 15:50:48,3,0.01,0.00975623,69.26,BTC-28MAR25-150000-C,60501.45,buy,2.0,2.0,,,,
465,319793657,2024-10-03 20:13:12,0,0.0105,0.01061002,69.48,BTC-28MAR25-150000-C,60919.59,buy,1.1,1.1,,,,
466,319805489,2024-10-04 00:32:26,1,0.0105,0.01053898,69.7,BTC-28MAR25-150000-C,60726.68,buy,1.0,1.0,,,,
467,319815771,2024-10-04 03:14:07,1,0.0105,0.01068099,69.52,BTC-28MAR25-150000-C,60933.18,sell,2.2,2.2,,,,
468,319815772,2024-10-04 03:14:07,1,0.0105,0.01068099,69.52,BTC-28MAR25-150000-C,60933.18,buy,0.5,0.5,,,,
469,319846340,2024-10-04 12:16:39,1,0.0105,0.01050726,69.09,BTC-28MAR25-150000-C,61444.51,buy,0.1,0.1,,,,
470,319850397,2024-10-04 12:35:00,1,0.0105,0.01031544,69.2,BTC-28MAR25-150000-C,61329.17,buy,1.0,1.0,,,,
471,319899627,2024-10-04 21:03:02,0,0.011,0.01058074,68.78,BTC-28MAR25-150000-C,62426.37,buy,1.0,1.0,,,,
472,319946270,2024-10-05 22:18:36,2,0.01,0.01005287,68.22,BTC-28MAR25-150000-C,61975.53,sell,0.1,0.1,,,,
473,319983552,2024-10-06 17:36:33,3,0.01,0.00977996,67.61,BTC-28MAR25-150000-C,62681.99,buy,0.2,0.2,,,,
474,319983553,2024-10-06 17:36:35,3,0.01,0.00978095,67.61,BTC-28MAR25-150000-C,62682.01,buy,0.2,0.2,,,,
475,319983555,2024-10-06 17:36:38,3,0.01,0.0097816,67.61,BTC-28MAR25-150000-C,62682.14,buy,0.2,0.2,,,,
476,319983556,2024-10-06 17:36:40,3,0.01,0.00978261,67.61,BTC-28MAR25-150000-C,62682.1,buy,0.5,0.5,,,,
477,319983558,2024-10-06 17:36:43,3,0.01,0.00978359,67.61,BTC-28MAR25-150000-C,62682.2,buy,0.1,0.1,,,,
478,319983560,2024-10-06 17:36:46,3,0.01,0.00978471,67.61,BTC-28MAR25-150000-C,62682.11,buy,0.1,0.1,,,,
479,319983562,2024-10-06 17:36:48,3,0.01,0.00978619,67.61,BTC-28MAR25-150000-C,62682.18,buy,0.1,0.1,,,,
480,320003550,2024-10-07 00:38:25,0,0.0105,0.0104747,68.03,BTC-28MAR25-150000-C,62955.05,buy,1.0,1.0,,,,
481,320010133,2024-10-07 01:00:04,0,0.011,0.01083134,67.93,BTC-28MAR25-150000-C,63668.07,buy,1.0,1.0,,,,
482,320047011,2024-10-07 09:38:14,2,0.0105,0.01075603,67.79,BTC-28MAR25-150000-C,63180.31,sell,1.0,1.0,,,,
483,320047012,2024-10-07 09:38:14,3,0.0105,0.01075603,67.79,BTC-28MAR25-150000-C,63180.31,sell,0.1,0.1,,,,
484,320047013,2024-10-07 09:38:14,3,0.0105,0.01075603,67.79,BTC-28MAR25-150000-C,63180.31,buy,1.9,1.9,,,,
485,320070330,2024-10-07 13:48:10,3,0.0105,0.01060884,67.56,BTC-28MAR25-150000-C,63476.06,buy,1.0,1.0,,,,
486,320081178,2024-10-07 14:20:23,0,0.011,0.01103286,67.53,BTC-28MAR25-150000-C,64151.38,buy,1.0,1.0,,,,
487,320090177,2024-10-07 14:52:44,1,0.011,0.01076067,67.67,BTC-28MAR25-150000-C,63997.49,buy,10.0,10.0,,,,
488,320142347,2024-10-07 23:06:11,2,0.01,0.00999959,68.34,BTC-28MAR25-150000-C,62221.05,sell,2.0,2.0,,,,
489,320208726,2024-10-08 13:03:50,2,0.0095,0.0093705,67.55,BTC-28MAR25-150000-C,62461.44,buy,1.0,1.0,,,,
490,320254026,2024-10-08 18:45:13,3,0.0095,0.00942774,68.09,BTC-28MAR25-150000-C,62029.22,buy,0.7,0.7,,,,
491,320263005,2024-10-08 20:46:58,3,0.0095,0.00934983,67.84,BTC-28MAR25-150000-C,62295.81,buy,1.5,1.5,,,,
492,320263846,2024-10-08 21:08:58,0,0.01,0.00946315,68.5,BTC-28MAR25-150000-C,62282.78,buy,1.4,1.4,,,,
493,320263847,2024-10-08 21:08:58,1,0.01,0.00946315,68.5,BTC-28MAR25-150000-C,62282.78,buy,3.0,3.0,,,,
494,320263848,2024-10-08 21:08:58,0,0.0105,0.00946315,69.12,BTC-28MAR25-150000-C,62282.78,buy,4.6,4.6,,,,
495,320270300,2024-10-08 23:47:21,2,0.0095,0.00929237,67.99,BTC-28MAR25-150000-C,62198.22,buy,3.0,3.0,,,,
496,320270301,2024-10-08 23:47:21,3,0.0095,0.00929237,67.99,BTC-28MAR25-150000-C,62198.22,buy,5.0,5.0,,,,
497,320270302,2024-10-08 23:47:25,3,0.0095,0.00928983,68.0,BTC-28MAR25-150000-C,62195.48,buy,5.0,5.0,,,,
498,320270303,2024-10-08 23:47:25,3,0.0095,0.00928983,68.0,BTC-28MAR25-150000-C,62195.48,sell,3.0,3.0,,,,
499,320358495,2024-10-09 20:29:03,2,0.009,0.00924429,68.78,BTC-28MAR25-150000-C,60879.6,sell,4.0,4.0,,,,
500,320358496,2024-10-09 20:29:03,3,0.009,0.00924429,68.78,BTC-28MAR25-150000-C,60879.6,buy,1.0,1.0,,,,
501,320396294,2024-10-10 06:17:29,2,0.0085,0.00834823,68.07,BTC-28MAR25-150000-C,60982.1,buy,1.6,1.6,,,,
502,320409885,2024-10-10 09:41:50,3,0.0085,0.00872219,68.26,BTC-28MAR25-150000-C,60845.0,sell,2.0,2.0,,,,
503,320416483,2024-10-10 11:45:44,3,0.0085,0.00849619,67.93,BTC-28MAR25-150000-C,61174.88,buy,2.1,2.1,,,,
504,320424176,2024-10-10 12:41:16,3,0.0085,0.00855258,68.41,BTC-28MAR25-150000-C,60702.06,buy,6.0,6.0,,,,
505,320432203,2024-10-10 13:49:53,3,0.0085,0.00839422,68.45,BTC-28MAR25-150000-C,60675.69,buy,3.0,3.0,,,,
506,320447250,2024-10-10 16:02:59,3,0.0085,0.00845711,68.31,BTC-28MAR25-150000-C,60818.53,buy,1.1,1.1,,,,
507,320500148,2024-10-10 20:25:10,2,0.008,0.00828902,68.96,BTC-28MAR25-150000-C,59593.97,sell,3.2,3.2,,,,
508,320500149,2024-10-10 20:25:10,3,0.008,0.00828902,68.96,BTC-28MAR25-150000-C,59593.97,buy,0.8,0.8,,,,
509,320500303,2024-10-10 20:25:36,3,0.008,0.0082794,68.96,BTC-28MAR25-150000-C,59591.77,buy,1.0,1.0,,,,
510,320502997,2024-10-10 21:11:40,0,0.0085,0.00812221,69.58,BTC-28MAR25-150000-C,59671.37,buy,2.0,2.0,,,,
511,320524261,2024-10-11 03:16:19,1,0.0085,0.00835835,68.68,BTC-28MAR25-150000-C,60580.46,buy,1.1,1.1,,,,
512,320551000,2024-10-11 10:05:03,1,0.0085,0.00833678,68.14,BTC-28MAR25-150000-C,61131.22,buy,2.0,2.0,,,,
513,320568759,2024-10-11 13:35:13,0,0.009,0.00897925,68.36,BTC-28MAR25-150000-C,61645.48,buy,1.0,1.0,,,,
514,320580566,2024-10-11 14:52:26,0,0.0095,0.00916503,68.88,BTC-28MAR25-150000-C,61796.7,buy,0.8,0.8,,,,
515,320582577,2024-10-11 15:10:53,1,0.0095,0.00948461,68.63,BTC-28MAR25-150000-C,62054.92,buy,1.0,1.0,,,,
516,320603679,2024-10-11 17:32:49,0,0.01,0.00997259,68.83,BTC-28MAR25-150000-C,62472.41,buy,1.0,1.0,,,,
517,320631820,2024-10-11 21:08:42,0,0.0115,0.01108091,69.97,BTC-28MAR25-150000-C,63156.34,buy,2.0,2.0,,,,
518,320679385,2024-10-12 14:49:26,2,0.01,0.00992746,68.2,BTC-28MAR25-150000-C,63370.35,buy,0.4,0.4,,,,
519,320679522,2024-10-12 14:50:03,3,0.01,0.00991722,68.2,BTC-28MAR25-150000-C,63371.81,buy,0.4,0.4,,,,
520,320680117,2024-10-12 14:53:59,3,0.01,0.0098429,68.27,BTC-28MAR25-150000-C,63311.03,buy,0.7,0.7,,,,
521,320685755,2024-10-12 15:58:54,3,0.01,0.00984084,68.43,BTC-28MAR25-150000-C,63128.81,buy,0.1,0.1,,,,
522,320751916,2024-10-14 00:09:14,3,0.01,0.0097175,69.06,BTC-28MAR25-150000-C,62719.36,buy,1.0,1.0,,,,
523,320767107,2024-10-14 03:39:00,0,0.011,0.01094929,69.15,BTC-28MAR25-150000-C,63796.92,buy,2.0,2.0,,,,
524,320836854,2024-10-14 12:15:26,0,0.0115,0.01120408,68.74,BTC-28MAR25-150000-C,64847.61,buy,1.0,1.0,,,,
525,320904700,2024-10-14 16:44:25,1,0.0115,0.01160782,67.88,BTC-28MAR25-150000-C,65741.38,buy,1.0,1.0,,,,
526,321018922,2024-10-15 13:50:06,1,0.0115,0.01135897,67.01,BTC-28MAR25-150000-C,66780.06,buy,1.0,1.0,,,,
527,321025496,2024-10-15 13:58:31,0,0.012,0.01177217,66.86,BTC-28MAR25-150000-C,67479.86,buy,1.0,1.0,,,,
528,321120448,2024-10-15 18:22:20,1,0.012,0.01222797,67.2,BTC-28MAR25-150000-C,67317.94,sell,1.0,1.0,,,,
529,321157421,2024-10-15 23:40:21,1,0.012,0.0117884,67.63,BTC-28MAR25-150000-C,66968.4,buy,1.0,1.0,,,,
530,321196062,2024-10-16 06:55:59,2,0.011,0.01098297,66.47,BTC-28MAR25-150000-C,67140.96,sell,0.1,0.1,,,,
531,321196065,2024-10-16 06:56:06,3,0.011,0.01098438,66.47,BTC-28MAR25-150000-C,67143.3,sell,0.1,0.1,,,,
532,321196070,2024-10-16 06:56:07,3,0.011,0.01098334,66.47,BTC-28MAR25-150000-C,67142.13,sell,0.1,0.1,,,,
533,321196073,2024-10-16 06:56:08,3,0.011,0.01098348,66.47,BTC-28MAR25-150000-C,67142.13,sell,0.1,0.1,,,,
534,321196074,2024-10-16 06:56:10,3,0.011,0.0109835,66.47,BTC-28MAR25-150000-C,67142.13,sell,0.1,0.1,,,,
535,321224696,2024-10-16 10:51:27,0,0.0115,0.01127429,66.58,BTC-28MAR25-150000-C,67601.8,buy,5.0,5.0,,,,
536,321224697,2024-10-16 10:51:27,1,0.0115,0.01127429,66.58,BTC-28MAR25-150000-C,67601.8,sell,5.0,5.0,,,,
537,321226994,2024-10-16 11:00:32,0,0.012,0.01152863,67.03,BTC-28MAR25-150000-C,67712.42,buy,5.0,5.0,,,,
538,321226995,2024-10-16 11:00:32,1,0.012,0.01152863,67.03,BTC-28MAR25-150000-C,67712.42,sell,5.0,5.0,,,,
539,321237449,2024-10-16 11:36:00,0,0.013,0.01232458,67.55,BTC-28MAR25-150000-C,68216.99,buy,3.0,3.0,,,,
540,321246175,2024-10-16 12:09:33,1,0.013,0.0124397,67.92,BTC-28MAR25-150000-C,67835.79,buy,0.1,0.1,,,,
541,321265769,2024-10-16 14:27:33,2,0.0125,0.01244644,67.34,BTC-28MAR25-150000-C,67956.77,buy,1.0,1.0,,,,
542,321266698,2024-10-16 14:31:34,0,0.013,0.01229815,68.16,BTC-28MAR25-150000-C,67670.31,buy,1.9,1.9,,,,
543,321287541,2024-10-16 17:49:25,2,0.0125,0.01243884,67.29,BTC-28MAR25-150000-C,68067.74,buy,1.0,1.0,,,,
544,321345443,2024-10-17 08:49:40,2,0.0115,0.01130356,67.03,BTC-28MAR25-150000-C,67400.62,buy,2.0,2.0,,,,
545,321385346,2024-10-17 15:37:52,3,0.0115,0.01140985,66.89,BTC-28MAR25-150000-C,67580.81,buy,1.2,1.2,,,,
546,321408316,2024-10-17 20:35:54,2,0.011,0.01098631,66.96,BTC-28MAR25-150000-C,67035.22,buy,0.6,0.6,,,,
547,321409419,2024-10-17 21:14:53,3,0.011,0.01096361,67.0,BTC-28MAR25-150000-C,67003.48,buy,0.4,0.4,,,,
548,321415354,2024-10-17 23:47:11,3,0.011,0.01097979,66.69,BTC-28MAR25-150000-C,67323.1,buy,1.0,1.0,,,,
549,321415409,2024-10-17 23:47:45,3,0.011,0.01098714,66.69,BTC-28MAR25-150000-C,67329.17,buy,0.8,0.8,,,,
550,321482693,2024-10-18 13:55:46,3,0.011,0.01086342,65.98,BTC-28MAR25-150000-C,67971.83,buy,0.1,0.1,,,,
551,321489616,2024-10-18 14:19:44,0,0.0115,0.01124349,66.31,BTC-28MAR25-150000-C,68227.63,sell,2.0,2.0,,,,
552,321542189,2024-10-19 01:50:21,2,0.0105,0.01075033,65.19,BTC-28MAR25-150000-C,68385.47,buy,2.3,2.3,,,,
553,321550543,2024-10-19 06:26:10,0,0.011,0.01078726,65.82,BTC-28MAR25-150000-C,68374.68,buy,0.2,0.2,,,,
554,321550544,2024-10-19 06:26:10,1,0.011,0.01078726,65.82,BTC-28MAR25-150000-C,68374.68,buy,1.7,1.7,,,,
555,321584206,2024-10-20 08:51:29,2,0.0105,0.01070831,65.46,BTC-28MAR25-150000-C,68360.56,buy,0.6,0.6,,,,
556,321618355,2024-10-20 22:46:48,0,0.0125,0.01197134,66.83,BTC-28MAR25-150000-C,69205.32,sell,1.1,1.1,,,,
557,321624633,2024-10-20 23:29:25,1,0.0125,0.012271,66.92,BTC-28MAR25-150000-C,69101.36,sell,0.1,0.1,,,,
558,321629170,2024-10-21 00:21:25,1,0.0125,0.01248171,66.66,BTC-28MAR25-150000-C,69357.41,sell,1.0,1.0,,,,
559,321651593,2024-10-21 05:37:11,2,0.0115,0.01159967,65.89,BTC-28MAR25-150000-C,69061.67,buy,1.2,1.2,,,,
560,321651594,2024-10-21 05:37:11,3,0.0115,0.01159967,65.89,BTC-28MAR25-150000-C,69061.67,buy,0.8,0.8,,,,
561,321651911,2024-10-21 05:48:13,3,0.0115,0.01148056,65.97,BTC-28MAR25-150000-C,69010.95,buy,2.5,2.5,,,,
562,321652542,2024-10-21 06:04:47,0,0.012,0.01151277,66.57,BTC-28MAR25-150000-C,68963.16,buy,0.5,0.5,,,,
563,321658809,2024-10-21 07:42:54,2,0.0115,0.01143759,66.44,BTC-28MAR25-150000-C,68551.78,buy,2.0,2.0,,,,
564,321662677,2024-10-21 08:11:38,2,0.011,0.01134857,65.86,BTC-28MAR25-150000-C,68575.17,sell,0.5,0.5,,,,
565,321677789,2024-10-21 11:05:45,0,0.0115,0.01096543,66.85,BTC-28MAR25-150000-C,68215.41,buy,2.2,2.2,,,,
566,321721084,2024-10-21 15:11:22,2,0.0105,0.01066979,67.16,BTC-28MAR25-150000-C,66848.51,sell,0.1,0.1,,,,
567,321743449,2024-10-21 18:33:21,3,0.0105,0.01056577,66.87,BTC-28MAR25-150000-C,67080.46,sell,2.0,2.0,,,,
568,321775779,2024-10-22 02:04:18,3,0.0105,0.01031174,66.43,BTC-28MAR25-150000-C,67535.93,buy,2.0,2.0,,,,
569,321781142,2024-10-22 04:02:59,2,0.01,0.01057483,66.04,BTC-28MAR25-150000-C,67344.69,sell,0.9,0.9,,,,
570,321781143,2024-10-22 04:02:59,3,0.01,0.01057483,66.04,BTC-28MAR25-150000-C,67344.69,sell,4.2,4.2,,,,
571,321815103,2024-10-22 12:40:58,3,0.01,0.01026612,66.55,BTC-28MAR25-150000-C,66942.95,sell,0.1,0.1,,,,
572,321838016,2024-10-22 15:04:40,0,0.0105,0.01040679,66.58,BTC-28MAR25-150000-C,67561.62,buy,1.0,1.0,,,,
573,321865548,2024-10-22 22:06:51,1,0.0105,0.01038914,66.53,BTC-28MAR25-150000-C,67658.61,buy,2.0,2.0,,,,
574,321893588,2024-10-23 07:02:14,2,0.01,0.01001716,66.82,BTC-28MAR25-150000-C,66870.78,sell,2.3,2.3,,,,
575,321919024,2024-10-23 12:13:23,2,0.0095,0.00919546,66.8,BTC-28MAR25-150000-C,66270.24,sell,2.0,2.0,,,,
576,321919398,2024-10-23 12:18:23,3,0.0095,0.00926932,66.75,BTC-28MAR25-150000-C,66318.95,sell,2.7,2.7,,,,
577,321919706,2024-10-23 12:20:05,3,0.0095,0.00938685,66.65,BTC-28MAR25-150000-C,66417.63,sell,2.1,2.1,,,,
578,321985383,2024-10-23 18:47:40,2,0.009,0.00919341,66.76,BTC-28MAR25-150000-C,65842.56,sell,2.4,2.4,,,,
579,321998893,2024-10-23 20:07:43,3,0.009,0.00945767,66.33,BTC-28MAR25-150000-C,66295.71,sell,2.0,2.0,,,,
580,321998901,2024-10-23 20:07:59,3,0.009,0.00945702,66.33,BTC-28MAR25-150000-C,66297.09,sell,2.0,2.0,,,,
581,321998921,2024-10-23 20:08:19,3,0.009,0.00942433,66.36,BTC-28MAR25-150000-C,66265.74,sell,3.0,3.0,,,,
582,322082787,2024-10-24 14:39:14,0,0.01,0.00968113,65.98,BTC-28MAR25-150000-C,67898.13,buy,2.0,2.0,,,,
583,322118909,2024-10-24 20:34:56,0,0.0105,0.00993887,66.56,BTC-28MAR25-150000-C,68045.09,buy,0.1,0.1,,,,
584,322191000,2024-10-25 09:02:16,2,0.009,0.00911475,65.23,BTC-28MAR25-150000-C,67595.45,sell,1.0,1.0,,,,
585,322436293,2024-10-27 21:37:16,2,0.0085,0.00801678,64.8,BTC-28MAR25-150000-C,67822.9,buy,3.1,3.1,,,,
586,322522088,2024-10-28 16:37:00,3,0.0085,0.00836444,64.0,BTC-28MAR25-150000-C,68701.71,buy,0.2,0.2,,,,
587,322522099,2024-10-28 16:37:11,3,0.0085,0.00836897,63.99,BTC-28MAR25-150000-C,68707.3,buy,0.2,0.2,,,,
588,322554920,2024-10-28 19:42:45,0,0.009,0.00892455,63.69,BTC-28MAR25-150000-C,69737.11,buy,1.0,1.0,,,,
589,322602500,2024-10-29 02:09:37,0,0.0095,0.00943601,63.65,BTC-28MAR25-150000-C,70516.69,buy,2.0,2.0,,,,
590,322718771,2024-10-29 15:54:48,0,0.0115,0.01135018,64.34,BTC-28MAR25-150000-C,72321.15,buy,1.9,1.9,,,,
591,322827787,2024-10-30 05:01:31,2,0.0105,0.01099023,63.2,BTC-28MAR25-150000-C,72267.76,sell,0.3,0.3,,,,
592,322827788,2024-10-30 05:01:31,3,0.0105,0.01099023,63.2,BTC-28MAR25-150000-C,72267.76,sell,5.0,5.0,,,,
593,323171803,2024-11-01 06:49:17,2,0.0085,0.00864006,64.16,BTC-28MAR25-150000-C,69417.87,sell,1.0,1.0,,,,
594,323212432,2024-11-01 10:17:34,2,0.008,0.00778934,63.3,BTC-28MAR25-150000-C,69616.43,buy,3.0,3.0,,,,
595,323237843,2024-11-01 13:39:11,0,0.0085,0.00858372,62.84,BTC-28MAR25-150000-C,70708.03,buy,1.0,1.0,,,,
596,323242854,2024-11-01 13:52:43,2,0.008,0.0087101,61.96,BTC-28MAR25-150000-C,70886.97,sell,0.1,0.1,,,,
597,323260794,2024-11-01 14:50:38,0,0.009,0.00936055,63.07,BTC-28MAR25-150000-C,71147.74,sell,0.1,0.1,,,,
598,323263258,2024-11-01 14:57:33,1,0.009,0.00947455,63.09,BTC-28MAR25-150000-C,71141.93,sell,0.3,0.3,,,,
599,323342014,2024-11-01 21:46:35,1,0.009,0.00909047,65.38,BTC-28MAR25-150000-C,68924.77,sell,1.0,1.0,,,,
600,323343670,2024-11-01 22:02:10,0,0.0095,0.0092468,65.64,BTC-28MAR25-150000-C,69315.71,sell,0.1,0.1,,,,
601,323526179,2024-11-03 21:33:17,2,0.0085,0.00817211,65.32,BTC-28MAR25-150000-C,69060.18,buy,2.0,2.0,,,,
602,323588019,2024-11-04 09:23:14,0,0.009,0.00872057,66.37,BTC-28MAR25-150000-C,68792.02,buy,2.0,2.0,,,,
603,323956993,2024-11-06 03:05:12,0,0.011,0.01100828,64.31,BTC-28MAR25-150000-C,73815.46,buy,6.0,6.0,,,,
604,323956994,2024-11-06 03:05:12,1,0.011,0.01100828,64.31,BTC-28MAR25-150000-C,73815.46,buy,4.0,4.0,,,,
605,323962161,2024-11-06 03:07:20,0,0.0115,0.01132274,64.25,BTC-28MAR25-150000-C,74466.69,buy,7.5,7.5,,,,
606,324038639,2024-11-06 05:05:53,2,0.011,0.01089796,64.16,BTC-28MAR25-150000-C,74059.84,sell,2.5,2.5,,,,
607,324047176,2024-11-06 05:31:54,3,0.011,0.01098995,63.83,BTC-28MAR25-150000-C,74460.22,buy,2.0,2.0,,,,
608,324062421,2024-11-06 06:21:30,0,0.0115,0.01145537,63.77,BTC-28MAR25-150000-C,75133.13,buy,2.5,2.5,,,,
609,324062422,2024-11-06 06:21:30,1,0.0115,0.01145537,63.77,BTC-28MAR25-150000-C,75133.13,buy,0.3,0.3,,,,
610,324188829,2024-11-06 13:01:15,2,0.0105,0.01058719,63.37,BTC-28MAR25-150000-C,74280.65,buy,1.0,1.0,,,,
611,324283621,2024-11-06 19:34:25,0,0.011,0.01095928,63.2,BTC-28MAR25-150000-C,75213.72,sell,1.0,1.0,,,,
612,324311240,2024-11-06 21:19:09,1,0.011,0.01103711,62.43,BTC-28MAR25-150000-C,76018.54,buy,1.0,1.0,,,,
613,324331184,2024-11-07 00:21:22,2,0.0105,0.01049824,62.38,BTC-28MAR25-150000-C,75426.53,sell,0.5,0.5,,,,
614,324332125,2024-11-07 00:28:28,2,0.01,0.01018156,61.95,BTC-28MAR25-150000-C,75257.95,buy,0.1,0.1,,,,
615,324404541,2024-11-07 09:31:23,2,0.009,0.0089924,60.82,BTC-28MAR25-150000-C,75091.88,buy,1.0,1.0,,,,
616,324407630,2024-11-07 10:10:54,3,0.009,0.0087685,61.04,BTC-28MAR25-150000-C,74879.93,buy,2.0,2.0,,,,
617,324410796,2024-11-07 10:49:32,3,0.009,0.00891689,60.95,BTC-28MAR25-150000-C,74963.89,buy,1.0,1.0,,,,
618,324517362,2024-11-07 19:26:57,0,0.0095,0.00965947,60.32,BTC-28MAR25-150000-C,76253.28,buy,1.0,1.0,,,,
619,324529549,2024-11-07 20:18:16,0,0.01,0.00993078,60.34,BTC-28MAR25-150000-C,76887.25,buy,1.5,1.5,,,,
620,324671449,2024-11-08 12:19:34,2,0.0085,0.0085469,59.36,BTC-28MAR25-150000-C,76079.47,sell,0.3,0.3,,,,
621,324748354,2024-11-08 19:52:11,0,0.0095,0.00927962,59.67,BTC-28MAR25-150000-C,77175.28,buy,3.0,3.0,,,,
622,324749391,2024-11-08 19:59:53,0,0.01,0.00932307,60.41,BTC-28MAR25-150000-C,77055.04,buy,10.0,10.0,,,,
623,324749426,2024-11-08 20:00:09,1,0.01,0.00931976,60.42,BTC-28MAR25-150000-C,77037.4,buy,10.0,10.0,,,,
624,324750369,2024-11-08 20:05:54,1,0.01,0.00943156,60.39,BTC-28MAR25-150000-C,77078.12,buy,3.4,3.4,,,,
625,324750370,2024-11-08 20:05:54,1,0.01,0.00943156,60.39,BTC-28MAR25-150000-C,77078.12,buy,5.0,5.0,,,,
626,324750371,2024-11-08 20:05:54,1,0.01,0.00943156,60.39,BTC-28MAR25-150000-C,77078.12,sell,1.6,1.6,,,,
627,324751608,2024-11-08 20:15:02,1,0.01,0.00955273,60.6,BTC-28MAR25-150000-C,76847.12,buy,3.0,3.0,,,,
628,324753690,2024-11-08 20:25:35,2,0.0095,0.00948581,60.32,BTC-28MAR25-150000-C,76532.58,sell,0.1,0.1,,,,
629,324758088,2024-11-08 20:52:56,3,0.0095,0.00938208,60.21,BTC-28MAR25-150000-C,76669.84,sell,2.1,2.1,,,,
630,324758206,2024-11-08 20:53:14,3,0.0095,0.00937622,60.23,BTC-28MAR25-150000-C,76647.94,sell,7.9,7.9,,,,
631,324764002,2024-11-08 21:23:29,0,0.01,0.00972136,61.0,BTC-28MAR25-150000-C,76458.2,buy,1.0,1.0,,,,
632,324764214,2024-11-08 21:25:27,1,0.01,0.00984872,60.98,BTC-28MAR25-150000-C,76511.27,sell,9.0,9.0,,,,
633,324764271,2024-11-08 21:26:35,1,0.01,0.00984762,60.98,BTC-28MAR25-150000-C,76522.94,buy,12.0,12.0,,,,
634,324765696,2024-11-08 21:39:33,1,0.01,0.00977908,60.93,BTC-28MAR25-150000-C,76554.17,buy,2.0,2.0,,,,
635,324766146,2024-11-08 21:47:12,1,0.01,0.00972967,60.98,BTC-28MAR25-150000-C,76525.3,sell,4.2,4.2,,,,
636,324805863,2024-11-09 10:02:36,1,0.01,0.00999972,60.96,BTC-28MAR25-150000-C,76606.32,sell,2.2,2.2,,,,
637,324808019,2024-11-09 11:01:19,2,0.0095,0.00997547,60.46,BTC-28MAR25-150000-C,76497.53,sell,5.0,5.0,,,,
638,324814141,2024-11-09 14:21:53,0,0.01,0.00920434,61.24,BTC-28MAR25-150000-C,76333.41,buy,0.1,0.1,,,,
639,324833230,2024-11-09 22:02:41,2,0.0095,0.00889003,60.53,BTC-28MAR25-150000-C,76478.54,sell,6.0,6.0,,,,
640,324852692,2024-11-10 02:12:43,3,0.0095,0.00956747,60.2,BTC-28MAR25-150000-C,76882.69,sell,0.2,0.2,,,,
641,324866605,2024-11-10 04:24:59,0,0.01,0.00948341,60.35,BTC-28MAR25-150000-C,77339.62,buy,0.1,0.1,,,,
642,324936987,2024-11-10 06:32:59,0,0.0115,0.01098066,60.43,BTC-28MAR25-150000-C,78929.27,buy,0.3,0.3,,,,
643,324936988,2024-11-10 06:32:59,1,0.0115,0.01098066,60.43,BTC-28MAR25-150000-C,78929.27,buy,9.0,9.0,,,,
644,324936989,2024-11-10 06:32:59,1,0.0115,0.01098066,60.43,BTC-28MAR25-150000-C,78929.27,buy,20.7,20.7,,,,
645,324937778,2024-11-10 06:38:39,2,0.011,0.0111556,59.88,BTC-28MAR25-150000-C,78921.12,sell,7.0,7.0,,,,
646,324942297,2024-11-10 07:04:44,2,0.0105,0.01106303,59.26,BTC-28MAR25-150000-C,79006.25,sell,3.8,3.8,,,,
647,324942298,2024-11-10 07:04:44,3,0.0105,0.01106303,59.26,BTC-28MAR25-150000-C,79006.25,sell,1.0,1.0,,,,
648,324942319,2024-11-10 07:04:54,2,0.01,0.01100137,58.68,BTC-28MAR25-150000-C,79006.51,sell,1.0,1.0,,,,
649,324942501,2024-11-10 07:06:54,3,0.01,0.01061509,58.67,BTC-28MAR25-150000-C,79018.59,buy,1.0,1.0,,,,
650,324942502,2024-11-10 07:06:54,3,0.01,0.01061509,58.67,BTC-28MAR25-150000-C,79018.59,sell,4.0,4.0,,,,
651,324945694,2024-11-10 07:29:48,2,0.0095,0.00946246,58.11,BTC-28MAR25-150000-C,78997.56,buy,0.1,0.1,,,,
652,324945775,2024-11-10 07:30:13,3,0.0095,0.00944368,58.12,BTC-28MAR25-150000-C,78989.04,buy,0.9,0.9,,,,
653,325052798,2024-11-10 18:12:21,0,0.011,0.01077168,58.03,BTC-28MAR25-150000-C,80899.39,buy,1.0,1.0,,,,
654,325125848,2024-11-10 23:15:16,0,0.012,0.01154292,59.58,BTC-28MAR25-150000-C,80463.53,buy,10.0,10.0,,,,
655,325125849,2024-11-10 23:15:16,1,0.012,0.01154292,59.58,BTC-28MAR25-150000-C,80463.53,buy,0.1,0.1,,,,
656,325125850,2024-11-10 23:15:16,1,0.012,0.01154292,59.58,BTC-28MAR25-150000-C,80463.53,buy,1.0,1.0,,,,
657,325125851,2024-11-10 23:15:16,1,0.012,0.01154292,59.58,BTC-28MAR25-150000-C,80463.53,buy,1.0,1.0,,,,
658,325151214,2024-11-11 01:50:19,1,0.012,0.01201712,58.7,BTC-28MAR25-150000-C,81446.03,buy,1.0,1.0,,,,
659,325158708,2024-11-11 02:15:26,2,0.0117,0.01198609,58.45,BTC-28MAR25-150000-C,81346.05,buy,0.1,0.1,BTC-CS-28MAR25-100000_150000,,325158706,
660,325248987,2024-11-11 09:49:47,2,0.0115,0.0114711,57.99,BTC-28MAR25-150000-C,81714.53,buy,1.0,1.0,,,,
661,325263202,2024-11-11 10:29:19,0,0.0125,0.01193908,58.73,BTC-28MAR25-150000-C,82030.33,buy,1.0,1.0,,,,
662,325272051,2024-11-11 11:11:21,1,0.0125,0.01224008,58.67,BTC-28MAR25-150000-C,82067.69,buy,2.0,2.0,,,,
663,325357631,2024-11-11 16:01:41,0,0.0145,0.01460035,58.53,BTC-28MAR25-150000-C,84397.6,buy,1.0,1.0,,,,
664,325391736,2024-11-11 17:23:19,1,0.0145,0.01499469,58.35,BTC-28MAR25-150000-C,84699.18,sell,1.0,1.0,,,,
665,325396050,2024-11-11 17:41:47,0,0.015,0.01484776,58.66,BTC-28MAR25-150000-C,84886.17,buy,2.4,2.4,,,,
666,325396115,2024-11-11 17:42:09,1,0.015,0.01487601,58.64,BTC-28MAR25-150000-C,84908.03,sell,1.6,1.6,,,,
667,325429187,2024-11-11 19:06:55,0,0.0165,0.01632976,58.79,BTC-28MAR25-150000-C,86173.87,buy,0.1,0.1,,,,
668,325446474,2024-11-11 19:33:49,0,0.0175,0.01691478,59.34,BTC-28MAR25-150000-C,86451.22,buy,1.0,1.0,,,,
669,325446475,2024-11-11 19:33:49,1,0.0175,0.01691478,59.34,BTC-28MAR25-150000-C,86451.22,buy,0.7,0.7,,,,
670,325446476,2024-11-11 19:33:49,1,0.0175,0.01691478,59.34,BTC-28MAR25-150000-C,86451.22,sell,5.3,5.3,,,,
671,325492066,2024-11-11 21:02:19,0,0.019,0.01884074,60.22,BTC-28MAR25-150000-C,86936.77,buy,5.0,5.0,,,,
672,325526655,2024-11-11 22:17:43,0,0.0205,0.02006066,61.61,BTC-28MAR25-150000-C,86756.5,sell,0.1,0.1,,,,
673,325526656,2024-11-11 22:17:43,1,0.0205,0.02006066,61.61,BTC-28MAR25-150000-C,86756.5,sell,6.0,6.0,,,,
674,325535147,2024-11-11 22:37:39,2,0.02,0.02023011,60.8,BTC-28MAR25-150000-C,87179.66,buy,0.3,0.3,,,,
675,325535148,2024-11-11 22:37:39,3,0.02,0.02023011,60.8,BTC-28MAR25-150000-C,87179.66,buy,1.0,1.0,,,,
676,325539175,2024-11-11 22:50:41,3,0.02,0.02019303,60.49,BTC-28MAR25-150000-C,87467.99,buy,2.3,2.3,,,,
677,325539482,2024-11-11 22:51:16,3,0.02,0.02022672,60.46,BTC-28MAR25-150000-C,87501.3,buy,0.7,0.7,,,,
678,325560825,2024-11-11 23:15:22,0,0.0225,0.02235969,60.71,BTC-28MAR25-150000-C,89182.62,sell,0.3,0.3,,,,
679,325563561,2024-11-11 23:19:24,0,0.0244,0.02254991,61.94,BTC-28MAR25-150000-C,89370.04,buy,170.0,170.0,,167214,,
680,325563570,2024-11-11 23:19:26,2,0.0235,0.02251148,61.31,BTC-28MAR25-150000-C,89359.83,buy,6.0,6.0,,,,
681,325563571,2024-11-11 23:19:26,3,0.0235,0.02251148,61.31,BTC-28MAR25-150000-C,89359.83,buy,6.0,6.0,,,,
682,325563572,2024-11-11 23:19:26,3,0.0235,0.02251148,61.31,BTC-28MAR25-150000-C,89359.83,buy,5.4,5.4,,,,
683,325563573,2024-11-11 23:19:26,3,0.0235,0.02251148,61.31,BTC-28MAR25-150000-C,89359.83,buy,3.2,3.2,,,,
684,325563574,2024-11-11 23:19:26,3,0.0235,0.02251148,61.31,BTC-28MAR25-150000-C,89359.83,buy,5.0,5.0,,,,
685,325569767,2024-11-11 23:29:38,3,0.0235,0.02342811,61.67,BTC-28MAR25-150000-C,88993.89,sell,1.0,1.0,,,,
686,325585833,2024-11-11 23:58:02,0,0.0255,0.02548212,63.39,BTC-28MAR25-150000-C,88643.01,sell,3.0,3.0,,,,
687,325586322,2024-11-11 23:59:06,1,0.0255,0.0255925,63.27,BTC-28MAR25-150000-C,88758.59,buy,0.1,0.1,,,,
688,325592978,2024-11-12 00:09:34,2,0.025,0.02504158,63.34,BTC-28MAR25-150000-C,88336.55,sell,1.0,1.0,,,,
689,325600106,2024-11-12 00:21:06,2,0.024,0.02363086,63.83,BTC-28MAR25-150000-C,87076.98,buy,0.7,0.7,,,,
690,325617567,2024-11-12 00:56:58,0,0.0255,0.0254073,63.34,BTC-28MAR25-150000-C,88654.82,sell,5.8,5.8,,,,
691,325617568,2024-11-12 00:56:58,1,0.0255,0.0254073,63.34,BTC-28MAR25-150000-C,88654.82,sell,0.1,0.1,,,,
692,325624215,2024-11-12 01:07:54,0,0.0265,0.02608684,63.48,BTC-28MAR25-150000-C,89218.41,buy,0.5,0.5,,,,
693,325627303,2024-11-12 01:15:00,2,0.0255,0.02607109,62.61,BTC-28MAR25-150000-C,89358.0,sell,4.1,4.1,,,,
694,325648400,2024-11-12 02:33:42,2,0.0235,0.02332301,62.68,BTC-28MAR25-150000-C,87937.39,sell,1.0,1.0,,,,
695,325662319,2024-11-12 03:27:05,3,0.0235,0.02346609,62.61,BTC-28MAR25-150000-C,87897.22,buy,0.1,0.1,,,,
696,325662320,2024-11-12 03:27:05,3,0.0235,0.02346609,62.61,BTC-28MAR25-150000-C,87897.22,sell,0.9,0.9,,,,
697,325668303,2024-11-12 03:55:05,2,0.023,0.02293471,62.06,BTC-28MAR25-150000-C,88044.78,buy,1.6,1.6,,,,
698,325693894,2024-11-12 05:27:18,3,0.023,0.02316832,61.55,BTC-28MAR25-150000-C,88535.95,buy,0.1,0.1,,,,
699,325694188,2024-11-12 05:28:31,3,0.023,0.02316081,61.56,BTC-28MAR25-150000-C,88536.8,buy,0.1,0.1,,,,
700,325698355,2024-11-12 05:55:48,2,0.0225,0.02307495,61.27,BTC-28MAR25-150000-C,88480.54,sell,0.2,0.2,,,,
701,325699099,2024-11-12 06:00:32,2,0.022,0.02222572,61.0,BTC-28MAR25-150000-C,88361.68,buy,1.0,1.0,,,,
702,325702275,2024-11-12 06:18:53,2,0.021,0.02177535,60.26,BTC-28MAR25-150000-C,88309.86,sell,0.5,0.5,,,,
703,325704024,2024-11-12 06:31:00,0,0.022,0.02215322,60.74,BTC-28MAR25-150000-C,88600.52,buy,1.0,1.0,,,,
704,325708715,2024-11-12 06:42:47,0,0.023,0.02306212,60.71,BTC-28MAR25-150000-C,89384.59,buy,1.0,1.0,,,,
705,325709375,2024-11-12 06:45:05,0,0.0235,0.02326501,60.94,BTC-28MAR25-150000-C,89504.53,buy,0.1,0.1,,,,
706,325709376,2024-11-12 06:45:05,1,0.0235,0.02326501,60.94,BTC-28MAR25-150000-C,89504.53,buy,1.0,1.0,,,,
707,325711927,2024-11-12 06:47:51,1,0.0235,0.02364895,60.62,BTC-28MAR25-150000-C,89824.14,buy,1.0,1.0,,,,
708,325714168,2024-11-12 06:51:19,1,0.0235,0.02369106,60.59,BTC-28MAR25-150000-C,89856.84,buy,1.0,1.0,,,,
709,325718080,2024-11-12 06:59:03,2,0.023,0.0232264,60.46,BTC-28MAR25-150000-C,89597.88,sell,1.0,1.0,,,,
710,325731666,2024-11-12 07:27:41,0,0.024,0.02366367,61.14,BTC-28MAR25-150000-C,89598.1,buy,0.1,0.1,,,,
711,325731667,2024-11-12 07:27:41,1,0.024,0.02366367,61.14,BTC-28MAR25-150000-C,89598.1,sell,4.0,4.0,,,,
712,325749590,2024-11-12 08:39:03,2,0.0235,0.02352816,61.33,BTC-28MAR25-150000-C,89036.03,buy,0.1,0.1,,,,
713,325749591,2024-11-12 08:39:03,3,0.0235,0.02352816,61.33,BTC-28MAR25-150000-C,89036.03,sell,5.9,5.9,,,,
714,325749592,2024-11-12 08:39:03,3,0.0235,0.02352816,61.33,BTC-28MAR25-150000-C,89036.03,sell,0.1,0.1,,,,
715,325749611,2024-11-12 08:39:08,3,0.0235,0.0235089,61.34,BTC-28MAR25-150000-C,89028.28,sell,1.9,1.9,,,,
716,325754771,2024-11-12 09:01:11,0,0.024,0.0240505,61.25,BTC-28MAR25-150000-C,89409.78,buy,5.0,5.0,,,,
717,325780737,2024-11-12 10:06:28,2,0.0215,0.02128022,61.69,BTC-28MAR25-150000-C,87299.65,sell,5.0,5.0,,,,
718,325823412,2024-11-12 10:56:06,2,0.0205,0.0211335,61.2,BTC-28MAR25-150000-C,86873.02,sell,0.1,0.1,,,,
719,325823620,2024-11-12 10:56:22,3,0.0205,0.02104193,61.17,BTC-28MAR25-150000-C,86914.3,sell,2.9,2.9,,,,
720,325824021,2024-11-12 10:57:03,3,0.0205,0.02101725,61.2,BTC-28MAR25-150000-C,86904.22,sell,6.2,6.2,,,,
721,325825621,2024-11-12 10:59:37,3,0.0205,0.02079853,61.31,BTC-28MAR25-150000-C,86811.39,sell,0.8,0.8,,,,
722,325826275,2024-11-12 11:00:47,0,0.021,0.02056822,61.84,BTC-28MAR25-150000-C,86683.59,buy,6.2,6.2,,,,
723,325826276,2024-11-12 11:00:47,1,0.021,0.02056822,61.84,BTC-28MAR25-150000-C,86683.59,buy,3.8,3.8,,,,
724,325831168,2024-11-12 11:09:47,1,0.021,0.0210117,61.45,BTC-28MAR25-150000-C,87058.21,sell,0.1,0.1,,,,
725,325845754,2024-11-12 11:37:41,0,0.0225,0.02234019,61.77,BTC-28MAR25-150000-C,87817.65,buy,5.0,5.0,,,,
726,325939229,2024-11-12 14:41:00,2,0.0205,0.02063916,61.95,BTC-28MAR25-150000-C,86253.26,buy,5.0,5.0,,,,
727,325942250,2024-11-12 14:46:40,0,0.021,0.02105856,62.25,BTC-28MAR25-150000-C,86355.65,sell,3.0,3.0,,,,
728,326148051,2024-11-13 00:49:02,0,0.0215,0.02199826,61.28,BTC-28MAR25-150000-C,88382.58,sell,3.0,3.0,,,,
729,326311690,2024-11-13 13:59:44,0,0.023,0.02184567,61.46,BTC-28MAR25-150000-C,89381.84,buy,0.7,0.7,,,,
730,326311691,2024-11-13 13:59:44,1,0.023,0.02184567,61.46,BTC-28MAR25-150000-C,89381.84,buy,14.4,14.4,,,,
731,326311692,2024-11-13 13:59:44,1,0.023,0.02184567,61.46,BTC-28MAR25-150000-C,89381.84,buy,3.1,3.1,,,,
732,326311693,2024-11-13 13:59:44,1,0.023,0.02184567,61.46,BTC-28MAR25-150000-C,89381.84,buy,4.3,4.3,,,,
733,326311694,2024-11-13 13:59:44,1,0.023,0.02184567,61.46,BTC-28MAR25-150000-C,89381.84,buy,3.9,3.9,,,,
734,326311695,2024-11-13 13:59:44,1,0.023,0.02184567,61.46,BTC-28MAR25-150000-C,89381.84,buy,3.9,3.9,,,,
735,326356075,2024-11-13 14:53:46,0,0.029,0.02896467,63.08,BTC-28MAR25-150000-C,91858.85,buy,0.1,0.1,,,,
736,326383757,2024-11-13 15:31:24,2,0.0285,0.02864149,62.79,BTC-28MAR25-150000-C,91920.02,buy,0.1,0.1,,,,
737,326385990,2024-11-13 15:35:30,0,0.029,0.02819122,63.51,BTC-28MAR25-150000-C,91514.02,buy,0.1,0.1,,,,
738,326394358,2024-11-13 15:46:41,0,0.03,0.02974309,63.28,BTC-28MAR25-150000-C,92423.69,sell,6.0,6.0,,,,
739,326394363,2024-11-13 15:46:41,1,0.03,0.02974309,63.28,BTC-28MAR25-150000-C,92423.69,sell,4.0,4.0,,,,
740,326397217,2024-11-13 15:48:48,0,0.0305,0.03033788,63.27,BTC-28MAR25-150000-C,92753.56,buy,0.1,0.1,,,,
741,326397218,2024-11-13 15:48:48,1,0.0305,0.03033788,63.27,BTC-28MAR25-150000-C,92753.56,buy,0.4,0.4,,,,
742,326408039,2024-11-13 16:05:29,2,0.03,0.02998293,63.14,BTC-28MAR25-150000-C,92482.15,buy,0.1,0.1,,,,
743,326408739,2024-11-13 16:06:56,3,0.03,0.03032777,62.88,BTC-28MAR25-150000-C,92732.95,buy,1.9,1.9,,,,
744,326410081,2024-11-13 16:09:29,0,0.031,0.0305064,63.41,BTC-28MAR25-150000-C,92835.71,sell,0.2,0.2,,,,
745,326417471,2024-11-13 16:15:29,0,0.0315,0.0316762,63.03,BTC-28MAR25-150000-C,93467.75,buy,1.0,1.0,,,,
746,326424649,2024-11-13 16:20:01,1,0.0315,0.03160823,63.12,BTC-28MAR25-150000-C,93226.36,buy,2.0,2.0,,,,
747,326445329,2024-11-13 16:44:31,2,0.029,0.0295671,62.8,BTC-28MAR25-150000-C,91946.24,sell,0.1,0.1,,,,
748,326509996,2024-11-13 19:21:37,2,0.0255,0.02565947,61.88,BTC-28MAR25-150000-C,90822.0,buy,2.0,2.0,,,,
749,326593591,2024-11-13 22:00:49,2,0.0235,0.02339938,62.79,BTC-28MAR25-150000-C,88581.28,sell,4.0,4.0,,,,
750,326596494,2024-11-13 22:07:59,0,0.024,0.02412566,62.45,BTC-28MAR25-150000-C,89261.47,buy,0.7,0.7,,,,
751,326648674,2024-11-14 03:15:47,2,0.0225,0.02222606,60.85,BTC-28MAR25-150000-C,89780.28,sell,0.1,0.1,,,,
752,326662067,2024-11-14 05:03:30,3,0.0225,0.02198587,60.52,BTC-28MAR25-150000-C,90100.34,buy,2.0,2.0,,,,
753,326668475,2024-11-14 06:13:35,0,0.0235,0.02309728,61.13,BTC-28MAR25-150000-C,90214.26,buy,1.0,1.0,,,,
754,326684487,2024-11-14 07:50:13,2,0.023,0.0229839,60.58,BTC-28MAR25-150000-C,90418.27,buy,2.0,2.0,,,,
755,326721867,2024-11-14 10:01:53,0,0.025,0.02489798,61.34,BTC-28MAR25-150000-C,91049.58,buy,1.1,1.1,,,,
756,326748154,2024-11-14 11:50:37,1,0.025,0.02514587,61.01,BTC-28MAR25-150000-C,91429.39,buy,1.0,1.0,,,,
757,326757019,2024-11-14 12:26:20,0,0.0255,0.02530342,61.27,BTC-28MAR25-150000-C,91470.56,buy,1.0,1.0,,,,
758,326757020,2024-11-14 12:26:20,1,0.0255,0.02530342,61.27,BTC-28MAR25-150000-C,91470.56,sell,4.0,4.0,,,,
759,326760950,2024-11-14 12:48:22,0,0.026,0.02546522,61.88,BTC-28MAR25-150000-C,91213.64,buy,0.3,0.3,,,,
760,326779977,2024-11-14 14:27:57,1,0.026,0.02592314,61.85,BTC-28MAR25-150000-C,91215.44,buy,1.0,1.0,,,,
761,326791270,2024-11-14 14:41:11,2,0.0255,0.02468118,62.52,BTC-28MAR25-150000-C,90248.61,buy,0.1,0.1,,,,
762,326791843,2024-11-14 14:41:45,3,0.0255,0.02448425,62.68,BTC-28MAR25-150000-C,90091.48,buy,0.1,0.1,,,,
763,326893331,2024-11-14 20:04:25,2,0.022,0.02224275,61.33,BTC-28MAR25-150000-C,89095.81,sell,0.1,0.1,,,,
764,326898813,2024-11-14 20:11:35,2,0.0209,0.02112046,61.42,BTC-28MAR25-150000-C,88125.35,sell,150.0,150.0,BTC-CS-28MAR25-120000_150000,168148,,
765,326899332,2024-11-14 20:12:04,0,0.021,0.02126834,61.41,BTC-28MAR25-150000-C,88218.28,sell,150.0,150.0,BTC-CS-28MAR25-120000_150000,168149,,
766,326899951,2024-11-14 20:12:45,0,0.0211,0.02145817,61.34,BTC-28MAR25-150000-C,88362.09,sell,150.0,150.0,BTC-CS-28MAR25-120000_150000,168150,,
767,326900407,2024-11-14 20:13:26,2,0.0203,0.0214731,60.65,BTC-28MAR25-150000-C,88428.84,sell,150.0,150.0,BTC-CS-28MAR25-120000_150000,168151,,
768,326946171,2024-11-14 22:18:16,0,0.021,0.02067596,61.68,BTC-28MAR25-150000-C,87975.21,buy,1.0,1.0,,,,
769,326946181,2024-11-14 22:18:18,1,0.021,0.02071607,61.66,BTC-28MAR25-150000-C,87989.18,sell,2.9,2.9,,,,
770,326976573,2024-11-15 00:10:57,1,0.021,0.021298,61.65,BTC-28MAR25-150000-C,88035.7,buy,0.1,0.1,,,,
771,326990275,2024-11-15 01:24:59,2,0.0205,0.02089417,61.51,BTC-28MAR25-150000-C,87767.66,sell,3.2,3.2,,,,
772,326990276,2024-11-15 01:24:59,3,0.0205,0.02089417,61.51,BTC-28MAR25-150000-C,87767.66,buy,2.8,2.8,,,,
773,326990778,2024-11-15 01:27:45,2,0.02,0.02050798,61.4,BTC-28MAR25-150000-C,87481.49,sell,8.7,8.7,,,,
774,326990779,2024-11-15 01:27:45,3,0.02,0.02050798,61.4,BTC-28MAR25-150000-C,87481.49,sell,1.3,1.3,,,,
775,326999630,2024-11-15 02:22:21,0,0.021,0.02060244,61.92,BTC-28MAR25-150000-C,87774.56,sell,3.0,3.0,,,,
776,327027623,2024-11-15 05:01:17,2,0.0205,0.02042867,61.8,BTC-28MAR25-150000-C,87530.68,buy,1.0,1.0,,,,
777,327028298,2024-11-15 05:03:40,0,0.021,0.0205808,62.16,BTC-28MAR25-150000-C,87573.4,sell,2.0,2.0,,,,
778,327028712,2024-11-15 05:05:33,1,0.021,0.02066898,62.13,BTC-28MAR25-150000-C,87598.92,sell,7.0,7.0,,,,
779,327028901,2024-11-15 05:05:58,1,0.021,0.02053487,62.24,BTC-28MAR25-150000-C,87499.08,sell,1.1,1.1,,,,
780,327028920,2024-11-15 05:06:08,1,0.021,0.02052754,62.26,BTC-28MAR25-150000-C,87480.26,sell,1.1,1.1,,,,
781,327028977,2024-11-15 05:06:11,1,0.021,0.02053303,62.27,BTC-28MAR25-150000-C,87463.81,sell,0.8,0.8,,,,
782,327037757,2024-11-15 05:50:36,0,0.0215,0.02110297,62.38,BTC-28MAR25-150000-C,87758.72,buy,0.1,0.1,,,,
783,327037803,2024-11-15 05:50:50,1,0.0215,0.0211296,62.36,BTC-28MAR25-150000-C,87785.79,buy,2.9,2.9,,,,
784,327037804,2024-11-15 05:50:50,1,0.0215,0.0211296,62.36,BTC-28MAR25-150000-C,87785.79,buy,0.1,0.1,,,,
785,327037805,2024-11-15 05:50:50,1,0.0215,0.0211296,62.36,BTC-28MAR25-150000-C,87785.79,buy,1.9,1.9,,,,
786,327080592,2024-11-15 08:32:21,2,0.0205,0.02064617,61.54,BTC-28MAR25-150000-C,87845.39,buy,1.0,1.0,,,,
787,327086805,2024-11-15 09:05:56,0,0.021,0.0208737,61.63,BTC-28MAR25-150000-C,88166.76,buy,0.5,0.5,,,,
788,327086806,2024-11-15 09:05:56,1,0.021,0.0208737,61.63,BTC-28MAR25-150000-C,88166.76,buy,0.1,0.1,,,,
789,327109968,2024-11-15 10:11:18,0,0.022,0.02225603,61.52,BTC-28MAR25-150000-C,88998.63,buy,1.0,1.0,,,,
790,327166107,2024-11-15 13:24:28,0,0.024,0.02435295,62.31,BTC-28MAR25-150000-C,89651.16,sell,2.0,2.0,,,,
791,327173552,2024-11-15 13:51:27,0,0.0245,0.02476523,62.0,BTC-28MAR25-150000-C,90347.47,buy,1.0,1.0,,,,
792,327192051,2024-11-15 14:46:44,2,0.023,0.02322143,61.92,BTC-28MAR25-150000-C,89388.14,buy,2.0,2.0,,,,
793,327214696,2024-11-15 15:28:32,2,0.022,0.02151082,62.42,BTC-28MAR25-150000-C,88170.24,buy,5.0,5.0,,,,
794,327214697,2024-11-15 15:28:32,3,0.022,0.02151082,62.42,BTC-28MAR25-150000-C,88170.24,buy,2.0,2.0,,,,
795,327225213,2024-11-15 15:57:46,3,0.022,0.02158798,62.29,BTC-28MAR25-150000-C,88259.68,buy,3.0,3.0,,,,
796,327266743,2024-11-15 19:42:35,0,0.0225,0.02288241,60.65,BTC-28MAR25-150000-C,90427.48,buy,1.0,1.0,,,,
797,327336881,2024-11-16 03:11:24,0,0.024,0.02358379,60.77,BTC-28MAR25-150000-C,91504.74,buy,1.5,1.5,,,,
798,327346822,2024-11-16 05:30:42,0,0.0245,0.02423255,60.96,BTC-28MAR25-150000-C,91647.55,buy,2.0,2.0,,,,
799,327377877,2024-11-16 11:38:40,0,0.0255,0.0256718,62.22,BTC-28MAR25-150000-C,91101.84,buy,5.0,5.0,,,,
800,327378373,2024-11-16 11:43:44,1,0.0255,0.02562087,62.29,BTC-28MAR25-150000-C,91044.56,buy,8.2,8.2,,,,
801,327378374,2024-11-16 11:43:44,1,0.0255,0.02562087,62.29,BTC-28MAR25-150000-C,91044.56,buy,0.1,0.1,,,,
802,327378375,2024-11-16 11:43:44,1,0.0255,0.02562087,62.29,BTC-28MAR25-150000-C,91044.56,buy,3.6,3.6,,,,
803,327378384,2024-11-16 11:43:45,1,0.0255,0.02562087,62.29,BTC-28MAR25-150000-C,91044.56,buy,3.1,3.1,,,,
804,327379755,2024-11-16 11:53:46,0,0.026,0.02594065,62.56,BTC-28MAR25-150000-C,91141.52,buy,0.1,0.1,,,,
805,327379756,2024-11-16 11:53:46,1,0.026,0.02594065,62.56,BTC-28MAR25-150000-C,91141.52,buy,8.2,8.2,,,,
806,327380250,2024-11-16 11:58:00,2,0.0255,0.02578266,62.2,BTC-28MAR25-150000-C,91147.01,buy,8.2,8.2,,,,
807,327380251,2024-11-16 11:58:00,3,0.0255,0.02578266,62.2,BTC-28MAR25-150000-C,91147.01,buy,1.6,1.6,,,,
808,327380252,2024-11-16 11:58:00,3,0.0255,0.02578266,62.2,BTC-28MAR25-150000-C,91147.01,buy,0.1,0.1,,,,
809,327380368,2024-11-16 11:59:00,3,0.0255,0.02576513,62.18,BTC-28MAR25-150000-C,91170.25,buy,1.8,1.8,,,,
810,327380715,2024-11-16 12:01:52,3,0.0255,0.02578184,62.14,BTC-28MAR25-150000-C,91220.03,buy,8.2,8.2,,,,
811,327380716,2024-11-16 12:01:52,3,0.0255,0.02578184,62.14,BTC-28MAR25-150000-C,91220.03,buy,0.1,0.1,,,,
812,327381109,2024-11-16 12:03:32,3,0.0255,0.02561273,62.21,BTC-28MAR25-150000-C,91155.65,buy,1.7,1.7,,,,
813,327475850,2024-11-17 02:20:21,2,0.023,0.02326464,61.95,BTC-28MAR25-150000-C,89816.95,buy,1.5,1.5,,,,
814,327494003,2024-11-17 05:05:23,0,0.0235,0.02361086,61.35,BTC-28MAR25-150000-C,90750.07,buy,1.0,1.0,,,,
815,327497814,2024-11-17 05:52:56,0,0.024,0.02383127,61.93,BTC-28MAR25-150000-C,90527.42,buy,1.0,1.0,,,,
816,327497815,2024-11-17 05:52:57,1,0.024,0.02383051,61.93,BTC-28MAR25-150000-C,90526.88,sell,0.1,0.1,,,,
817,327497827,2024-11-17 05:53:13,1,0.024,0.0238498,61.91,BTC-28MAR25-150000-C,90542.93,sell,0.1,0.1,,,,
818,327512376,2024-11-17 08:53:21,0,0.0245,0.02423185,61.86,BTC-28MAR25-150000-C,90926.31,buy,0.1,0.1,,,,
819,327512377,2024-11-17 08:53:21,1,0.0245,0.02423185,61.86,BTC-28MAR25-150000-C,90926.31,buy,8.4,8.4,,,,
820,327512378,2024-11-17 08:53:21,1,0.0245,0.02423185,61.86,BTC-28MAR25-150000-C,90926.31,buy,0.1,0.1,,,,
821,327512379,2024-11-17 08:53:21,1,0.0245,0.02423185,61.86,BTC-28MAR25-150000-C,90926.31,sell,4.0,4.0,,,,
822,327512380,2024-11-17 08:53:21,1,0.0245,0.02423185,61.86,BTC-28MAR25-150000-C,90926.31,sell,2.4,2.4,,,,
823,327512798,2024-11-17 08:55:00,1,0.0245,0.02437007,61.76,BTC-28MAR25-150000-C,91032.46,sell,0.1,0.1,,,,
824,327513157,2024-11-17 08:58:10,0,0.025,0.02441051,62.12,BTC-28MAR25-150000-C,91031.55,sell,8.8,8.8,,,,
825,327513185,2024-11-17 08:58:54,1,0.025,0.02443787,62.12,BTC-28MAR25-150000-C,91027.91,sell,7.8,7.8,,,,
826,327513190,2024-11-17 08:58:59,1,0.025,0.02446158,62.12,BTC-28MAR25-150000-C,91028.09,sell,2.3,2.3,,,,
827,327513267,2024-11-17 08:59:36,1,0.025,0.02447945,62.17,BTC-28MAR25-150000-C,90978.64,sell,6.3,6.3,,,,
828,327513274,2024-11-17 08:59:36,1,0.025,0.02447945,62.17,BTC-28MAR25-150000-C,90978.64,sell,0.1,0.1,,,,
829,327513961,2024-11-17 09:02:51,0,0.0255,0.0250183,62.32,BTC-28MAR25-150000-C,91163.38,sell,3.5,3.5,,,,
830,327515408,2024-11-17 09:07:58,1,0.0255,0.02526823,62.15,BTC-28MAR25-150000-C,91340.11,sell,0.9,0.9,,,,
831,327521976,2024-11-17 10:10:22,2,0.025,0.02452213,61.92,BTC-28MAR25-150000-C,91174.5,buy,0.1,0.1,,,,
832,327533577,2024-11-17 12:07:30,3,0.025,0.02507475,62.22,BTC-28MAR25-150000-C,90884.34,buy,0.9,0.9,,,,
833,327539635,2024-11-17 13:22:16,0,0.0255,0.02551647,62.68,BTC-28MAR25-150000-C,90758.86,buy,1.0,1.0,,,,
834,327564790,2024-11-17 15:23:29,1,0.0255,0.02535212,63.02,BTC-28MAR25-150000-C,90396.33,buy,1.0,1.0,,,,
835,327565115,2024-11-17 15:29:35,1,0.0255,0.02557379,63.04,BTC-28MAR25-150000-C,90364.75,sell,0.3,0.3,,,,
836,327565116,2024-11-17 15:29:35,1,0.0255,0.02557379,63.04,BTC-28MAR25-150000-C,90364.75,buy,0.7,0.7,,,,
837,327575304,2024-11-17 18:17:32,0,0.0265,0.02618785,63.88,BTC-28MAR25-150000-C,90220.85,buy,0.1,0.1,,,,
838,327578260,2024-11-17 18:42:16,2,0.0255,0.02586044,63.48,BTC-28MAR25-150000-C,90019.42,sell,0.3,0.3,,,,
839,327578301,2024-11-17 18:42:49,3,0.0255,0.02591556,63.45,BTC-28MAR25-150000-C,90047.26,sell,0.3,0.3,,,,
840,327578327,2024-11-17 18:42:58,3,0.0255,0.02594212,63.43,BTC-28MAR25-150000-C,90070.08,sell,0.3,0.3,,,,
841,327578328,2024-11-17 18:42:58,3,0.0255,0.02594212,63.43,BTC-28MAR25-150000-C,90070.08,buy,0.1,0.1,,,,
842,327578329,2024-11-17 18:43:01,3,0.0255,0.02595419,63.41,BTC-28MAR25-150000-C,90083.66,buy,0.1,0.1,,,,
843,327578331,2024-11-17 18:43:04,3,0.0255,0.02595245,63.4,BTC-28MAR25-150000-C,90093.75,buy,0.1,0.1,,,,
844,327578332,2024-11-17 18:43:07,3,0.0255,0.02596101,63.4,BTC-28MAR25-150000-C,90095.41,buy,0.1,0.1,,,,
845,327578334,2024-11-17 18:43:10,3,0.0255,0.02594257,63.42,BTC-28MAR25-150000-C,90074.96,buy,0.1,0.1,,,,
846,327578340,2024-11-17 18:43:13,3,0.0255,0.02587834,63.41,BTC-28MAR25-150000-C,90086.16,buy,0.1,0.1,,,,
847,327613219,2024-11-18 00:06:32,2,0.0235,0.02344132,62.25,BTC-28MAR25-150000-C,89914.8,buy,1.4,1.4,,,,
848,327618148,2024-11-18 01:12:05,0,0.024,0.02395555,62.4,BTC-28MAR25-150000-C,90144.71,buy,1.0,1.0,,,,
849,327637542,2024-11-18 04:14:36,0,0.025,0.02511498,62.75,BTC-28MAR25-150000-C,90541.11,buy,1.4,1.4,,,,
850,327650413,2024-11-18 06:42:44,0,0.026,0.02598972,62.66,BTC-28MAR25-150000-C,91236.24,buy,2.0,2.0,,,,
851,327654051,2024-11-18 06:55:18,0,0.027,0.02640805,63.26,BTC-28MAR25-150000-C,91347.52,buy,7.0,7.0,,,,
852,327654052,2024-11-18 06:55:18,1,0.027,0.02640805,63.26,BTC-28MAR25-150000-C,91347.52,buy,4.0,4.0,,,,
853,327654053,2024-11-18 06:55:18,1,0.027,0.02640805,63.26,BTC-28MAR25-150000-C,91347.52,sell,1.0,1.0,,,,
854,327654054,2024-11-18 06:55:18,1,0.027,0.02640805,63.26,BTC-28MAR25-150000-C,91347.52,sell,5.4,5.4,,,,
855,327655319,2024-11-18 06:56:39,1,0.027,0.02688785,62.99,BTC-28MAR25-150000-C,91594.66,sell,5.0,5.0,,,,
856,327666160,2024-11-18 07:28:42,1,0.027,0.0271122,62.93,BTC-28MAR25-150000-C,91579.24,sell,0.6,0.6,,,,
857,327678897,2024-11-18 08:34:58,2,0.0265,0.02643033,62.52,BTC-28MAR25-150000-C,91706.68,buy,0.1,0.1,,,,
858,327679300,2024-11-18 08:36:45,2,0.026,0.02634399,62.22,BTC-28MAR25-150000-C,91658.78,sell,5.0,5.0,,,,
859,327679301,2024-11-18 08:36:45,3,0.026,0.02634399,62.22,BTC-28MAR25-150000-C,91658.78,buy,1.9,1.9,,,,
860,327681546,2024-11-18 08:54:36,0,0.027,0.02674184,62.68,BTC-28MAR25-150000-C,91914.72,sell,14.5,14.5,,,,
861,327683329,2024-11-18 09:06:54,0,0.0275,0.02687244,63.17,BTC-28MAR25-150000-C,91788.55,sell,8.1,8.1,,,,
862,327683330,2024-11-18 09:06:54,1,0.0275,0.02687244,63.17,BTC-28MAR25-150000-C,91788.55,sell,0.1,0.1,,,,
863,327683331,2024-11-18 09:06:55,1,0.0275,0.02687244,63.17,BTC-28MAR25-150000-C,91788.55,sell,0.9,0.9,,,,
864,327683332,2024-11-18 09:06:55,1,0.0275,0.02687244,63.17,BTC-28MAR25-150000-C,91788.55,sell,0.2,0.2,,,,
865,327683345,2024-11-18 09:06:55,1,0.0275,0.02687313,63.17,BTC-28MAR25-150000-C,91788.56,sell,0.2,0.2,,,,
866,327683353,2024-11-18 09:07:09,1,0.0275,0.02692089,63.15,BTC-28MAR25-150000-C,91805.91,sell,0.9,0.9,,,,
867,327683355,2024-11-18 09:07:14,1,0.0275,0.02692413,63.16,BTC-28MAR25-150000-C,91798.01,sell,0.6,0.6,,,,
868,327683377,2024-11-18 09:07:49,1,0.0275,0.02696011,63.16,BTC-28MAR25-150000-C,91792.99,sell,1.5,1.5,,,,
869,327717081,2024-11-18 12:00:21,2,0.0255,0.02519223,63.52,BTC-28MAR25-150000-C,90257.14,sell,5.0,5.0,,,,
870,327718283,2024-11-18 12:04:38,0,0.026,0.02563032,63.66,BTC-28MAR25-150000-C,90465.23,sell,5.0,5.0,,,,
871,327718427,2024-11-18 12:05:31,1,0.026,0.02565219,63.66,BTC-28MAR25-150000-C,90467.58,sell,5.0,5.0,,,,
872,327723459,2024-11-18 12:43:36,2,0.025,0.02524032,62.74,BTC-28MAR25-150000-C,90640.86,buy,0.1,0.1,,,,
873,327723541,2024-11-18 12:45:08,0,0.0255,0.0253055,63.05,BTC-28MAR25-150000-C,90687.96,buy,0.1,0.1,,,,
874,327723612,2024-11-18 12:45:33,1,0.0255,0.02534041,63.02,BTC-28MAR25-150000-C,90705.21,buy,0.1,0.1,,,,
875,327723646,2024-11-18 12:46:18,1,0.0255,0.0253465,63.03,BTC-28MAR25-150000-C,90700.83,buy,0.6,0.6,,,,
876,327723649,2024-11-18 12:46:24,1,0.0255,0.02535246,63.03,BTC-28MAR25-150000-C,90699.04,buy,0.3,0.3,,,,
877,327724139,2024-11-18 12:51:59,1,0.0255,0.02553297,63.14,BTC-28MAR25-150000-C,90602.88,sell,0.2,0.2,,,,
878,327736350,2024-11-18 13:32:53,2,0.025,0.0246413,63.63,BTC-28MAR25-150000-C,89811.01,buy,1.0,1.0,,,,
879,327736351,2024-11-18 13:32:53,3,0.025,0.0246413,63.63,BTC-28MAR25-150000-C,89811.01,buy,4.0,4.0,,,,
880,327736671,2024-11-18 13:35:07,3,0.025,0.02470308,63.55,BTC-28MAR25-150000-C,89874.8,buy,0.2,0.2,,,,
881,327736672,2024-11-18 13:35:07,3,0.025,0.02470308,63.55,BTC-28MAR25-150000-C,89874.8,buy,4.8,4.8,,,,
882,327738616,2024-11-18 13:49:17,3,0.025,0.02447062,63.64,BTC-28MAR25-150000-C,89793.35,buy,5.0,5.0,,,,
883,327761298,2024-11-18 15:35:43,3,0.025,0.0252537,62.24,BTC-28MAR25-150000-C,91112.71,buy,0.1,0.1,,,,
884,327802481,2024-11-18 17:21:21,0,0.026,0.02631751,61.86,BTC-28MAR25-150000-C,92136.26,buy,1.6,1.6,,,,
885,327802489,2024-11-18 17:21:21,1,0.026,0.02631751,61.86,BTC-28MAR25-150000-C,92136.26,buy,0.1,0.1,,,,
886,327802493,2024-11-18 17:21:21,1,0.026,0.02635849,61.84,BTC-28MAR25-150000-C,92152.55,buy,0.1,0.1,,,,
887,327803140,2024-11-18 17:22:46,1,0.026,0.02626216,61.9,BTC-28MAR25-150000-C,92103.05,buy,0.2,0.2,,,,
888,327811878,2024-11-18 18:04:40,2,0.025,0.02535132,61.87,BTC-28MAR25-150000-C,91441.77,sell,0.1,0.1,,,,
889,327838131,2024-11-18 20:22:10,2,0.0235,0.02362487,61.23,BTC-28MAR25-150000-C,91116.94,buy,0.1,0.1,,,,
890,327838132,2024-11-18 20:22:10,3,0.0235,0.0236399,61.19,BTC-28MAR25-150000-C,91160.66,buy,0.1,0.1,,,,
891,327838250,2024-11-18 20:22:11,3,0.0235,0.0236399,61.16,BTC-28MAR25-150000-C,91184.91,buy,1.3,1.3,,,,
892,327864927,2024-11-18 22:01:52,0,0.0245,0.02479913,61.57,BTC-28MAR25-150000-C,91412.54,buy,0.9,0.9,,,,
893,327864928,2024-11-18 22:01:52,1,0.0245,0.02479913,61.57,BTC-28MAR25-150000-C,91412.54,buy,0.1,0.1,,,,
894,327866500,2024-11-18 22:14:35,2,0.024,0.02476758,61.32,BTC-28MAR25-150000-C,91259.18,sell,1.0,1.0,,,,
895,327866502,2024-11-18 22:14:43,3,0.024,0.02477197,61.31,BTC-28MAR25-150000-C,91262.46,sell,1.0,1.0,,,,
896,327866505,2024-11-18 22:14:45,3,0.024,0.02477118,61.31,BTC-28MAR25-150000-C,91262.34,sell,1.0,1.0,,,,
897,327866513,2024-11-18 22:15:01,3,0.024,0.02479903,61.29,BTC-28MAR25-150000-C,91284.74,sell,0.2,0.2,,,,
898,327866515,2024-11-18 22:15:10,3,0.024,0.02477561,61.3,BTC-28MAR25-150000-C,91275.84,sell,1.0,1.0,,,,
899,327866541,2024-11-18 22:15:24,3,0.024,0.02479352,61.29,BTC-28MAR25-150000-C,91287.17,sell,1.0,1.0,,,,
900,327866544,2024-11-18 22:15:30,3,0.024,0.02479584,61.29,BTC-28MAR25-150000-C,91290.13,sell,1.0,1.0,,,,
901,327866640,2024-11-18 22:16:47,3,0.024,0.02476392,61.3,BTC-28MAR25-150000-C,91283.66,sell,1.4,1.4,,,,
902,327866936,2024-11-18 22:22:11,3,0.024,0.0247486,61.32,BTC-28MAR25-150000-C,91250.34,sell,0.7,0.7,,,,
903,327866937,2024-11-18 22:22:11,3,0.024,0.0247486,61.32,BTC-28MAR25-150000-C,91250.34,sell,0.1,0.1,,,,
904,327869124,2024-11-18 22:53:44,3,0.024,0.02477739,61.24,BTC-28MAR25-150000-C,91343.99,sell,0.2,0.2,,,,
905,327874707,2024-11-18 23:35:37,2,0.0235,0.02384176,61.69,BTC-28MAR25-150000-C,90569.36,sell,2.0,2.0,,,,
906,327874972,2024-11-18 23:38:55,2,0.023,0.02376627,61.34,BTC-28MAR25-150000-C,90560.75,sell,0.3,0.3,,,,
907,327874973,2024-11-18 23:38:55,3,0.023,0.02376627,61.34,BTC-28MAR25-150000-C,90560.75,sell,3.7,3.7,,,,
908,327875071,2024-11-18 23:40:55,3,0.023,0.02369957,61.37,BTC-28MAR25-150000-C,90529.46,sell,0.4,0.4,,,,
909,327875399,2024-11-18 23:43:18,0,0.0235,0.02396624,61.52,BTC-28MAR25-150000-C,90744.94,sell,3.1,3.1,,,,
910,327875400,2024-11-18 23:43:18,1,0.0235,0.02396624,61.52,BTC-28MAR25-150000-C,90744.94,sell,0.9,0.9,,,,
911,327875483,2024-11-18 23:43:43,2,0.023,0.02391517,61.18,BTC-28MAR25-150000-C,90716.2,sell,1.0,1.0,,,,
912,327875614,2024-11-18 23:44:13,3,0.023,0.02389344,61.19,BTC-28MAR25-150000-C,90712.32,sell,3.2,3.2,,,,
913,327875615,2024-11-18 23:44:13,3,0.023,0.02389344,61.19,BTC-28MAR25-150000-C,90712.32,sell,4.8,4.8,,,,
914,327876452,2024-11-18 23:48:30,3,0.023,0.02356851,61.36,BTC-28MAR25-150000-C,90539.53,sell,8.8,8.8,,,,
915,327876453,2024-11-18 23:48:30,3,0.023,0.02356851,61.36,BTC-28MAR25-150000-C,90539.53,sell,7.0,7.0,,,,
916,327876454,2024-11-18 23:48:30,3,0.023,0.02356851,61.36,BTC-28MAR25-150000-C,90539.53,sell,4.2,4.2,,,,
917,327876799,2024-11-18 23:54:10,0,0.0235,0.02350143,61.75,BTC-28MAR25-150000-C,90515.23,buy,0.2,0.2,,,,
918,327881894,2024-11-19 00:49:46,2,0.023,0.02383415,60.95,BTC-28MAR25-150000-C,90956.02,sell,0.2,0.2,,,,
919,327884211,2024-11-19 01:06:40,0,0.024,0.02395704,61.46,BTC-28MAR25-150000-C,91189.92,buy,0.1,0.1,,,,
920,327884215,2024-11-19 01:06:42,1,0.024,0.02396524,61.41,BTC-28MAR25-150000-C,91233.42,buy,0.2,0.2,,,,
921,327884238,2024-11-19 01:06:53,1,0.024,0.0240323,61.41,BTC-28MAR25-150000-C,91238.94,buy,0.7,0.7,,,,
922,327898635,2024-11-19 03:47:00,0,0.025,0.02529044,61.99,BTC-28MAR25-150000-C,91426.66,buy,0.1,0.1,,,,
923,327899175,2024-11-19 03:56:26,1,0.025,0.02521348,61.93,BTC-28MAR25-150000-C,91476.62,sell,300.0,300.0,,168689,,
924,327907887,2024-11-19 05:13:22,0,0.0255,0.02525476,62.1,BTC-28MAR25-150000-C,91636.89,buy,0.7,0.7,,,,
925,327907910,2024-11-19 05:13:27,1,0.0255,0.0252543,62.1,BTC-28MAR25-150000-C,91631.17,buy,0.1,0.1,,,,
926,327907935,2024-11-19 05:14:11,1,0.0255,0.02527522,62.1,BTC-28MAR25-150000-C,91629.33,buy,0.1,0.1,,,,
927,327907957,2024-11-19 05:14:30,1,0.0255,0.02530917,62.08,BTC-28MAR25-150000-C,91652.81,buy,0.1,0.1,,,,
928,327908314,2024-11-19 05:17:59,2,0.025,0.02529496,61.77,BTC-28MAR25-150000-C,91615.02,sell,6.4,6.4,,,,
929,327908315,2024-11-19 05:17:59,3,0.025,0.02529496,61.77,BTC-28MAR25-150000-C,91615.02,sell,1.6,1.6,,,,
930,327908316,2024-11-19 05:17:59,3,0.025,0.02529496,61.77,BTC-28MAR25-150000-C,91615.02,buy,0.1,0.1,,,,
931,327908317,2024-11-19 05:17:59,3,0.025,0.02529496,61.77,BTC-28MAR25-150000-C,91615.02,buy,4.7,4.7,,,,
932,327909532,2024-11-19 05:27:27,3,0.025,0.02462806,62.1,BTC-28MAR25-150000-C,91323.29,buy,8.2,8.2,,,,
933,327909562,2024-11-19 05:27:45,3,0.025,0.02462028,62.08,BTC-28MAR25-150000-C,91344.81,buy,0.3,0.3,,,,
934,327909564,2024-11-19 05:27:49,3,0.025,0.02462428,62.08,BTC-28MAR25-150000-C,91343.77,buy,0.2,0.2,,,,
935,327909577,2024-11-19 05:27:52,3,0.025,0.02463072,62.07,BTC-28MAR25-150000-C,91354.6,buy,0.1,0.1,,,,
