trade_seq,trade_id,timestamp,tick_direction,price,mark_price,iv,instrument_name,index_price,direction,contracts,amount,block_trade_id,combo_id,liquidation,combo_trade_id
1,265504795,2023-09-28 13:37:22,1,0.0355,0.0369262,71.43,BTC-27SEP24-80000-C,26504.29,buy,,2.0,,,,
2,265629274,2023-09-29 13:55:42,2,0.034,0.03448085,70.2,BTC-27SEP24-80000-C,26910.86,sell,,0.4,,,,
3,265629275,2023-09-29 13:55:42,2,0.0335,0.03448085,69.96,BTC-27SEP24-80000-C,26910.86,sell,,0.6,,,,
4,265641784,2023-09-29 15:31:18,3,0.0335,0.03407202,69.92,BTC-27SEP24-80000-C,26835.55,sell,,0.4,,,,
5,265658462,2023-09-29 20:55:40,2,0.033,0.03348012,69.68,BTC-27SEP24-80000-C,26897.17,sell,,1.5,,,,
6,265658463,2023-09-29 20:55:40,3,0.033,0.03348012,69.68,BTC-27SEP24-80000-C,26897.17,sell,,1.2,,,,
7,265690871,2023-10-01 02:24:59,2,0.031,0.03069146,68.55,BTC-27SEP24-80000-C,27047.64,buy,,0.5,,,,
8,265696157,2023-10-01 07:42:58,2,0.027,0.02886557,66.37,BTC-27SEP24-80000-C,27125.09,sell,,0.5,,,,
9,265698536,2023-10-01 08:52:59,0,0.034,0.02959761,69.86,BTC-27SEP24-80000-C,27151.49,buy,,3.0,,,,
10,265698537,2023-10-01 08:52:59,1,0.034,0.02959761,69.86,BTC-27SEP24-80000-C,27151.49,buy,,0.1,,,,
11,265698613,2023-10-01 08:53:59,0,0.0345,0.02991269,70.08,BTC-27SEP24-80000-C,27158.15,buy,,0.3,,,,
12,265698615,2023-10-01 08:54:02,0,0.035,0.03001099,70.33,BTC-27SEP24-80000-C,27155.78,buy,,0.1,,,,
13,265698616,2023-10-01 08:54:02,1,0.035,0.03001099,70.33,BTC-27SEP24-80000-C,27155.78,buy,,0.1,,,,
14,265698620,2023-10-01 08:54:33,0,0.0375,0.03236808,71.48,BTC-27SEP24-80000-C,27159.03,buy,,0.1,,,,
15,265698621,2023-10-01 08:54:34,1,0.0375,0.03241343,71.48,BTC-27SEP24-80000-C,27158.94,buy,,0.1,,,,
16,265698622,2023-10-01 08:54:35,1,0.0375,0.03250135,71.48,BTC-27SEP24-80000-C,27158.89,buy,,0.1,,,,
17,265698623,2023-10-01 08:54:37,1,0.0375,0.0325817,71.48,BTC-27SEP24-80000-C,27158.87,buy,,0.1,,,,
18,265698624,2023-10-01 08:54:39,1,0.0375,0.03261893,71.48,BTC-27SEP24-80000-C,27158.86,buy,,0.1,,,,
19,265698625,2023-10-01 08:54:40,1,0.0375,0.03265541,71.48,BTC-27SEP24-80000-C,27158.86,buy,,0.1,,,,
20,265698635,2023-10-01 08:54:41,1,0.0375,0.03269119,71.48,BTC-27SEP24-80000-C,27158.76,buy,,0.1,,,,
21,265795024,2023-10-02 08:19:14,2,0.036,0.03430686,68.79,BTC-27SEP24-80000-C,28398.76,buy,,12.0,,,,
22,265795025,2023-10-02 08:19:14,3,0.036,0.03430686,68.79,BTC-27SEP24-80000-C,28398.76,buy,,0.1,,,,
23,266016880,2023-10-04 14:55:09,2,0.0335,0.03378692,69.5,BTC-27SEP24-80000-C,27359.86,sell,,0.1,,,,
24,266200761,2023-10-06 18:55:07,2,0.0333,0.03417837,68.76,BTC-27SEP24-80000-C,27895.29,sell,,50.0,99792,BTC-CSR12-27SEP24-33000_80000,,
25,266229429,2023-10-07 09:35:12,2,0.032,0.03447815,68.07,BTC-27SEP24-80000-C,27973.96,sell,,0.1,,,,
26,266489977,2023-10-11 14:18:32,0,0.033,0.03345937,70.62,BTC-27SEP24-80000-C,27114.9,buy,,0.1,,,,
27,266489984,2023-10-11 14:18:55,2,0.0325,0.03345983,70.37,BTC-27SEP24-80000-C,27118.13,buy,,0.1,,,,
28,266584601,2023-10-12 17:09:06,2,0.029,0.03052305,69.66,BTC-27SEP24-80000-C,26588.94,sell,,1.0,,,,
29,266775623,2023-10-16 08:00:22,0,0.0315,0.03310701,69.15,BTC-27SEP24-80000-C,27870.44,sell,,12.0,,,,
30,266811185,2023-10-16 13:27:42,0,0.032,0.03250246,68.31,BTC-27SEP24-80000-C,28491.01,buy,,5.0,,,,
31,266969294,2023-10-16 20:47:32,2,0.031,0.03282478,67.79,BTC-27SEP24-80000-C,28464.25,sell,,1.0,,,,
32,267326266,2023-10-20 05:09:20,0,0.0355,0.03484238,69.01,BTC-27SEP24-80000-C,29302.49,buy,,1.0,,,,
33,267326400,2023-10-20 05:13:03,0,0.036,0.035031,69.23,BTC-27SEP24-80000-C,29308.31,buy,,1.5,,,,
34,267361951,2023-10-20 08:32:22,0,0.038,0.03777794,69.44,BTC-27SEP24-80000-C,29780.21,buy,,0.1,,,,
35,267361952,2023-10-20 08:32:22,1,0.038,0.03777794,69.44,BTC-27SEP24-80000-C,29780.21,buy,,1.6,,,,
36,267368325,2023-10-20 08:57:18,0,0.0385,0.03814889,69.63,BTC-27SEP24-80000-C,29787.59,buy,,0.1,,,,
37,267484999,2023-10-21 11:53:21,1,0.0385,0.0389579,69.73,BTC-27SEP24-80000-C,29815.98,sell,,1.0,,,,
38,267485002,2023-10-21 11:53:53,1,0.0385,0.03897304,69.72,BTC-27SEP24-80000-C,29815.73,sell,,1.0,,,,
39,267485805,2023-10-21 12:30:04,1,0.0385,0.03892169,69.8,BTC-27SEP24-80000-C,29772.15,sell,,1.0,,,,
40,267485935,2023-10-21 12:33:38,1,0.0385,0.03896775,69.76,BTC-27SEP24-80000-C,29801.84,sell,,2.0,,,,
41,267486226,2023-10-21 12:47:17,0,0.039,0.03907261,69.92,BTC-27SEP24-80000-C,29821.02,buy,,0.1,,,,
42,267625723,2023-10-23 03:53:51,0,0.041,0.04236623,69.6,BTC-27SEP24-80000-C,30610.18,sell,,0.1,,,,
43,267811328,2023-10-23 19:43:02,0,0.0455,0.04329349,70.56,BTC-27SEP24-80000-C,31255.09,buy,,4.0,,,,
44,267979611,2023-10-24 00:21:44,0,0.0465,0.0473412,67.78,BTC-27SEP24-80000-C,33196.28,buy,,2.0,,,,
45,267982209,2023-10-24 00:28:47,0,0.0475,0.04859007,67.98,BTC-27SEP24-80000-C,33336.4,buy,,0.1,,,,
46,267998362,2023-10-24 01:06:03,0,0.051,0.05010741,68.82,BTC-27SEP24-80000-C,33655.66,buy,,0.5,,,,
47,268020346,2023-10-24 02:10:37,1,0.051,0.05135949,67.55,BTC-27SEP24-80000-C,34436.15,buy,,1.5,,,,
48,268031868,2023-10-24 02:26:17,0,0.055,0.0548354,68.12,BTC-27SEP24-80000-C,34997.23,buy,,12.6,,,,
49,268420369,2023-10-24 23:15:15,2,0.0445,0.04240953,65.76,BTC-27SEP24-80000-C,34137.66,sell,,0.1,,,,
50,268552043,2023-10-25 13:29:57,0,0.046,0.04568556,65.71,BTC-27SEP24-80000-C,34466.0,buy,,0.2,,,,
51,268637426,2023-10-25 20:15:17,0,0.051,0.05057635,67.01,BTC-27SEP24-80000-C,34831.72,buy,,1.5,,,,
52,269076121,2023-10-28 20:40:09,2,0.05,0.0479235,67.78,BTC-27SEP24-80000-C,34122.28,buy,,0.1,,,,
53,269109296,2023-10-29 16:01:25,0,0.051,0.04949363,67.65,BTC-27SEP24-80000-C,34459.89,buy,,0.1,,,,
54,269121352,2023-10-29 18:13:51,0,0.052,0.05100668,67.63,BTC-27SEP24-80000-C,34698.28,buy,,0.1,,,,
55,269135023,2023-10-29 21:58:08,2,0.0515,0.05061222,67.66,BTC-27SEP24-80000-C,34556.92,buy,,0.1,,,,
56,269138409,2023-10-29 22:20:20,0,0.052,0.05120315,67.79,BTC-27SEP24-80000-C,34614.08,buy,,0.1,,,,
57,269252052,2023-10-31 00:18:51,2,0.05,0.04947959,67.3,BTC-27SEP24-80000-C,34553.68,buy,,0.1,,,,
58,269280007,2023-10-31 09:00:56,2,0.0495,0.04899211,67.3,BTC-27SEP24-80000-C,34401.87,buy,,0.5,,,,
59,269381213,2023-11-01 13:04:50,0,0.054,0.05389048,68.29,BTC-27SEP24-80000-C,34855.45,buy,,0.1,,,,
60,269442827,2023-11-01 18:37:48,0,0.056,0.0548893,69.23,BTC-27SEP24-80000-C,34718.27,buy,,0.1,,,,
61,269485523,2023-11-01 21:29:26,0,0.058,0.05728934,68.91,BTC-27SEP24-80000-C,35345.48,buy,,0.1,,,,
62,269515509,2023-11-02 00:48:31,0,0.06,0.05910991,69.54,BTC-27SEP24-80000-C,35416.05,buy,,0.1,,,,
63,269515510,2023-11-02 00:48:31,1,0.06,0.05910991,69.54,BTC-27SEP24-80000-C,35416.05,buy,,0.1,,,,
64,269518472,2023-11-02 01:22:42,0,0.062,0.06140364,70.1,BTC-27SEP24-80000-C,35522.38,buy,,0.1,,,,
65,269519293,2023-11-02 01:29:42,0,0.0635,0.06226915,70.57,BTC-27SEP24-80000-C,35566.9,buy,,3.9,,,,
66,269530970,2023-11-02 02:46:25,0,0.064,0.06441462,70.29,BTC-27SEP24-80000-C,35807.76,buy,,0.1,,,,
67,269561126,2023-11-02 06:14:39,2,0.0635,0.06352463,71.14,BTC-27SEP24-80000-C,35192.28,sell,,1.0,,,,
68,269567437,2023-11-02 07:09:49,3,0.0635,0.06277841,70.99,BTC-27SEP24-80000-C,35312.07,sell,,1.0,,,,
69,269580166,2023-11-02 08:28:42,3,0.0635,0.06303047,71.21,BTC-27SEP24-80000-C,35231.48,sell,,1.0,,,,
70,269582798,2023-11-02 09:04:50,0,0.0645,0.06331581,71.41,BTC-27SEP24-80000-C,35297.46,buy,,1.9,,,,
71,269583167,2023-11-02 09:08:47,0,0.065,0.06321932,71.6,BTC-27SEP24-80000-C,35305.04,buy,,0.1,,,,
72,269586181,2023-11-02 09:36:58,0,0.0655,0.06426814,71.63,BTC-27SEP24-80000-C,35383.83,buy,,0.2,,,,
73,269586182,2023-11-02 09:36:58,1,0.0655,0.06426814,71.63,BTC-27SEP24-80000-C,35383.83,buy,,4.8,,,,
74,269587560,2023-11-02 09:48:33,0,0.066,0.06483438,71.78,BTC-27SEP24-80000-C,35392.16,buy,,0.1,,,,
75,269588376,2023-11-02 09:57:52,0,0.0665,0.06477928,71.95,BTC-27SEP24-80000-C,35397.99,buy,,1.0,,,,
76,269589455,2023-11-02 10:11:46,1,0.0665,0.06586647,71.91,BTC-27SEP24-80000-C,35429.74,sell,,0.1,,,,
77,269589469,2023-11-02 10:12:11,1,0.0665,0.06588012,71.91,BTC-27SEP24-80000-C,35429.7,sell,,2.9,,,,
78,269590466,2023-11-02 10:23:54,0,0.067,0.06604361,72.01,BTC-27SEP24-80000-C,35464.08,buy,,0.5,,,,
79,269879416,2023-11-04 12:35:06,2,0.0615,0.05944566,71.61,BTC-27SEP24-80000-C,34729.24,buy,,1.5,,,,
80,269922988,2023-11-05 05:25:03,0,0.064,0.06285168,71.72,BTC-27SEP24-80000-C,35194.24,buy,,10.0,,,,
81,270019395,2023-11-06 08:11:55,2,0.059,0.06188507,70.48,BTC-27SEP24-80000-C,34906.9,sell,,0.1,,,,
82,270192188,2023-11-07 20:50:42,0,0.065,0.06501131,71.28,BTC-27SEP24-80000-C,35805.72,buy,,0.1,,,,
83,270193680,2023-11-07 20:53:18,0,0.066,0.06542326,71.48,BTC-27SEP24-80000-C,35891.54,buy,,0.1,,,,
84,270376762,2023-11-09 02:38:30,0,0.068,0.06700574,71.48,BTC-27SEP24-80000-C,36506.0,buy,,0.1,,,,
85,270397766,2023-11-09 04:40:29,0,0.07,0.07014595,71.77,BTC-27SEP24-80000-C,36808.16,buy,,0.1,,,,
86,270397767,2023-11-09 04:40:29,1,0.07,0.07014595,71.77,BTC-27SEP24-80000-C,36808.16,buy,,8.9,,,,
87,270397961,2023-11-09 04:40:54,1,0.07,0.07022877,71.72,BTC-27SEP24-80000-C,36839.96,buy,,1.1,,,,
88,270408326,2023-11-09 05:48:47,1,0.07,0.06910084,72.05,BTC-27SEP24-80000-C,36646.42,buy,,1.0,,,,
89,270512603,2023-11-09 14:51:37,0,0.078,0.07736454,72.86,BTC-27SEP24-80000-C,37813.14,buy,,10.0,,,,
90,270724699,2023-11-10 10:58:05,2,0.069,0.06825981,71.78,BTC-27SEP24-80000-C,36693.56,buy,,0.1,,,,
91,270724984,2023-11-10 10:59:07,0,0.0695,0.06840441,71.9,BTC-27SEP24-80000-C,36730.3,buy,,0.1,,,,
92,270725625,2023-11-10 11:02:17,0,0.07,0.06882098,71.94,BTC-27SEP24-80000-C,36827.1,buy,,0.1,,,,
93,270861781,2023-11-11 14:55:21,2,0.066,0.06594476,69.92,BTC-27SEP24-80000-C,37284.95,buy,,1.0,,,,
94,270952117,2023-11-13 01:17:24,0,0.067,0.06665309,70.1,BTC-27SEP24-80000-C,37430.88,buy,,1.2,,,,
95,270978477,2023-11-13 07:55:40,2,0.065,0.06542691,70.12,BTC-27SEP24-80000-C,36995.38,sell,,0.1,,,,
96,271715598,2023-11-17 07:59:20,2,0.0615,0.06330858,70.59,BTC-27SEP24-80000-C,36245.52,sell,,8.6,,,,
97,271719540,2023-11-17 08:16:45,0,0.063,0.0630171,71.2,BTC-27SEP24-80000-C,36210.63,buy,,2.1,,,,
98,271719541,2023-11-17 08:16:45,1,0.063,0.0630171,71.2,BTC-27SEP24-80000-C,36210.63,buy,,0.4,,,,
99,271720072,2023-11-17 08:19:27,1,0.063,0.06303898,71.1,BTC-27SEP24-80000-C,36274.32,buy,,2.1,,,,
100,271720073,2023-11-17 08:19:27,1,0.063,0.06303898,71.1,BTC-27SEP24-80000-C,36274.32,buy,,0.4,,,,
101,271808237,2023-11-17 20:05:35,2,0.061,0.06259345,70.21,BTC-27SEP24-80000-C,36395.08,sell,,0.2,,,,
102,271808238,2023-11-17 20:05:35,3,0.061,0.06259345,70.21,BTC-27SEP24-80000-C,36395.08,sell,,0.2,,,,
103,271837698,2023-11-18 08:14:36,3,0.061,0.06202814,70.3,BTC-27SEP24-80000-C,36423.7,buy,,0.1,,,,
104,271856620,2023-11-18 16:18:43,0,0.065,0.06421996,71.19,BTC-27SEP24-80000-C,36786.53,sell,,5.0,,,,
105,272019062,2023-11-20 16:24:16,0,0.0665,0.06649827,71.04,BTC-27SEP24-80000-C,37369.76,sell,,1.0,,,,
106,272056149,2023-11-20 19:34:26,0,0.067,0.06654069,70.7,BTC-27SEP24-80000-C,37734.21,buy,,0.1,,,,
107,272084375,2023-11-21 01:54:53,0,0.068,0.06737382,71.25,BTC-27SEP24-80000-C,37584.79,buy,,0.1,,,,
108,272084885,2023-11-21 02:00:39,0,0.069,0.06786875,71.49,BTC-27SEP24-80000-C,37665.57,buy,,0.1,,,,
109,272339537,2023-11-22 11:34:09,2,0.0605,0.06126426,70.46,BTC-27SEP24-80000-C,36555.33,buy,,0.1,,,,
110,272641491,2023-11-24 16:14:59,0,0.0675,0.06679528,70.18,BTC-27SEP24-80000-C,38264.72,sell,,0.1,,,,
111,272648881,2023-11-24 16:50:22,2,0.066,0.06617776,70.29,BTC-27SEP24-80000-C,37863.6,sell,,1.9,,,,
112,272648997,2023-11-24 16:50:32,3,0.066,0.06611137,70.31,BTC-27SEP24-80000-C,37835.7,sell,,0.6,,,,
113,272877579,2023-11-27 16:04:36,2,0.058,0.05858246,69.54,BTC-27SEP24-80000-C,36832.65,buy,,1.0,,,,
114,272958559,2023-11-28 15:43:17,0,0.06,0.05996837,69.24,BTC-27SEP24-80000-C,37526.99,buy,,0.1,,,,
115,272962582,2023-11-28 16:09:34,0,0.061,0.06100777,69.39,BTC-27SEP24-80000-C,37651.79,buy,,0.1,,,,
116,273049082,2023-11-29 06:12:32,2,0.06,0.06060941,68.52,BTC-27SEP24-80000-C,38040.25,buy,,1.0,,,,
117,273227583,2023-12-01 02:55:08,0,0.0605,0.0601898,68.87,BTC-27SEP24-80000-C,38043.66,sell,,2.7,,,,
118,273228736,2023-12-01 03:11:48,1,0.0605,0.06007352,68.97,BTC-27SEP24-80000-C,37987.32,sell,,1.8,,,,
119,273228739,2023-12-01 03:11:54,1,0.0605,0.06007942,68.97,BTC-27SEP24-80000-C,37986.74,sell,,0.9,,,,
120,273236380,2023-12-01 04:40:35,0,0.062,0.06155824,69.11,BTC-27SEP24-80000-C,38230.76,buy,,13.0,,,,
121,273236381,2023-12-01 04:40:35,1,0.062,0.06155824,69.11,BTC-27SEP24-80000-C,38234.11,sell,,1.0,,,,
122,273282511,2023-12-01 09:27:01,2,0.0605,0.06200674,67.85,BTC-27SEP24-80000-C,38642.92,sell,,1.0,,,,
123,273361262,2023-12-01 17:32:51,2,0.0575,0.05827014,66.68,BTC-27SEP24-80000-C,38734.58,buy,,1.0,,,,
124,273408069,2023-12-02 13:20:50,2,0.056,0.05629769,66.09,BTC-27SEP24-80000-C,38790.51,buy,,0.5,,,,
125,273471396,2023-12-02 22:12:28,0,0.0575,0.05982379,65.68,BTC-27SEP24-80000-C,39442.86,buy,,1.0,,,,
126,273471397,2023-12-02 22:12:28,0,0.0595,0.05982379,66.42,BTC-27SEP24-80000-C,39442.86,buy,,0.2,,,,
127,273514713,2023-12-03 15:48:36,0,0.064,0.06307852,67.62,BTC-27SEP24-80000-C,39744.85,buy,,0.1,,,,
128,273514714,2023-12-03 15:48:36,1,0.064,0.06307852,67.62,BTC-27SEP24-80000-C,39744.85,buy,,2.1,,,,
129,273516515,2023-12-03 16:03:04,0,0.065,0.06430649,67.86,BTC-27SEP24-80000-C,39798.76,sell,,2.5,,,,
130,273516516,2023-12-03 16:03:04,1,0.065,0.06430649,67.86,BTC-27SEP24-80000-C,39798.76,sell,,0.1,,,,
131,273516778,2023-12-03 16:03:45,1,0.065,0.06504572,67.82,BTC-27SEP24-80000-C,39823.16,sell,,2.4,,,,
132,273519453,2023-12-03 16:30:07,2,0.062,0.06245921,66.81,BTC-27SEP24-80000-C,39763.27,buy,,0.5,,,,
133,273540307,2023-12-03 22:36:18,0,0.0645,0.06539891,67.06,BTC-27SEP24-80000-C,40152.23,buy,,0.5,,,,
134,273580237,2023-12-04 01:42:23,0,0.0665,0.06691395,66.93,BTC-27SEP24-80000-C,40727.91,buy,,1.0,,,,
135,273581006,2023-12-04 01:46:33,0,0.067,0.06712563,67.02,BTC-27SEP24-80000-C,40787.58,buy,,0.5,,,,
136,273581741,2023-12-04 01:47:40,0,0.068,0.06739196,67.27,BTC-27SEP24-80000-C,40848.89,buy,,0.1,,,,
137,273622736,2023-12-04 05:27:52,0,0.0685,0.06869596,66.81,BTC-27SEP24-80000-C,41276.43,buy,,1.0,,,,
138,273678171,2023-12-04 10:57:44,0,0.072,0.073217,67.13,BTC-27SEP24-80000-C,41937.42,buy,,0.5,,,,
139,273690249,2023-12-04 11:25:34,2,0.07,0.07135883,66.97,BTC-27SEP24-80000-C,41621.83,buy,,0.5,,,,
140,273741372,2023-12-04 16:30:13,2,0.069,0.0699067,66.99,BTC-27SEP24-80000-C,41420.31,sell,,2.0,,,,
141,273809349,2023-12-05 05:32:16,0,0.0695,0.06995015,66.57,BTC-27SEP24-80000-C,41866.36,buy,,1.5,,,,
142,273843909,2023-12-05 12:19:39,0,0.0711,0.0707584,67.2,BTC-27SEP24-80000-C,41828.26,buy,,25.0,114038,BTC-CBUT-27SEP24-80000_120000_160000,,
143,273860242,2023-12-05 14:37:06,0,0.073,0.07191577,67.37,BTC-27SEP24-80000-C,42164.74,buy,,2.0,,BTC-CBUT-27SEP24-80000_120000_160000,,273860240
144,273866257,2023-12-05 15:15:54,2,0.07,0.07133639,66.36,BTC-27SEP24-80000-C,42139.4,buy,,1.0,,,,
145,273867516,2023-12-05 15:25:22,0,0.0705,0.07199939,66.37,BTC-27SEP24-80000-C,42261.17,sell,,0.5,,,,
146,273883969,2023-12-05 16:41:14,0,0.076,0.07404141,67.75,BTC-27SEP24-80000-C,42603.35,buy,,9.0,,,,
147,273883972,2023-12-05 16:41:14,1,0.076,0.07404141,67.75,BTC-27SEP24-80000-C,42603.35,buy,,12.0,,,,
148,273883979,2023-12-05 16:41:14,0,0.0765,0.07405484,67.92,BTC-27SEP24-80000-C,42603.35,buy,,12.0,,,,
149,273883981,2023-12-05 16:41:14,0,0.077,0.07405484,68.09,BTC-27SEP24-80000-C,42603.35,buy,,12.0,,,,
150,273888357,2023-12-05 16:46:30,2,0.073,0.07397081,66.68,BTC-27SEP24-80000-C,42592.33,buy,,0.5,,,,
151,273898916,2023-12-05 17:12:26,0,0.0745,0.07594348,66.65,BTC-27SEP24-80000-C,42966.41,buy,,0.5,,,,
152,273938084,2023-12-05 17:44:31,0,0.075,0.07712988,66.34,BTC-27SEP24-80000-C,43307.86,sell,,0.5,,,,
153,273938982,2023-12-05 17:46:27,1,0.075,0.07724497,66.27,BTC-27SEP24-80000-C,43368.45,sell,,0.5,,,,
154,273985652,2023-12-05 19:47:27,0,0.08,0.07920303,67.44,BTC-27SEP24-80000-C,43647.77,sell,,5.0,,,,
155,274003783,2023-12-05 21:45:23,2,0.0775,0.07825562,66.26,BTC-27SEP24-80000-C,43930.64,buy,,2.0,,,,
156,274024218,2023-12-05 22:51:13,0,0.0795,0.07843937,66.4,BTC-27SEP24-80000-C,44285.35,sell,,2.1,,,,
157,274024227,2023-12-05 22:51:19,1,0.0795,0.07846617,66.4,BTC-27SEP24-80000-C,44288.25,sell,,0.9,,,,
158,274038682,2023-12-06 00:22:30,2,0.0784,0.07802078,66.45,BTC-27SEP24-80000-C,44000.87,buy,,8.0,114440,BTC-CBUT-27SEP24-80000_120000_160000,,
159,274104566,2023-12-06 10:41:15,0,0.08,0.07850744,66.76,BTC-27SEP24-80000-C,44234.53,buy,,1.0,,,,
160,274104568,2023-12-06 10:41:16,1,0.08,0.07851289,66.76,BTC-27SEP24-80000-C,44234.08,sell,,2.2,,,,
161,274104573,2023-12-06 10:41:22,1,0.08,0.07856598,66.76,BTC-27SEP24-80000-C,44240.2,sell,,1.8,,,,
162,274157493,2023-12-06 17:02:22,2,0.077,0.0768025,66.29,BTC-27SEP24-80000-C,43894.21,sell,,1.0,,,,
163,274157494,2023-12-06 17:02:30,3,0.077,0.07677801,66.29,BTC-27SEP24-80000-C,43894.23,sell,,1.0,,,,
164,274162832,2023-12-06 17:54:15,2,0.075,0.07526828,65.52,BTC-27SEP24-80000-C,43994.25,sell,,0.2,,,,
165,274287557,2023-12-07 15:22:24,2,0.071,0.07090091,64.82,BTC-27SEP24-80000-C,43730.22,buy,,0.4,,,,
166,274287558,2023-12-07 15:22:24,3,0.071,0.07090091,64.82,BTC-27SEP24-80000-C,43730.22,buy,,5.0,,,,
167,274287630,2023-12-07 15:22:30,3,0.071,0.07090058,64.81,BTC-27SEP24-80000-C,43731.89,buy,,5.0,,,,
168,274422852,2023-12-08 13:18:25,2,0.0695,0.07054434,64.24,BTC-27SEP24-80000-C,43703.35,sell,,0.1,,,,
169,274422873,2023-12-08 13:18:48,3,0.0695,0.07048454,64.26,BTC-27SEP24-80000-C,43686.86,sell,,0.9,,,,
170,274428644,2023-12-08 13:49:47,0,0.0715,0.07064151,64.95,BTC-27SEP24-80000-C,43689.88,buy,,1.0,,,,
171,274428645,2023-12-08 13:49:47,0,0.0725,0.07064151,65.29,BTC-27SEP24-80000-C,43689.88,buy,,0.1,,,,
172,274641054,2023-12-10 22:58:31,2,0.0695,0.06847984,64.36,BTC-27SEP24-80000-C,43795.13,sell,,0.1,,,,
173,274676585,2023-12-11 02:12:52,2,0.064,0.06169132,65.72,BTC-27SEP24-80000-C,41661.31,sell,,10.0,,,,
174,274677224,2023-12-11 02:12:55,3,0.064,0.06120072,65.94,BTC-27SEP24-80000-C,41518.63,sell,,18.0,,,,
175,274679276,2023-12-11 02:13:03,3,0.064,0.06020622,66.85,BTC-27SEP24-80000-C,40927.37,sell,,2.0,,,,
176,274913777,2023-12-11 19:38:51,2,0.0595,0.05904704,66.05,BTC-27SEP24-80000-C,40297.54,sell,,0.1,,,,
177,274996810,2023-12-12 07:46:04,0,0.0625,0.06284027,64.75,BTC-27SEP24-80000-C,41889.89,buy,,2.0,,,,
178,274996811,2023-12-12 07:46:04,1,0.0625,0.06284027,64.75,BTC-27SEP24-80000-C,41889.89,buy,,0.4,,,,
179,275297690,2023-12-14 07:53:09,0,0.065,0.06450208,64.4,BTC-27SEP24-80000-C,42865.58,buy,0.1,0.1,,,,
180,275382543,2023-12-14 16:44:12,2,0.0644,0.06405837,64.59,BTC-27SEP24-80000-C,42606.56,buy,10.0,10.0,116041,BTC-CBUT-27SEP24-50000_65000_80000,,
181,275734325,2023-12-18 00:07:43,2,0.056,0.05687046,63.67,BTC-27SEP24-80000-C,41317.28,sell,0.1,0.1,,,,
182,275794342,2023-12-18 10:18:44,2,0.0545,0.05436414,63.83,BTC-27SEP24-80000-C,40891.96,sell,0.1,0.1,,,,
183,275834812,2023-12-18 14:48:58,0,0.055,0.05575691,62.86,BTC-27SEP24-80000-C,41665.75,sell,3.0,3.0,,,,
184,276015277,2023-12-19 21:11:51,0,0.062,0.06163282,64.85,BTC-27SEP24-80000-C,42262.45,sell,1.5,1.5,,,,
185,276123651,2023-12-20 15:12:46,0,0.07,0.06896546,64.86,BTC-27SEP24-80000-C,44112.07,buy,0.6,0.6,,,,
186,276123652,2023-12-20 15:12:46,1,0.07,0.06896546,64.86,BTC-27SEP24-80000-C,44112.07,buy,8.0,8.0,,,,
187,276123653,2023-12-20 15:12:46,1,0.07,0.06896546,64.86,BTC-27SEP24-80000-C,44112.07,buy,0.2,0.2,,,,
188,276123654,2023-12-20 15:12:46,1,0.07,0.06896546,64.86,BTC-27SEP24-80000-C,44112.07,sell,9.1,9.1,,,,
189,276123655,2023-12-20 15:12:46,1,0.07,0.06896546,64.86,BTC-27SEP24-80000-C,44112.07,sell,0.4,0.4,,,,
190,276186420,2023-12-20 21:56:02,2,0.069,0.06910254,65.55,BTC-27SEP24-80000-C,43382.26,sell,0.2,0.2,,,,
191,276774282,2023-12-27 00:17:34,2,0.062,0.06215624,64.89,BTC-27SEP24-80000-C,42446.21,buy,0.3,0.3,,,,
192,276774314,2023-12-27 00:17:42,0,0.063,0.06218861,65.25,BTC-27SEP24-80000-C,42453.05,buy,0.3,0.3,,,,
193,276799761,2023-12-27 09:25:25,0,0.065,0.06489893,65.51,BTC-27SEP24-80000-C,42712.03,buy,0.5,0.5,,,,
194,276817062,2023-12-27 11:37:37,0,0.067,0.06777711,65.59,BTC-27SEP24-80000-C,43056.41,sell,0.6,0.6,,,,
195,276889305,2023-12-28 00:36:56,0,0.07,0.06942977,65.63,BTC-27SEP24-80000-C,43775.48,buy,1.0,1.0,,,,
196,276889306,2023-12-28 00:36:56,1,0.07,0.06942977,65.63,BTC-27SEP24-80000-C,43775.48,buy,0.1,0.1,,,,
197,277112393,2023-12-29 08:14:31,2,0.065,0.06455796,65.99,BTC-27SEP24-80000-C,42450.14,buy,2.6,2.6,,,,
198,277113031,2023-12-29 08:16:19,3,0.065,0.06466408,65.93,BTC-27SEP24-80000-C,42483.67,buy,2.4,2.4,,,,
199,277269931,2023-12-30 12:46:33,2,0.0625,0.06331403,65.47,BTC-27SEP24-80000-C,41946.47,sell,0.1,0.1,,,,
200,277379514,2024-01-01 01:41:32,0,0.0685,0.06648466,66.1,BTC-27SEP24-80000-C,42661.83,buy,10.0,10.0,,,,
201,277390602,2024-01-01 07:38:47,2,0.066,0.06644396,65.59,BTC-27SEP24-80000-C,42496.59,buy,0.1,0.1,,,,
202,277421214,2024-01-01 18:13:19,0,0.07,0.06988275,66.16,BTC-27SEP24-80000-C,43076.81,buy,1.0,1.0,,,,
203,277439617,2024-01-01 20:00:41,0,0.073,0.07262204,66.34,BTC-27SEP24-80000-C,43587.07,buy,0.1,0.1,,,,
204,277471305,2024-01-01 23:38:56,0,0.076,0.07560188,66.43,BTC-27SEP24-80000-C,44107.41,buy,1.0,1.0,,,,
205,277529458,2024-01-02 02:49:44,0,0.084,0.08158994,67.22,BTC-27SEP24-80000-C,45248.0,buy,1.0,1.0,,,,
206,277590271,2024-01-02 10:32:41,1,0.084,0.08409762,66.21,BTC-27SEP24-80000-C,45683.38,sell,13.0,13.0,,,,
207,277590304,2024-01-02 10:33:13,1,0.084,0.08408931,66.22,BTC-27SEP24-80000-C,45674.96,sell,2.0,2.0,,,,
208,277672245,2024-01-02 18:47:46,2,0.078,0.07811625,65.06,BTC-27SEP24-80000-C,45188.52,sell,0.1,0.1,,,,
209,277672526,2024-01-02 18:52:47,3,0.078,0.07825837,65.09,BTC-27SEP24-80000-C,45160.08,sell,0.1,0.1,,,,
210,277672578,2024-01-02 18:54:08,3,0.078,0.07832401,65.08,BTC-27SEP24-80000-C,45152.59,sell,0.1,0.1,,,,
211,277672626,2024-01-02 18:54:38,3,0.078,0.07831465,65.09,BTC-27SEP24-80000-C,45144.38,sell,0.1,0.1,,,,
212,277672650,2024-01-02 18:55:09,3,0.078,0.07831126,65.1,BTC-27SEP24-80000-C,45138.36,sell,0.1,0.1,,,,
213,277677020,2024-01-02 19:23:08,3,0.078,0.07866437,65.26,BTC-27SEP24-80000-C,45075.5,sell,0.5,0.5,,,,
214,277680904,2024-01-02 19:39:12,3,0.078,0.07765521,65.32,BTC-27SEP24-80000-C,45056.22,sell,1.0,1.0,,,,
215,277681327,2024-01-02 19:45:08,3,0.078,0.07756317,65.39,BTC-27SEP24-80000-C,44981.94,sell,1.0,1.0,,,,
216,277798197,2024-01-03 12:01:24,2,0.0685,0.06837442,65.42,BTC-27SEP24-80000-C,43238.46,sell,1.0,1.0,,,,
217,277820146,2024-01-03 12:08:49,2,0.0635,0.06698411,65.45,BTC-27SEP24-80000-C,42126.35,sell,1.0,1.0,,,,
218,277887819,2024-01-03 13:33:48,0,0.072,0.06842958,68.13,BTC-27SEP24-80000-C,42513.91,buy,0.1,0.1,,,,
219,278322181,2024-01-05 13:51:25,0,0.0745,0.07475701,67.73,BTC-27SEP24-80000-C,43874.91,buy,1.0,1.0,,,,
220,278477536,2024-01-06 22:29:05,2,0.07,0.07390807,66.83,BTC-27SEP24-80000-C,43875.84,sell,0.1,0.1,,,,
221,278495448,2024-01-07 06:12:41,0,0.0735,0.0738453,67.92,BTC-27SEP24-80000-C,44009.65,buy,0.1,0.1,,,,
222,278531321,2024-01-07 16:11:26,0,0.075,0.07575117,68.19,BTC-27SEP24-80000-C,44095.43,buy,0.1,0.1,,,,
223,278611471,2024-01-08 09:00:05,2,0.0725,0.073861,67.83,BTC-27SEP24-80000-C,43890.57,sell,7.0,7.0,,,,
224,278646126,2024-01-08 12:13:37,0,0.0775,0.07975395,67.67,BTC-27SEP24-80000-C,45119.89,buy,5.0,5.0,,,,
225,278646756,2024-01-08 12:14:54,0,0.078,0.07987131,67.73,BTC-27SEP24-80000-C,45169.12,sell,5.0,5.0,,,,
226,278646998,2024-01-08 12:15:43,2,0.0775,0.07969077,67.55,BTC-27SEP24-80000-C,45190.61,sell,4.0,4.0,,,,
227,278646999,2024-01-08 12:15:43,3,0.0775,0.07969077,67.55,BTC-27SEP24-80000-C,45190.61,sell,1.0,1.0,,,,
228,278648072,2024-01-08 12:17:11,0,0.079,0.07894729,68.34,BTC-27SEP24-80000-C,45004.04,buy,3.3,3.3,,,,
229,278649553,2024-01-08 12:20:04,0,0.08,0.07836068,68.94,BTC-27SEP24-80000-C,44874.65,sell,13.0,13.0,,,,
230,278649685,2024-01-08 12:20:18,1,0.08,0.07853096,68.89,BTC-27SEP24-80000-C,44902.31,sell,2.4,2.4,,,,
231,278649686,2024-01-08 12:20:18,1,0.08,0.07853096,68.89,BTC-27SEP24-80000-C,44902.31,sell,0.6,0.6,,,,
232,278747511,2024-01-08 19:06:28,0,0.088,0.08725523,68.51,BTC-27SEP24-80000-C,46967.92,buy,1.0,1.0,,,,
233,278767895,2024-01-08 20:15:42,2,0.083,0.08464116,66.89,BTC-27SEP24-80000-C,47008.8,sell,0.5,0.5,,,,
234,278771874,2024-01-08 20:46:22,0,0.0838,0.08402811,67.21,BTC-27SEP24-80000-C,46954.05,sell,10.0,10.0,120354,BTC-CBUT-27SEP24-50000_65000_80000,,
235,278855134,2024-01-09 09:48:17,2,0.076,0.07554154,65.03,BTC-27SEP24-80000-C,46524.58,buy,0.2,0.2,,,,
236,278857850,2024-01-09 10:20:15,2,0.0755,0.07554355,64.72,BTC-27SEP24-80000-C,46655.53,buy,0.3,0.3,,,,
237,278857858,2024-01-09 10:20:30,3,0.0755,0.07556105,64.72,BTC-27SEP24-80000-C,46662.26,buy,0.2,0.2,,,,
238,278858982,2024-01-09 10:42:11,2,0.075,0.0750875,64.61,BTC-27SEP24-80000-C,46604.72,buy,0.3,0.3,,,,
239,278862628,2024-01-09 11:40:07,2,0.074,0.07389631,64.38,BTC-27SEP24-80000-C,46538.89,buy,0.2,0.2,,,,
240,278865399,2024-01-09 12:18:20,0,0.076,0.07578944,64.72,BTC-27SEP24-80000-C,46781.74,buy,0.3,0.3,,,,
241,278865521,2024-01-09 12:18:59,2,0.0755,0.07559615,64.6,BTC-27SEP24-80000-C,46737.63,buy,0.2,0.2,,,,
242,278866875,2024-01-09 12:38:22,3,0.0755,0.07531297,64.68,BTC-27SEP24-80000-C,46669.05,buy,0.3,0.3,,,,
243,278867200,2024-01-09 12:38:54,3,0.0755,0.07529021,64.67,BTC-27SEP24-80000-C,46675.9,buy,0.2,0.2,,,,
244,278867709,2024-01-09 12:45:32,3,0.0755,0.07544523,64.66,BTC-27SEP24-80000-C,46709.13,buy,0.3,0.3,,,,
245,278867710,2024-01-09 12:45:42,3,0.0755,0.07545052,64.65,BTC-27SEP24-80000-C,46710.51,buy,0.2,0.2,,,,
246,278868100,2024-01-09 12:49:49,0,0.076,0.07571141,64.71,BTC-27SEP24-80000-C,46799.11,buy,0.3,0.3,,,,
247,278868143,2024-01-09 12:49:52,1,0.076,0.07591068,64.66,BTC-27SEP24-80000-C,46821.47,buy,0.2,0.2,,,,
248,278869996,2024-01-09 12:52:59,0,0.0765,0.07660894,64.6,BTC-27SEP24-80000-C,46949.03,buy,0.3,0.3,,,,
249,278870260,2024-01-09 12:53:16,1,0.0765,0.07641872,64.65,BTC-27SEP24-80000-C,46913.02,buy,0.2,0.2,,,,
250,278871111,2024-01-09 12:54:37,2,0.076,0.07588516,64.67,BTC-27SEP24-80000-C,46790.0,buy,0.3,0.3,,,,
251,278875887,2024-01-09 12:56:45,2,0.0715,0.07132158,64.77,BTC-27SEP24-80000-C,45659.81,buy,0.2,0.2,,,,
252,278877676,2024-01-09 12:56:56,0,0.073,0.07283587,64.71,BTC-27SEP24-80000-C,46006.43,buy,0.3,0.3,,,,
253,278879403,2024-01-09 12:57:11,1,0.073,0.07297031,64.72,BTC-27SEP24-80000-C,46021.74,buy,0.2,0.2,,,,
254,278882676,2024-01-09 12:58:28,0,0.074,0.07365517,64.83,BTC-27SEP24-80000-C,46225.86,buy,0.3,0.3,,,,
255,278950904,2024-01-09 21:12:07,0,0.0785,0.07819282,64.67,BTC-27SEP24-80000-C,47519.75,buy,0.1,0.1,,,,
256,278953653,2024-01-09 21:12:27,0,0.0795,0.07900393,64.76,BTC-27SEP24-80000-C,47605.36,buy,0.1,0.1,,,,
257,279134037,2024-01-10 13:28:18,2,0.0715,0.07065212,66.2,BTC-27SEP24-80000-C,45216.22,buy,0.1,0.1,,,,
258,279206324,2024-01-10 18:00:56,0,0.0805,0.07962068,67.48,BTC-27SEP24-80000-C,46404.83,buy,0.1,0.1,,,,
259,279342271,2024-01-10 21:43:07,2,0.071,0.06934384,65.72,BTC-27SEP24-80000-C,45455.51,sell,1.0,1.0,,,,
260,279512396,2024-01-11 13:28:58,0,0.0795,0.07827105,65.79,BTC-27SEP24-80000-C,47303.65,buy,9.0,9.0,,,,
261,279512397,2024-01-11 13:28:58,1,0.0795,0.07827105,65.79,BTC-27SEP24-80000-C,47303.65,buy,0.9,0.9,,,,
262,279512398,2024-01-11 13:28:58,1,0.0795,0.07827105,65.79,BTC-27SEP24-80000-C,47303.65,sell,0.1,0.1,,,,
263,279829573,2024-01-12 13:41:25,2,0.065,0.06482979,63.53,BTC-27SEP24-80000-C,45701.98,sell,0.5,0.5,,,,
264,279860008,2024-01-12 15:33:48,2,0.06,0.06084506,62.95,BTC-27SEP24-80000-C,44802.92,sell,0.1,0.1,,,,
265,279931382,2024-01-12 17:36:19,2,0.0565,0.05567537,63.71,BTC-27SEP24-80000-C,43496.32,sell,0.5,0.5,,,,
266,280006456,2024-01-12 22:21:25,2,0.0515,0.05167829,64.37,BTC-27SEP24-80000-C,42092.82,sell,2.0,2.0,,,,
267,280039554,2024-01-13 00:17:44,0,0.055,0.05378206,64.31,BTC-27SEP24-80000-C,42891.13,sell,0.1,0.1,,,,
268,280039631,2024-01-13 00:18:17,1,0.055,0.05375597,64.34,BTC-27SEP24-80000-C,42857.5,sell,0.1,0.1,,,,
269,280039635,2024-01-13 00:18:20,1,0.055,0.05376464,64.34,BTC-27SEP24-80000-C,42855.87,sell,0.1,0.1,,,,
270,280056877,2024-01-13 03:55:26,0,0.0565,0.05549787,65.35,BTC-27SEP24-80000-C,42601.71,sell,1.0,1.0,,,,
271,280153381,2024-01-14 03:42:24,2,0.055,0.0512703,64.87,BTC-27SEP24-80000-C,42682.79,buy,1.0,1.0,,,,
272,280184639,2024-01-14 15:27:45,2,0.051,0.05771409,63.15,BTC-27SEP24-80000-C,42866.74,sell,1.0,1.0,,,,
273,280267778,2024-01-15 06:39:00,0,0.054,0.0535992,64.86,BTC-27SEP24-80000-C,42645.65,sell,2.7,2.7,,,,
274,280268565,2024-01-15 07:03:01,1,0.054,0.05438228,64.89,BTC-27SEP24-80000-C,42630.72,sell,2.3,2.3,,,,
275,280284506,2024-01-15 10:33:36,1,0.054,0.05346996,64.93,BTC-27SEP24-80000-C,42618.13,sell,1.0,1.0,,,,
276,280587524,2024-01-17 18:43:48,2,0.048,0.04783656,62.68,BTC-27SEP24-80000-C,42456.07,buy,0.1,0.1,,,,
277,280590334,2024-01-17 19:30:39,0,0.0485,0.04843397,62.54,BTC-27SEP24-80000-C,42684.88,buy,0.1,0.1,,,,
278,280618632,2024-01-18 03:32:50,2,0.048,0.0476081,62.47,BTC-27SEP24-80000-C,42566.47,sell,2.0,2.0,,,,
279,280620553,2024-01-18 05:18:54,2,0.0475,0.04831592,62.12,BTC-27SEP24-80000-C,42674.94,sell,0.7,0.7,,,,
280,280854102,2024-01-19 13:34:35,2,0.039,0.03815826,60.94,BTC-27SEP24-80000-C,41332.7,buy,1.2,1.2,,,,
281,281067270,2024-01-22 10:35:13,2,0.034,0.03489174,60.46,BTC-27SEP24-80000-C,40498.68,sell,0.1,0.1,,,,
282,281078242,2024-01-22 12:49:27,0,0.035,0.03488798,60.39,BTC-27SEP24-80000-C,40865.89,buy,1.3,1.3,,,,
283,281083482,2024-01-22 13:33:42,0,0.0355,0.03520562,60.52,BTC-27SEP24-80000-C,40946.06,buy,0.5,0.5,,,,
284,281162856,2024-01-22 20:09:47,2,0.035,0.03425687,61.94,BTC-27SEP24-80000-C,39944.35,sell,0.5,0.5,,,,
285,281182038,2024-01-22 22:12:40,2,0.0335,0.03327946,61.15,BTC-27SEP24-80000-C,39960.87,buy,0.2,0.2,,,,
286,281194373,2024-01-22 23:56:46,2,0.0325,0.03229293,61.44,BTC-27SEP24-80000-C,39472.16,buy,1.3,1.3,,,,
287,281199225,2024-01-23 00:47:46,0,0.0335,0.03311624,61.44,BTC-27SEP24-80000-C,39799.63,buy,2.0,2.0,,,,
288,281426122,2024-01-24 10:45:54,0,0.0355,0.03584141,61.58,BTC-27SEP24-80000-C,40392.03,buy,0.1,0.1,,,,
289,281460550,2024-01-24 17:23:26,2,0.0334,0.03490742,61.03,BTC-27SEP24-80000-C,40086.03,sell,25.0,25.0,123550,BTC-CS-27SEP24-60000_80000,,
290,281659503,2024-01-26 13:49:19,0,0.0345,0.03500912,60.14,BTC-27SEP24-80000-C,41050.5,buy,1.0,1.0,,,,
291,281691840,2024-01-26 16:53:58,0,0.0367,0.03695444,59.88,BTC-27SEP24-80000-C,41940.72,sell,12.5,12.5,123930,BTC-CS-27SEP24-60000_80000,,
292,281769398,2024-01-27 11:22:53,0,0.037,0.03590997,60.36,BTC-27SEP24-80000-C,41751.79,sell,2.0,2.0,,,,
293,281944253,2024-01-29 16:19:46,0,0.0385,0.03835919,59.85,BTC-27SEP24-80000-C,42791.54,buy,0.1,0.1,,,,
294,281971015,2024-01-29 18:38:45,0,0.0405,0.03979336,60.47,BTC-27SEP24-80000-C,42965.5,sell,5.0,5.0,,,,
295,281995439,2024-01-30 01:21:10,0,0.0415,0.04079226,60.3,BTC-27SEP24-80000-C,43400.82,buy,0.1,0.1,,,,
296,282004306,2024-01-30 02:37:55,0,0.042,0.04156018,60.15,BTC-27SEP24-80000-C,43660.66,buy,0.1,0.1,,,,
297,282048517,2024-01-30 12:50:17,2,0.0415,0.04144572,60.56,BTC-27SEP24-80000-C,43266.15,sell,1.0,1.0,,,,
298,282099541,2024-01-30 20:44:49,0,0.043,0.04252136,60.63,BTC-27SEP24-80000-C,43692.27,buy,0.1,0.1,,,,
299,282099542,2024-01-30 20:44:49,1,0.043,0.04252136,60.63,BTC-27SEP24-80000-C,43692.27,buy,1.0,1.0,,,,
300,282110694,2024-01-30 23:28:01,2,0.0395,0.04149485,59.93,BTC-27SEP24-80000-C,43092.23,sell,0.4,0.4,,,,
301,282110799,2024-01-30 23:28:30,3,0.0395,0.04129741,60.02,BTC-27SEP24-80000-C,43037.87,sell,0.1,0.1,,,,
302,282112063,2024-01-30 23:29:40,0,0.0425,0.0409933,61.52,BTC-27SEP24-80000-C,42977.88,buy,0.1,0.1,,,,
303,282112106,2024-01-30 23:29:50,0,0.043,0.04092765,61.78,BTC-27SEP24-80000-C,42956.84,buy,0.1,0.1,,,,
304,282178373,2024-01-31 13:36:31,2,0.0405,0.04039607,60.89,BTC-27SEP24-80000-C,42831.64,buy,1.7,1.7,,,,
305,282178374,2024-01-31 13:36:31,3,0.0405,0.04039607,60.89,BTC-27SEP24-80000-C,42831.64,buy,0.4,0.4,,,,
306,282348467,2024-02-01 14:43:59,2,0.038,0.03762017,60.68,BTC-27SEP24-80000-C,42484.6,buy,1.0,1.0,,,,
307,282781673,2024-02-06 18:43:42,2,0.035,0.03583023,58.86,BTC-27SEP24-80000-C,43062.35,sell,0.1,0.1,,,,
308,282812230,2024-02-07 08:52:49,2,0.0345,0.035724,58.94,BTC-27SEP24-80000-C,42911.86,sell,29.0,29.0,124742,BTC-CDIAG-27DEC24_27SEP24-95000_80000,,
309,282827431,2024-02-07 13:38:44,0,0.035,0.03565058,59.0,BTC-27SEP24-80000-C,43053.04,sell,0.1,0.1,,,,
310,282839034,2024-02-07 15:19:36,1,0.035,0.03479237,59.1,BTC-27SEP24-80000-C,43005.54,buy,1.2,1.2,,,,
311,282998234,2024-02-08 15:22:12,0,0.043,0.04318303,59.2,BTC-27SEP24-80000-C,45424.81,buy,0.1,0.1,,,,
312,283150824,2024-02-09 10:57:12,0,0.051,0.0505455,60.52,BTC-27SEP24-80000-C,46775.95,buy,1.5,1.5,,,,
313,283196501,2024-02-09 14:18:06,0,0.0575,0.05540016,62.27,BTC-27SEP24-80000-C,47353.12,buy,4.8,4.8,,,,
314,283209285,2024-02-09 14:50:43,1,0.0575,0.05815304,62.81,BTC-27SEP24-80000-C,47002.15,sell,7.2,7.2,,,,
315,283209330,2024-02-09 14:50:57,1,0.0575,0.05812941,62.82,BTC-27SEP24-80000-C,46993.21,sell,10.0,10.0,,,,
316,283209361,2024-02-09 14:51:07,1,0.0575,0.05803014,62.87,BTC-27SEP24-80000-C,46963.36,sell,7.0,7.0,,,,
317,283231294,2024-02-09 16:41:41,2,0.0565,0.05760302,61.98,BTC-27SEP24-80000-C,47284.64,sell,2.5,2.5,,,,
318,283259074,2024-02-09 19:08:42,0,0.0595,0.05995807,62.86,BTC-27SEP24-80000-C,47464.19,sell,0.1,0.1,,,,
319,283259712,2024-02-09 19:10:14,2,0.059,0.05950412,62.84,BTC-27SEP24-80000-C,47352.69,sell,0.1,0.1,,,,
320,283281232,2024-02-09 22:40:32,2,0.058,0.05806675,62.71,BTC-27SEP24-80000-C,47246.69,sell,0.1,0.1,,,,
321,283342359,2024-02-10 20:47:45,0,0.0605,0.06009635,62.5,BTC-27SEP24-80000-C,48105.85,buy,1.0,1.0,,,,
322,283518269,2024-02-12 13:40:00,0,0.066,0.06452763,64.75,BTC-27SEP24-80000-C,47924.69,sell,10.0,10.0,,,,
323,283624771,2024-02-12 19:26:28,0,0.0755,0.07655773,65.09,BTC-27SEP24-80000-C,49828.1,buy,5.0,5.0,,,,
324,283624776,2024-02-12 19:26:29,1,0.0755,0.07660915,65.09,BTC-27SEP24-80000-C,49830.34,buy,0.1,0.1,,,,
325,283624783,2024-02-12 19:26:36,1,0.0755,0.07664732,65.05,BTC-27SEP24-80000-C,49849.86,buy,2.1,2.1,,,,
326,283624784,2024-02-12 19:26:36,1,0.0755,0.07664732,65.05,BTC-27SEP24-80000-C,49849.86,buy,0.4,0.4,,,,
327,283624785,2024-02-12 19:26:36,1,0.0755,0.07664452,65.05,BTC-27SEP24-80000-C,49849.86,buy,2.4,2.4,,,,
328,283624864,2024-02-12 19:27:07,1,0.0755,0.07672581,65.03,BTC-27SEP24-80000-C,49862.06,buy,5.1,5.1,,,,
329,283624867,2024-02-12 19:27:19,1,0.0755,0.07666401,65.04,BTC-27SEP24-80000-C,49853.33,buy,2.1,2.1,,,,
330,283624868,2024-02-12 19:27:19,1,0.0755,0.07666401,65.04,BTC-27SEP24-80000-C,49853.33,buy,0.4,0.4,,,,
331,283624869,2024-02-12 19:27:19,1,0.0755,0.07665734,65.04,BTC-27SEP24-80000-C,49853.33,buy,2.4,2.4,,,,
332,283624897,2024-02-12 19:27:54,1,0.0755,0.07660661,65.05,BTC-27SEP24-80000-C,49849.07,buy,0.1,0.1,,,,
333,283624914,2024-02-12 19:28:24,1,0.0755,0.07653014,65.05,BTC-27SEP24-80000-C,49849.15,buy,2.1,2.1,,,,
334,283624915,2024-02-12 19:28:24,1,0.0755,0.07653014,65.05,BTC-27SEP24-80000-C,49849.15,buy,0.5,0.5,,,,
335,283624916,2024-02-12 19:28:32,1,0.0755,0.07655867,65.04,BTC-27SEP24-80000-C,49857.16,buy,2.1,2.1,,,,
336,283624917,2024-02-12 19:28:32,1,0.0755,0.07655867,65.04,BTC-27SEP24-80000-C,49857.16,buy,0.4,0.4,,,,
337,283624938,2024-02-12 19:28:40,1,0.0755,0.07662598,65.01,BTC-27SEP24-80000-C,49876.79,buy,4.9,4.9,,,,
338,283625564,2024-02-12 19:37:07,1,0.0755,0.07625912,65.22,BTC-27SEP24-80000-C,49757.31,sell,2.5,2.5,,,,
339,283625565,2024-02-12 19:37:07,1,0.0755,0.07625912,65.22,BTC-27SEP24-80000-C,49757.31,sell,2.0,2.0,,,,
340,283625566,2024-02-12 19:37:07,1,0.0755,0.07625912,65.22,BTC-27SEP24-80000-C,49757.31,buy,0.5,0.5,,,,
341,283633602,2024-02-12 20:35:13,0,0.076,0.07636477,65.16,BTC-27SEP24-80000-C,49874.86,buy,5.0,5.0,,,,
342,283658776,2024-02-13 00:56:34,0,0.078,0.07618452,65.54,BTC-27SEP24-80000-C,50098.15,buy,0.1,0.1,,,,
343,283667289,2024-02-13 02:27:28,2,0.0775,0.07591873,65.35,BTC-27SEP24-80000-C,50126.35,buy,0.6,0.6,,,,
344,283850536,2024-02-14 09:09:02,0,0.078,0.07792752,64.42,BTC-27SEP24-80000-C,50921.6,buy,0.1,0.1,,,,
345,283852492,2024-02-14 09:09:55,0,0.079,0.07809551,64.7,BTC-27SEP24-80000-C,50956.75,buy,0.1,0.1,,,,
346,283854577,2024-02-14 09:10:59,0,0.08,0.07906939,64.52,BTC-27SEP24-80000-C,51287.34,buy,0.1,0.1,,,,
347,283861815,2024-02-14 09:19:29,0,0.083,0.08002513,65.84,BTC-27SEP24-80000-C,51129.22,buy,0.3,0.3,,,,
348,283877670,2024-02-14 09:56:32,0,0.085,0.08328556,65.74,BTC-27SEP24-80000-C,51593.97,buy,0.1,0.1,,,,
349,283920673,2024-02-14 12:24:24,1,0.085,0.08443389,65.6,BTC-27SEP24-80000-C,51632.44,buy,0.1,0.1,,,,
350,283960536,2024-02-14 15:08:51,0,0.0885,0.08965025,66.46,BTC-27SEP24-80000-C,51808.53,buy,0.1,0.1,,,,
351,283978470,2024-02-14 16:08:48,2,0.087,0.0886555,66.22,BTC-27SEP24-80000-C,51649.28,buy,0.1,0.1,,,,
352,283986077,2024-02-14 16:27:56,2,0.0865,0.08775257,66.15,BTC-27SEP24-80000-C,51589.36,buy,0.1,0.1,,,,
353,283989117,2024-02-14 16:42:44,0,0.087,0.08772025,66.12,BTC-27SEP24-80000-C,51715.48,buy,0.1,0.1,,,,
354,284097533,2024-02-15 07:50:57,2,0.0845,0.08607267,65.13,BTC-27SEP24-80000-C,51818.21,sell,1.0,1.0,,,,
355,284097689,2024-02-15 07:51:17,0,0.085,0.08592703,65.34,BTC-27SEP24-80000-C,51794.72,buy,1.0,1.0,,,,
356,284103910,2024-02-15 08:27:55,1,0.085,0.08661901,64.97,BTC-27SEP24-80000-C,52005.79,buy,0.1,0.1,,,,
357,284177568,2024-02-15 14:48:26,0,0.092,0.09096398,66.31,BTC-27SEP24-80000-C,52753.49,buy,0.5,0.5,,,,
358,284177569,2024-02-15 14:48:26,1,0.092,0.09096398,66.31,BTC-27SEP24-80000-C,52753.49,sell,0.8,0.8,,,,
359,284177811,2024-02-15 14:48:45,1,0.092,0.09140778,66.34,BTC-27SEP24-80000-C,52735.24,sell,2.5,2.5,,,,
360,284177812,2024-02-15 14:48:45,1,0.092,0.09140778,66.34,BTC-27SEP24-80000-C,52735.24,sell,0.5,0.5,,,,
361,284178426,2024-02-15 14:49:54,0,0.0925,0.09224639,66.41,BTC-27SEP24-80000-C,52805.49,sell,2.5,2.5,,,,
362,284178427,2024-02-15 14:49:54,1,0.0925,0.09224639,66.41,BTC-27SEP24-80000-C,52805.49,sell,0.5,0.5,,,,
363,284260323,2024-02-15 21:33:21,2,0.0863,0.08662978,65.92,BTC-27SEP24-80000-C,51707.38,sell,1.0,1.0,,BTC-CS-27SEP24-65000_80000,,284260321
364,284372267,2024-02-16 14:21:18,0,0.087,0.08728729,65.4,BTC-27SEP24-80000-C,52103.76,buy,1.0,1.0,,,,
365,284391695,2024-02-16 15:34:10,1,0.087,0.08570049,65.93,BTC-27SEP24-80000-C,51773.6,buy,1.0,1.0,,,,
366,284415355,2024-02-16 18:11:19,2,0.084,0.08543175,64.79,BTC-27SEP24-80000-C,51903.04,sell,1.8,1.8,,,,
367,284415356,2024-02-16 18:11:19,3,0.084,0.08543175,64.79,BTC-27SEP24-80000-C,51903.04,sell,8.0,8.0,,,,
368,284415357,2024-02-16 18:11:19,3,0.084,0.08543175,64.79,BTC-27SEP24-80000-C,51903.04,sell,6.2,6.2,,,,
369,284613387,2024-02-18 15:25:46,0,0.085,0.08476991,65.39,BTC-27SEP24-80000-C,51851.77,buy,0.2,0.2,,,,
370,284757587,2024-02-19 20:50:20,0,0.09,0.08798104,66.97,BTC-27SEP24-80000-C,51900.3,buy,6.0,6.0,,,,
371,284757588,2024-02-19 20:50:20,1,0.09,0.08798104,66.97,BTC-27SEP24-80000-C,51900.3,buy,5.0,5.0,,,,
372,285033412,2024-02-21 11:57:55,2,0.0785,0.07973702,65.23,BTC-27SEP24-80000-C,50826.0,buy,0.1,0.1,,,,
373,285270323,2024-02-22 21:01:52,0,0.085,0.08606972,65.7,BTC-27SEP24-80000-C,51941.76,sell,0.1,0.1,,,,
374,285345232,2024-02-23 10:27:58,2,0.08,0.07945388,65.65,BTC-27SEP24-80000-C,51130.42,buy,0.2,0.2,,,,
375,285411445,2024-02-23 21:40:15,2,0.078,0.0794838,65.03,BTC-27SEP24-80000-C,51021.85,buy,4.5,4.5,,,,
376,285534700,2024-02-25 16:58:02,0,0.0805,0.08172886,65.45,BTC-27SEP24-80000-C,51381.74,buy,0.8,0.8,,,,
377,285643943,2024-02-26 15:42:14,0,0.0865,0.08732766,65.4,BTC-27SEP24-80000-C,52688.2,buy,1.0,1.0,,,,
378,285686543,2024-02-26 17:46:35,0,0.0895,0.09108497,65.17,BTC-27SEP24-80000-C,53433.97,sell,0.1,0.1,,,,
379,285736875,2024-02-26 20:08:47,0,0.1,0.09968412,66.21,BTC-27SEP24-80000-C,54865.77,sell,1.0,1.0,,,,
380,285736944,2024-02-26 20:08:54,0,0.102,0.09975384,66.88,BTC-27SEP24-80000-C,54882.76,buy,3.0,3.0,,,,
381,285766582,2024-02-26 23:02:16,2,0.1,0.09870501,66.7,BTC-27SEP24-80000-C,54617.95,sell,1.0,1.0,,,,
382,285853520,2024-02-27 03:47:52,0,0.107,0.10784281,66.05,BTC-27SEP24-80000-C,56249.57,sell,0.3,0.3,,,,
383,285888301,2024-02-27 07:02:30,2,0.105,0.10689316,65.27,BTC-27SEP24-80000-C,56355.39,sell,0.1,0.1,,,,
384,285926451,2024-02-27 10:08:11,2,0.1045,0.10480507,64.77,BTC-27SEP24-80000-C,56566.47,buy,0.1,0.1,,,,
385,285986300,2024-02-27 14:37:19,0,0.11,0.11020019,65.43,BTC-27SEP24-80000-C,57358.42,buy,0.1,0.1,,,,
386,285987179,2024-02-27 14:40:52,1,0.11,0.1101613,65.43,BTC-27SEP24-80000-C,57315.48,sell,0.1,0.1,,,,
387,286048155,2024-02-27 20:01:37,2,0.1065,0.10742649,64.4,BTC-27SEP24-80000-C,57254.7,sell,1.7,1.7,,,,
388,286048156,2024-02-27 20:01:37,3,0.1065,0.10742649,64.4,BTC-27SEP24-80000-C,57254.7,sell,8.0,8.0,,,,
389,286048207,2024-02-27 20:01:47,3,0.1065,0.10721294,64.46,BTC-27SEP24-80000-C,57216.84,buy,7.7,7.7,,,,
390,286048623,2024-02-27 20:04:04,2,0.106,0.10688074,64.38,BTC-27SEP24-80000-C,57175.35,sell,0.1,0.1,,,,
391,286152514,2024-02-28 08:57:45,0,0.117,0.11484599,64.31,BTC-27SEP24-80000-C,59476.07,sell,2.0,2.0,,,,
392,286216714,2024-02-28 13:12:02,1,0.117,0.115507,63.53,BTC-27SEP24-80000-C,59897.68,sell,2.0,2.0,,,,
393,286237065,2024-02-28 13:34:21,0,0.12,0.11832719,63.49,BTC-27SEP24-80000-C,60405.69,buy,0.1,0.1,,,,
394,286241925,2024-02-28 13:49:32,0,0.1201,0.11906522,63.54,BTC-27SEP24-80000-C,60430.3,buy,100.0,100.0,128302,BTC-CDIAG-27SEP24_29MAR24-80000_70000,,
395,286247923,2024-02-28 14:00:46,0,0.121,0.12017388,63.86,BTC-27SEP24-80000-C,60491.76,sell,1.0,1.0,,,,
396,286379021,2024-02-28 17:12:56,0,0.1395,0.13860553,65.6,BTC-27SEP24-80000-C,63099.69,buy,0.1,0.1,,,,
397,286400866,2024-02-28 17:21:18,0,0.1487,0.14210471,68.07,BTC-27SEP24-80000-C,63343.63,buy,30.0,30.0,128498,BTC-STRG-27SEP24-30000_80000,,
398,286416593,2024-02-28 17:28:56,2,0.1455,0.13867499,69.02,BTC-27SEP24-80000-C,62191.91,sell,2.5,2.5,,,,
399,286416617,2024-02-28 17:28:58,2,0.145,0.13852818,68.95,BTC-27SEP24-80000-C,62132.33,sell,2.9,2.9,,,,
400,286417116,2024-02-28 17:29:31,2,0.144,0.13864743,68.68,BTC-27SEP24-80000-C,62122.55,sell,0.1,0.1,,,,
401,286487706,2024-02-28 18:08:56,2,0.134,0.13263843,68.09,BTC-27SEP24-80000-C,60998.6,buy,0.1,0.1,,,,
402,286487860,2024-02-28 18:09:02,3,0.134,0.13290459,68.01,BTC-27SEP24-80000-C,61051.54,buy,0.5,0.5,,,,
403,286488534,2024-02-28 18:09:34,3,0.134,0.13238543,68.14,BTC-27SEP24-80000-C,60986.58,buy,0.1,0.1,,,,
404,286492069,2024-02-28 18:12:12,2,0.1315,0.12999135,68.12,BTC-27SEP24-80000-C,60431.06,buy,0.1,0.1,,,,
405,286492273,2024-02-28 18:12:17,3,0.1315,0.130488,68.01,BTC-27SEP24-80000-C,60485.73,buy,0.3,0.3,,,,
406,286492379,2024-02-28 18:12:22,0,0.132,0.13070841,68.11,BTC-27SEP24-80000-C,60544.87,buy,0.1,0.1,,,,
407,286492679,2024-02-28 18:12:37,1,0.132,0.13075843,68.07,BTC-27SEP24-80000-C,60566.7,buy,0.1,0.1,,,,
408,286492783,2024-02-28 18:12:43,1,0.132,0.13077167,68.06,BTC-27SEP24-80000-C,60564.99,buy,0.1,0.1,,,,
409,286492906,2024-02-28 18:12:48,1,0.132,0.13091804,68.04,BTC-27SEP24-80000-C,60578.75,buy,0.2,0.2,,,,
410,286492980,2024-02-28 18:12:54,0,0.1325,0.13133051,68.04,BTC-27SEP24-80000-C,60675.57,buy,0.2,0.2,,,,
411,286493039,2024-02-28 18:13:00,1,0.1325,0.1316512,67.95,BTC-27SEP24-80000-C,60725.56,buy,0.1,0.1,,,,
412,286493235,2024-02-28 18:13:20,2,0.13,0.13104307,67.33,BTC-27SEP24-80000-C,60617.17,sell,1.0,1.0,,,,
413,286519988,2024-02-28 18:42:30,2,0.1255,0.12220489,65.58,BTC-27SEP24-80000-C,60742.61,buy,0.1,0.1,,,,
414,286521702,2024-02-28 18:46:23,0,0.126,0.12180332,65.61,BTC-27SEP24-80000-C,60820.42,buy,0.1,0.1,,,,
415,286522215,2024-02-28 18:46:48,0,0.1265,0.12226918,65.58,BTC-27SEP24-80000-C,60921.44,buy,0.1,0.1,,,,
416,286682082,2024-02-29 05:50:46,0,0.138,0.13842904,66.6,BTC-27SEP24-80000-C,62272.66,sell,0.5,0.5,,,,
417,286682083,2024-02-29 05:50:46,1,0.138,0.13842904,66.6,BTC-27SEP24-80000-C,62272.66,sell,0.1,0.1,,,,
418,286701836,2024-02-29 06:45:38,0,0.1465,0.14511363,67.39,BTC-27SEP24-80000-C,63424.5,sell,0.7,0.7,,,,
419,286739257,2024-02-29 08:35:00,2,0.1401,0.14116746,66.39,BTC-27SEP24-80000-C,62754.7,buy,6.3,6.3,128708,,,
420,286955143,2024-02-29 21:31:36,2,0.133,0.13133575,67.2,BTC-27SEP24-80000-C,61085.25,buy,0.1,0.1,,,,
421,287275006,2024-03-02 16:33:24,0,0.135,0.13603117,66.83,BTC-27SEP24-80000-C,61793.3,sell,1.0,1.0,,,,
422,287287643,2024-03-02 20:02:36,0,0.138,0.13709562,67.1,BTC-27SEP24-80000-C,62242.52,buy,0.3,0.3,,,,
423,287303930,2024-03-03 01:26:54,2,0.1355,0.13700884,66.94,BTC-27SEP24-80000-C,61824.71,buy,5.0,5.0,,,,
424,287394674,2024-03-03 17:24:57,0,0.152,0.15469611,69.95,BTC-27SEP24-80000-C,62832.83,sell,0.1,0.1,,,,
425,287728685,2024-03-04 15:53:28,0,0.1805,0.18361322,71.89,BTC-27SEP24-80000-C,66590.05,sell,0.1,0.1,,,,
426,287754749,2024-03-04 17:03:27,0,0.1845,0.18489057,73.56,BTC-27SEP24-80000-C,66441.91,sell,7.0,7.0,,,,
427,287773061,2024-03-04 17:40:46,0,0.1895,0.18917339,74.15,BTC-27SEP24-80000-C,67002.52,sell,10.5,10.5,,,,
428,287806561,2024-03-04 19:26:39,2,0.186,0.18551967,73.28,BTC-27SEP24-80000-C,66980.99,buy,3.0,3.0,,,,
429,287870781,2024-03-04 22:42:24,2,0.1815,0.18205992,70.53,BTC-27SEP24-80000-C,67866.82,buy,0.1,0.1,,,,
430,287874568,2024-03-04 22:59:36,3,0.1815,0.18202218,70.21,BTC-27SEP24-80000-C,68001.35,buy,0.1,0.1,,,,
431,287875066,2024-03-04 23:01:46,0,0.182,0.18164639,70.36,BTC-27SEP24-80000-C,68022.61,buy,0.1,0.1,,,,
432,287875067,2024-03-04 23:01:46,1,0.182,0.18164639,70.36,BTC-27SEP24-80000-C,68022.61,buy,3.0,3.0,,,,
433,287876067,2024-03-04 23:03:43,0,0.1825,0.18213223,70.27,BTC-27SEP24-80000-C,68184.3,buy,0.1,0.1,,,,
434,287876068,2024-03-04 23:03:43,1,0.1825,0.18213223,70.27,BTC-27SEP24-80000-C,68184.3,buy,2.0,2.0,,,,
435,287877106,2024-03-04 23:05:32,0,0.183,0.18253537,70.25,BTC-27SEP24-80000-C,68265.7,buy,0.1,0.1,,,,
436,287877107,2024-03-04 23:05:32,1,0.183,0.18253537,70.25,BTC-27SEP24-80000-C,68265.7,buy,3.0,3.0,,,,
437,287903229,2024-03-05 00:04:57,0,0.1845,0.18397405,70.49,BTC-27SEP24-80000-C,68367.56,buy,0.1,0.1,,,,
438,287944399,2024-03-05 02:32:31,0,0.186,0.18596558,71.21,BTC-27SEP24-80000-C,68343.48,sell,0.2,0.2,,,,
439,288070762,2024-03-05 08:46:28,2,0.182,0.18060155,71.79,BTC-27SEP24-80000-C,66764.66,sell,0.2,0.2,,,,
440,288091234,2024-03-05 10:07:13,2,0.1805,0.18017347,71.69,BTC-27SEP24-80000-C,66675.96,sell,0.1,0.1,,,,
441,288102065,2024-03-05 11:03:55,3,0.1805,0.18000917,71.43,BTC-27SEP24-80000-C,66817.29,sell,2.7,2.7,,,,
442,288102066,2024-03-05 11:03:55,3,0.1805,0.18000917,71.43,BTC-27SEP24-80000-C,66817.29,sell,0.4,0.4,,,,
443,288106467,2024-03-05 11:37:44,0,0.1815,0.17873976,72.19,BTC-27SEP24-80000-C,66674.75,buy,0.1,0.1,,,,
444,288157171,2024-03-05 14:36:16,0,0.1845,0.18429115,71.2,BTC-27SEP24-80000-C,67609.64,sell,0.5,0.5,,,,
445,288157452,2024-03-05 14:37:00,0,0.1855,0.18495918,71.4,BTC-27SEP24-80000-C,67681.28,sell,8.5,8.5,,,,
446,288160183,2024-03-05 14:42:38,0,0.186,0.18653806,70.84,BTC-27SEP24-80000-C,68045.97,buy,0.1,0.1,,,,
447,288304022,2024-03-05 16:51:45,2,0.1725,0.16981056,72.22,BTC-27SEP24-80000-C,65279.09,buy,3.0,3.0,,,,
448,288304023,2024-03-05 16:51:45,3,0.1725,0.16981056,72.22,BTC-27SEP24-80000-C,65279.09,buy,2.4,2.4,,,,
449,288322138,2024-03-05 17:09:55,2,0.16,0.16262109,70.58,BTC-27SEP24-80000-C,63846.06,sell,0.3,0.3,,,,
450,288588662,2024-03-05 23:43:14,0,0.1615,0.15908876,70.9,BTC-27SEP24-80000-C,64067.89,buy,21.0,21.0,129994,,,
451,288648756,2024-03-06 03:02:34,2,0.154,0.15113883,71.34,BTC-27SEP24-80000-C,63102.3,buy,2.0,2.0,,,,
452,288949071,2024-03-06 17:47:23,0,0.1755,0.1754812,70.68,BTC-27SEP24-80000-C,67019.71,buy,2.4,2.4,,,,
453,288949072,2024-03-06 17:47:23,1,0.1755,0.1754812,70.68,BTC-27SEP24-80000-C,67019.71,buy,0.6,0.6,,,,
454,288949073,2024-03-06 17:47:23,1,0.1755,0.1754812,70.68,BTC-27SEP24-80000-C,67019.71,buy,0.3,0.3,,,,
455,288949074,2024-03-06 17:47:23,1,0.1755,0.1754812,70.68,BTC-27SEP24-80000-C,67019.71,buy,2.4,2.4,,,,
456,288949075,2024-03-06 17:47:23,1,0.1755,0.1754812,70.68,BTC-27SEP24-80000-C,67019.71,buy,0.1,0.1,,,,
457,289002952,2024-03-06 21:26:23,0,0.176,0.17684852,71.36,BTC-27SEP24-80000-C,66682.37,sell,1.0,1.0,,,,
458,289277011,2024-03-07 21:24:36,2,0.171,0.17250707,68.32,BTC-27SEP24-80000-C,67383.41,sell,1.0,1.0,,,,
459,289291957,2024-03-07 23:23:42,2,0.17,0.16981764,68.63,BTC-27SEP24-80000-C,67061.76,sell,0.1,0.1,,,,
460,289360689,2024-03-08 08:38:34,0,0.172,0.17087755,68.62,BTC-27SEP24-80000-C,67469.4,buy,0.1,0.1,,,,
461,289361696,2024-03-08 08:43:10,1,0.172,0.1707041,68.64,BTC-27SEP24-80000-C,67441.77,buy,0.1,0.1,,,,
462,289362969,2024-03-08 08:49:22,2,0.1713,0.1709305,68.36,BTC-27SEP24-80000-C,67480.1,buy,1.0,1.0,,BTC-CS-27SEP24-80000_100000,,289362968
463,289418034,2024-03-08 13:48:01,0,0.1725,0.17172431,69.21,BTC-27SEP24-80000-C,67853.82,buy,0.1,0.1,,,,
464,289426848,2024-03-08 14:16:40,0,0.173,0.17220261,69.11,BTC-27SEP24-80000-C,67839.66,buy,0.1,0.1,,,,
465,289439706,2024-03-08 14:43:48,0,0.177,0.17622454,69.21,BTC-27SEP24-80000-C,68493.46,buy,0.1,0.1,,,,
466,289440888,2024-03-08 14:47:28,0,0.178,0.17677332,69.52,BTC-27SEP24-80000-C,68496.71,sell,0.1,0.1,,,,
467,289455755,2024-03-08 15:17:28,0,0.1815,0.17985982,69.83,BTC-27SEP24-80000-C,68936.15,buy,0.1,0.1,,,,
468,289458166,2024-03-08 15:22:10,0,0.1835,0.18059822,70.45,BTC-27SEP24-80000-C,68939.27,buy,0.1,0.1,,,,
469,289458167,2024-03-08 15:22:10,1,0.1835,0.18059822,70.45,BTC-27SEP24-80000-C,68939.27,sell,0.9,0.9,,,,
470,289507304,2024-03-08 15:52:25,1,0.1835,0.18203435,71.57,BTC-27SEP24-80000-C,68385.72,buy,0.1,0.1,,,,
471,289545025,2024-03-08 16:41:35,2,0.174,0.17532313,70.54,BTC-27SEP24-80000-C,67229.19,buy,2.7,2.7,,,,
472,289545032,2024-03-08 16:41:38,3,0.174,0.17532168,70.54,BTC-27SEP24-80000-C,67232.1,buy,2.3,2.3,,,,
473,289555402,2024-03-08 17:02:55,0,0.1785,0.17852935,70.42,BTC-27SEP24-80000-C,68168.93,buy,0.1,0.1,,,,
474,289776648,2024-03-10 06:08:12,0,0.1935,0.19018771,72.75,BTC-27SEP24-80000-C,69490.74,sell,0.1,0.1,,,,
475,289776653,2024-03-10 06:08:20,1,0.1935,0.19028441,72.75,BTC-27SEP24-80000-C,69492.57,sell,0.1,0.1,,,,
476,289776661,2024-03-10 06:08:52,0,0.194,0.19167492,72.93,BTC-27SEP24-80000-C,69491.8,buy,0.3,0.3,,,,
477,289869379,2024-03-10 22:42:10,1,0.194,0.19487811,73.26,BTC-27SEP24-80000-C,68750.29,sell,1.0,1.0,,,,
478,289869380,2024-03-10 22:42:10,1,0.194,0.19487811,73.26,BTC-27SEP24-80000-C,68750.29,sell,2.8,2.8,,,,
479,289869381,2024-03-10 22:42:10,1,0.194,0.19487811,73.26,BTC-27SEP24-80000-C,68752.79,buy,1.2,1.2,,,,
480,289991618,2024-03-11 07:46:21,0,0.212,0.20968139,74.11,BTC-27SEP24-80000-C,71076.11,buy,1.0,1.0,,,,
481,289994476,2024-03-11 07:49:50,0,0.2135,0.21099348,74.24,BTC-27SEP24-80000-C,71215.84,buy,1.0,1.0,,,,
482,290042742,2024-03-11 09:42:57,0,0.2177,0.21379851,74.69,BTC-27SEP24-80000-C,71596.99,buy,200.0,200.0,131164,,,
483,290081371,2024-03-11 11:41:43,0,0.218,0.21695577,74.44,BTC-27SEP24-80000-C,71953.26,buy,0.1,0.1,,,,
484,290085101,2024-03-11 11:46:28,0,0.2195,0.21852281,74.39,BTC-27SEP24-80000-C,72239.07,buy,0.1,0.1,,,,
485,290086048,2024-03-11 11:48:30,0,0.22,0.21832938,74.71,BTC-27SEP24-80000-C,72171.81,buy,0.1,0.1,,,,
486,290111623,2024-03-11 12:56:49,0,0.2205,0.21936852,75.06,BTC-27SEP24-80000-C,71981.96,buy,0.1,0.1,,,,
487,290112034,2024-03-11 12:58:16,0,0.221,0.21999045,75.19,BTC-27SEP24-80000-C,71999.33,buy,0.1,0.1,,,,
488,290112448,2024-03-11 13:00:34,0,0.2235,0.22054186,76.15,BTC-27SEP24-80000-C,71955.98,buy,2.0,2.0,,,,
489,290133929,2024-03-11 13:53:59,2,0.2195,0.22018468,75.99,BTC-27SEP24-80000-C,71468.76,sell,0.5,0.5,,,,
490,290134033,2024-03-11 13:54:09,0,0.2205,0.22042894,76.29,BTC-27SEP24-80000-C,71498.64,buy,4.0,4.0,,,,
491,290138805,2024-03-11 14:06:38,1,0.2205,0.22105442,75.98,BTC-27SEP24-80000-C,71705.4,sell,0.5,0.5,,,,
492,290138923,2024-03-11 14:06:48,0,0.222,0.22145273,76.36,BTC-27SEP24-80000-C,71792.46,buy,0.1,0.1,,,,
493,290138986,2024-03-11 14:06:57,1,0.222,0.22163768,76.27,BTC-27SEP24-80000-C,71844.27,buy,0.1,0.1,,,,
494,290139430,2024-03-11 14:07:42,2,0.221,0.22172776,75.92,BTC-27SEP24-80000-C,71832.56,sell,0.5,0.5,,,,
495,290139651,2024-03-11 14:08:23,3,0.221,0.22138475,76.01,BTC-27SEP24-80000-C,71777.3,sell,5.0,5.0,,,,
496,290141416,2024-03-11 14:13:31,0,0.2235,0.22313821,76.27,BTC-27SEP24-80000-C,72111.32,buy,0.1,0.1,,,,
497,290142190,2024-03-11 14:14:47,0,0.2245,0.22403052,76.26,BTC-27SEP24-80000-C,72294.58,buy,0.1,0.1,,,,
498,290178373,2024-03-11 15:49:50,1,0.2245,0.22472248,76.43,BTC-27SEP24-80000-C,72168.95,sell,0.5,0.5,,,,
499,290178968,2024-03-11 15:50:31,1,0.2245,0.22450477,76.52,BTC-27SEP24-80000-C,72136.88,sell,0.5,0.5,,,,
500,290181221,2024-03-11 15:57:22,1,0.2245,0.2249418,76.38,BTC-27SEP24-80000-C,72204.74,sell,0.5,0.5,,,,
501,290181542,2024-03-11 15:58:08,1,0.2245,0.22477333,76.44,BTC-27SEP24-80000-C,72174.44,sell,0.5,0.5,,,,
502,290183519,2024-03-11 16:00:12,2,0.224,0.22422542,76.52,BTC-27SEP24-80000-C,72085.69,sell,4.0,4.0,,,,
503,290202475,2024-03-11 16:45:53,0,0.227,0.22686205,76.59,BTC-27SEP24-80000-C,72580.72,sell,0.5,0.5,,,,
504,290204075,2024-03-11 16:49:46,2,0.226,0.22618324,76.55,BTC-27SEP24-80000-C,72446.48,sell,0.5,0.5,,,,
505,290204240,2024-03-11 16:50:22,3,0.226,0.22624264,76.54,BTC-27SEP24-80000-C,72444.37,sell,0.5,0.5,,,,
506,290417564,2024-03-12 13:22:05,2,0.224,0.22264514,76.61,BTC-27SEP24-80000-C,72173.88,sell,1.0,1.0,,,,
507,290577713,2024-03-12 20:01:22,2,0.213,0.21359036,74.83,BTC-27SEP24-80000-C,71330.6,sell,0.5,0.5,,,,
508,290579552,2024-03-12 20:09:35,3,0.213,0.21266489,75.14,BTC-27SEP24-80000-C,71193.6,sell,0.2,0.2,,,,
509,290593440,2024-03-12 21:59:32,2,0.2115,0.21221002,75.02,BTC-27SEP24-80000-C,70935.43,sell,1.0,1.0,,,,
510,290620539,2024-03-13 01:44:04,0,0.215,0.21673975,74.35,BTC-27SEP24-80000-C,71859.95,buy,1.0,1.0,,,,
511,290858395,2024-03-14 01:36:47,0,0.2245,0.22414911,76.27,BTC-27SEP24-80000-C,72590.11,buy,1.0,1.0,,,,
512,290904435,2024-03-14 07:11:01,0,0.226,0.22977613,74.77,BTC-27SEP24-80000-C,73560.23,sell,50.0,50.0,131762,,,
513,290912924,2024-03-14 08:06:35,0,0.2275,0.22749444,75.6,BTC-27SEP24-80000-C,73449.52,buy,0.2,0.2,,,,
514,290989598,2024-03-14 14:50:30,2,0.216,0.21505498,76.72,BTC-27SEP24-80000-C,71288.8,sell,5.0,5.0,,,,
515,290989697,2024-03-14 14:50:34,3,0.216,0.21530797,76.67,BTC-27SEP24-80000-C,71309.82,buy,5.0,5.0,,,,
516,291012789,2024-03-14 15:42:04,2,0.213,0.21140016,76.82,BTC-27SEP24-80000-C,70716.97,buy,1.0,1.0,,,,
517,291132843,2024-03-14 21:06:12,0,0.2205,0.21802316,79.17,BTC-27SEP24-80000-C,70584.94,buy,1.0,1.0,,,,
518,291136368,2024-03-14 21:16:04,2,0.2195,0.21991667,78.42,BTC-27SEP24-80000-C,70827.32,sell,0.5,0.5,,,,
519,291136369,2024-03-14 21:16:04,3,0.2195,0.21991667,78.42,BTC-27SEP24-80000-C,70827.32,buy,1.0,1.0,,,,
520,291138252,2024-03-14 21:24:33,3,0.2195,0.22008236,78.5,BTC-27SEP24-80000-C,70789.29,sell,0.5,0.5,,,,
521,291138736,2024-03-14 21:27:06,3,0.2195,0.22027902,78.47,BTC-27SEP24-80000-C,70762.02,sell,1.0,1.0,,,,
522,291139278,2024-03-14 21:31:35,2,0.219,0.2199632,78.29,BTC-27SEP24-80000-C,70729.24,sell,1.0,1.0,,,,
523,291156169,2024-03-14 23:57:55,0,0.223,0.22371801,78.12,BTC-27SEP24-80000-C,71429.15,sell,0.5,0.5,,,,
524,291156170,2024-03-14 23:57:56,0,0.2235,0.22371801,78.3,BTC-27SEP24-80000-C,71429.15,buy,0.1,0.1,,,,
525,291157826,2024-03-15 00:16:13,2,0.2225,0.22318554,78.24,BTC-27SEP24-80000-C,71254.68,sell,1.0,1.0,,,,
526,291174259,2024-03-15 01:50:44,0,0.225,0.2254936,78.07,BTC-27SEP24-80000-C,71722.75,sell,0.1,0.1,,,,
527,291177335,2024-03-15 02:12:28,0,0.226,0.22353273,78.99,BTC-27SEP24-80000-C,71507.21,buy,0.9,0.9,,,,
528,291305176,2024-03-15 05:17:03,2,0.207,0.20641546,79.83,BTC-27SEP24-80000-C,67925.21,sell,0.1,0.1,,,,
529,291344158,2024-03-15 07:39:27,0,0.2125,0.21030766,80.68,BTC-27SEP24-80000-C,68531.39,sell,2.0,2.0,,,M,
530,291381905,2024-03-15 08:56:18,2,0.2007,0.19997734,79.34,BTC-27SEP24-80000-C,67237.41,buy,35.0,35.0,132135,BTC-CS-27SEP24-80000_110000,,
531,291417140,2024-03-15 09:36:35,0,0.201,0.20017297,79.9,BTC-27SEP24-80000-C,67176.35,sell,9.7,9.7,132166,,,
532,291465564,2024-03-15 13:30:41,0,0.203,0.20310121,79.94,BTC-27SEP24-80000-C,67519.5,sell,0.1,0.1,,,,
533,291571624,2024-03-15 21:07:15,2,0.2015,0.20340251,78.05,BTC-27SEP24-80000-C,68186.81,buy,2.0,2.0,,,,
534,291573312,2024-03-15 21:24:12,0,0.202,0.20193396,78.26,BTC-27SEP24-80000-C,68204.06,buy,0.1,0.1,,,,
535,291573471,2024-03-15 21:25:17,1,0.202,0.20219381,78.15,BTC-27SEP24-80000-C,68259.46,buy,0.9,0.9,,,,
536,291590311,2024-03-16 00:01:33,0,0.211,0.21046521,78.66,BTC-27SEP24-80000-C,69493.53,buy,0.1,0.1,,,,
537,291623430,2024-03-16 04:38:10,0,0.217,0.2144854,81.7,BTC-27SEP24-80000-C,68852.82,buy,7.0,7.0,,,,
538,291623658,2024-03-16 04:40:40,2,0.215,0.21521244,80.95,BTC-27SEP24-80000-C,68873.87,sell,5.0,5.0,,,,
539,291625718,2024-03-16 04:52:45,0,0.2165,0.21751907,81.15,BTC-27SEP24-80000-C,69066.64,sell,5.0,5.0,,,,
540,291636172,2024-03-16 07:15:03,2,0.215,0.21513442,80.18,BTC-27SEP24-80000-C,69261.97,buy,0.5,0.5,,,,
541,291649326,2024-03-16 09:57:36,2,0.211,0.21149869,79.45,BTC-27SEP24-80000-C,68984.41,buy,0.5,0.5,,,,
542,291672578,2024-03-16 13:00:27,2,0.2,0.20419122,77.77,BTC-27SEP24-80000-C,67822.81,buy,1.9,1.9,,,,
543,291672615,2024-03-16 13:00:46,3,0.2,0.20431873,77.72,BTC-27SEP24-80000-C,67854.89,sell,1.9,1.9,,,,
544,291689253,2024-03-16 15:18:24,0,0.205,0.20643768,79.4,BTC-27SEP24-80000-C,67996.12,sell,6.0,6.0,,,,
545,291791820,2024-03-17 00:13:21,2,0.1945,0.19140876,80.58,BTC-27SEP24-80000-C,65806.91,buy,0.1,0.1,,,,
546,292023947,2024-03-18 03:32:19,0,0.2084,0.20626236,81.19,BTC-27SEP24-80000-C,67860.49,buy,100.0,100.0,132391,,,
547,292084125,2024-03-18 12:13:21,2,0.208,0.20837534,80.35,BTC-27SEP24-80000-C,68370.83,sell,8.0,8.0,,,,
548,292084244,2024-03-18 12:13:52,0,0.2085,0.20791583,80.68,BTC-27SEP24-80000-C,68288.0,sell,0.1,0.1,,,,
549,292084695,2024-03-18 12:15:50,1,0.2085,0.20739317,80.88,BTC-27SEP24-80000-C,68176.57,sell,0.1,0.1,,,,
550,292094070,2024-03-18 13:25:37,2,0.205,0.20593968,80.36,BTC-27SEP24-80000-C,67881.13,sell,1.0,1.0,,,,
551,292094845,2024-03-18 13:30:28,0,0.206,0.20667999,80.53,BTC-27SEP24-80000-C,68000.91,sell,4.9,4.9,,,,
552,292094846,2024-03-18 13:30:28,1,0.206,0.20667999,80.53,BTC-27SEP24-80000-C,68000.91,sell,0.1,0.1,,,,
553,292094848,2024-03-18 13:30:29,1,0.206,0.20667999,80.53,BTC-27SEP24-80000-C,68000.91,sell,0.1,0.1,,,,
554,292106544,2024-03-18 13:57:28,2,0.203,0.20416366,80.4,BTC-27SEP24-80000-C,67541.57,sell,5.0,5.0,,,,
555,292106940,2024-03-18 13:59:25,3,0.203,0.20394533,80.5,BTC-27SEP24-80000-C,67504.49,sell,5.0,5.0,,,,
556,292113722,2024-03-18 14:27:46,2,0.2025,0.203206,80.56,BTC-27SEP24-80000-C,67404.89,sell,5.0,5.0,,,,
557,292114782,2024-03-18 14:31:47,2,0.2005,0.20120347,80.58,BTC-27SEP24-80000-C,67025.24,sell,5.0,5.0,,,,
558,292117515,2024-03-18 14:36:43,0,0.201,0.20115824,80.68,BTC-27SEP24-80000-C,67113.02,sell,0.9,0.9,,,,
559,292231919,2024-03-19 02:04:45,2,0.19,0.19000911,80.63,BTC-27SEP24-80000-C,65717.52,sell,0.5,0.5,,,,
560,292293378,2024-03-19 06:29:21,2,0.1873,0.18743639,81.12,BTC-27SEP24-80000-C,64987.36,sell,6.0,6.0,132590,,,
561,292305029,2024-03-19 07:09:18,2,0.184,0.18399093,81.57,BTC-27SEP24-80000-C,64139.19,sell,0.1,0.1,,,,
562,292320674,2024-03-19 07:37:47,3,0.184,0.18505156,81.19,BTC-27SEP24-80000-C,64257.5,buy,5.0,5.0,,,,
563,292345236,2024-03-19 08:44:47,2,0.1815,0.17892011,81.9,BTC-27SEP24-80000-C,63583.29,buy,0.1,0.1,,,,
564,292382208,2024-03-19 10:16:31,2,0.18,0.17999142,81.47,BTC-27SEP24-80000-C,63477.11,sell,0.5,0.5,,,,
565,292400713,2024-03-19 11:02:54,0,0.1805,0.17797771,82.47,BTC-27SEP24-80000-C,63077.54,buy,1.6,1.6,,,,
566,292400714,2024-03-19 11:02:54,1,0.1805,0.17797771,82.47,BTC-27SEP24-80000-C,63077.54,buy,5.0,5.0,,,,
567,292400715,2024-03-19 11:02:54,1,0.1805,0.17797771,82.47,BTC-27SEP24-80000-C,63077.54,buy,7.0,7.0,,,,
568,292400716,2024-03-19 11:02:54,1,0.1805,0.17797771,82.47,BTC-27SEP24-80000-C,63077.54,buy,1.0,1.0,,,,
569,292400717,2024-03-19 11:02:54,0,0.181,0.17797771,82.64,BTC-27SEP24-80000-C,63077.54,buy,2.7,2.7,,,,
570,292400718,2024-03-19 11:02:54,1,0.181,0.17797771,82.64,BTC-27SEP24-80000-C,63077.54,buy,6.0,6.0,,,,
571,292400719,2024-03-19 11:02:54,0,0.1815,0.17797771,82.81,BTC-27SEP24-80000-C,63077.54,buy,2.7,2.7,,,,
572,292400799,2024-03-19 11:03:20,2,0.181,0.17815213,82.59,BTC-27SEP24-80000-C,63131.57,buy,7.0,7.0,,,,
573,292400800,2024-03-19 11:03:20,3,0.181,0.17815213,82.59,BTC-27SEP24-80000-C,63131.57,buy,5.0,5.0,,,,
574,292400801,2024-03-19 11:03:20,0,0.1815,0.17815213,82.76,BTC-27SEP24-80000-C,63131.57,buy,7.0,7.0,,,,
575,292400998,2024-03-19 11:04:50,1,0.1815,0.17794909,82.92,BTC-27SEP24-80000-C,63046.08,buy,4.4,4.4,,,,
576,292429952,2024-03-19 12:38:25,0,0.1825,0.1825294,82.52,BTC-27SEP24-80000-C,63599.36,sell,0.1,0.1,,,,
577,292487470,2024-03-19 16:02:42,2,0.182,0.18327369,81.18,BTC-27SEP24-80000-C,64131.99,sell,2.0,2.0,,,,
578,292692950,2024-03-20 07:24:27,2,0.1755,0.17534487,83.23,BTC-27SEP24-80000-C,62379.55,buy,0.1,0.1,,,,
579,292714154,2024-03-20 08:33:54,0,0.18,0.18015155,83.14,BTC-27SEP24-80000-C,63241.57,buy,0.1,0.1,,,,
580,292723269,2024-03-20 09:21:18,2,0.179,0.17902519,83.09,BTC-27SEP24-80000-C,63151.15,buy,0.1,0.1,,,,
581,292739962,2024-03-20 10:54:29,2,0.1775,0.17879882,82.79,BTC-27SEP24-80000-C,63033.16,sell,1.0,1.0,,,,
582,292854717,2024-03-20 18:46:02,0,0.1835,0.18477912,81.89,BTC-27SEP24-80000-C,64556.85,sell,0.1,0.1,,,,
583,292874397,2024-03-20 19:10:47,0,0.192,0.19197851,81.89,BTC-27SEP24-80000-C,65523.81,buy,0.1,0.1,,,,
584,292879514,2024-03-20 19:18:40,0,0.193,0.19215672,82.27,BTC-27SEP24-80000-C,65321.42,buy,0.1,0.1,,,,
585,292892973,2024-03-20 19:56:54,0,0.1975,0.19715479,82.6,BTC-27SEP24-80000-C,65918.24,sell,0.1,0.1,,,,
586,292892989,2024-03-20 19:57:00,2,0.197,0.19721288,82.42,BTC-27SEP24-80000-C,65923.28,sell,0.1,0.1,,,,
587,292903202,2024-03-20 20:13:39,0,0.1995,0.19944713,82.46,BTC-27SEP24-80000-C,66280.39,sell,0.1,0.1,,,,
588,292907044,2024-03-20 20:20:30,1,0.1995,0.19997997,82.2,BTC-27SEP24-80000-C,66442.66,sell,0.1,0.1,,,,
589,292909949,2024-03-20 20:25:06,0,0.2005,0.20118317,82.04,BTC-27SEP24-80000-C,66708.64,buy,0.1,0.1,,,,
590,292916746,2024-03-20 20:34:38,0,0.2055,0.20521407,82.4,BTC-27SEP24-80000-C,67453.77,buy,1.0,1.0,,,,
591,292963584,2024-03-20 22:38:46,0,0.207,0.2070826,82.85,BTC-27SEP24-80000-C,67539.11,sell,0.1,0.1,,,,
592,292983376,2024-03-21 00:12:47,1,0.207,0.20817615,82.24,BTC-27SEP24-80000-C,67812.11,sell,1.0,1.0,,,,
593,292983377,2024-03-21 00:12:47,1,0.207,0.20817615,82.24,BTC-27SEP24-80000-C,67812.11,sell,0.1,0.1,,,,
594,292983855,2024-03-21 00:15:27,1,0.207,0.20822095,82.22,BTC-27SEP24-80000-C,67817.08,sell,1.0,1.0,,,,
595,292994914,2024-03-21 00:49:58,1,0.207,0.20793336,82.0,BTC-27SEP24-80000-C,67929.88,sell,2.5,2.5,,,,
596,292994915,2024-03-21 00:49:58,1,0.207,0.20793336,82.0,BTC-27SEP24-80000-C,67929.88,sell,0.1,0.1,,,,
597,292996264,2024-03-21 00:59:42,2,0.205,0.20641747,81.77,BTC-27SEP24-80000-C,67675.85,sell,0.1,0.1,,,,
598,292998494,2024-03-21 01:23:50,2,0.2045,0.20615961,81.21,BTC-27SEP24-80000-C,67867.97,sell,0.1,0.1,,,,
599,292998495,2024-03-21 01:23:50,3,0.2045,0.20615961,81.21,BTC-27SEP24-80000-C,67867.97,buy,1.0,1.0,,,,
600,293001606,2024-03-21 01:50:09,2,0.203,0.20462888,80.96,BTC-27SEP24-80000-C,67774.4,sell,0.1,0.1,,,,
601,293003865,2024-03-21 02:10:55,2,0.202,0.20319828,80.81,BTC-27SEP24-80000-C,67721.17,buy,0.4,0.4,,,,
602,293003866,2024-03-21 02:10:55,3,0.202,0.20319828,80.81,BTC-27SEP24-80000-C,67721.17,buy,0.1,0.1,,,,
603,293074648,2024-03-21 09:58:15,2,0.2005,0.20047444,82.37,BTC-27SEP24-80000-C,66902.01,buy,0.5,0.5,,,,
604,293106928,2024-03-21 13:48:44,3,0.2005,0.19998772,82.66,BTC-27SEP24-80000-C,66860.12,sell,1.0,1.0,,,,
605,293116236,2024-03-21 14:23:14,0,0.2035,0.20206605,82.78,BTC-27SEP24-80000-C,67361.02,buy,3.0,3.0,,,,
606,293116237,2024-03-21 14:23:15,1,0.2035,0.20207255,82.78,BTC-27SEP24-80000-C,67361.02,sell,1.0,1.0,,,,
607,293316270,2024-03-22 11:43:59,2,0.1855,0.18549453,82.14,BTC-27SEP24-80000-C,64680.95,sell,0.1,0.1,,,,
608,293323470,2024-03-22 12:03:52,2,0.1825,0.18284326,82.37,BTC-27SEP24-80000-C,64015.65,sell,1.9,1.9,,,,
609,293371416,2024-03-22 15:07:32,2,0.1765,0.17563967,82.31,BTC-27SEP24-80000-C,63067.84,sell,0.5,0.5,,,,
610,293426016,2024-03-22 19:59:34,0,0.1805,0.18025126,81.9,BTC-27SEP24-80000-C,63973.7,sell,0.5,0.5,,,,
611,293429749,2024-03-22 20:30:29,2,0.1765,0.17668162,81.28,BTC-27SEP24-80000-C,63575.89,buy,1.3,1.3,,,,
612,293429750,2024-03-22 20:30:29,3,0.1765,0.17668162,81.28,BTC-27SEP24-80000-C,63575.89,buy,0.1,0.1,,,,
613,293429751,2024-03-22 20:30:29,3,0.1765,0.17668162,81.28,BTC-27SEP24-80000-C,63575.89,buy,0.2,0.2,,,,
614,293429752,2024-03-22 20:30:29,3,0.1765,0.17668162,81.28,BTC-27SEP24-80000-C,63575.89,buy,0.1,0.1,,,,
615,293429903,2024-03-22 20:31:38,3,0.1765,0.17678512,81.2,BTC-27SEP24-80000-C,63627.41,buy,1.2,1.2,,,,
616,293429904,2024-03-22 20:31:38,3,0.1765,0.17678512,81.2,BTC-27SEP24-80000-C,63627.41,buy,0.1,0.1,,,,
617,293430264,2024-03-22 20:35:38,2,0.1755,0.1761225,80.96,BTC-27SEP24-80000-C,63592.72,buy,5.0,5.0,,,,
618,293430270,2024-03-22 20:35:38,3,0.1755,0.17613461,80.95,BTC-27SEP24-80000-C,63600.3,buy,0.1,0.1,,,,
619,293430271,2024-03-22 20:35:38,3,0.1755,0.17613461,80.95,BTC-27SEP24-80000-C,63600.3,buy,0.1,0.1,,,,
620,293430272,2024-03-22 20:35:38,3,0.1755,0.17613461,80.95,BTC-27SEP24-80000-C,63600.3,buy,0.8,0.8,,,,
621,293457236,2024-03-22 22:31:11,2,0.1745,0.1736198,81.67,BTC-27SEP24-80000-C,62985.44,sell,2.0,2.0,,,,
622,293516937,2024-03-23 08:06:43,0,0.1815,0.17957286,80.76,BTC-27SEP24-80000-C,64804.25,buy,1.0,1.0,,,,
623,293653775,2024-03-24 13:36:18,0,0.1845,0.1850944,80.85,BTC-27SEP24-80000-C,65426.17,sell,0.1,0.1,,,,
624,293654134,2024-03-24 13:43:33,2,0.184,0.18459858,80.85,BTC-27SEP24-80000-C,65330.68,sell,0.1,0.1,,,,
625,293670698,2024-03-24 17:04:09,2,0.1835,0.18318838,81.29,BTC-27SEP24-80000-C,64979.75,sell,0.1,0.1,,,,
626,293699408,2024-03-24 21:25:48,0,0.1865,0.18858423,80.03,BTC-27SEP24-80000-C,66219.89,sell,0.1,0.1,,,,
627,293699409,2024-03-24 21:25:48,1,0.1865,0.18858423,80.03,BTC-27SEP24-80000-C,66219.89,sell,2.2,2.2,,,,
628,293766346,2024-03-25 06:14:10,0,0.1955,0.19523024,81.51,BTC-27SEP24-80000-C,67195.49,sell,0.1,0.1,,,,
629,293830018,2024-03-25 14:35:16,0,0.205,0.20441803,80.98,BTC-27SEP24-80000-C,69171.8,sell,1.0,1.0,,,,
630,293867788,2024-03-25 16:36:33,0,0.2135,0.21243081,81.81,BTC-27SEP24-80000-C,70073.96,buy,0.5,0.5,,,,
631,293867980,2024-03-25 16:37:08,1,0.2135,0.21208664,81.89,BTC-27SEP24-80000-C,70028.32,buy,0.5,0.5,,,,
632,293868804,2024-03-25 16:38:40,0,0.214,0.21309417,81.68,BTC-27SEP24-80000-C,70258.14,buy,0.5,0.5,,,,
633,293869885,2024-03-25 16:40:35,0,0.2145,0.2131902,81.81,BTC-27SEP24-80000-C,70262.14,buy,0.5,0.5,,,,
634,293881688,2024-03-25 17:17:17,0,0.2152,0.21480003,81.4,BTC-27SEP24-80000-C,70580.28,buy,20.0,20.0,134022,BTC-STRG-27SEP24-48000_80000,,
635,293893460,2024-03-25 17:57:15,0,0.216,0.21578869,81.64,BTC-27SEP24-80000-C,70480.39,sell,0.1,0.1,,,,
636,293898519,2024-03-25 18:30:23,1,0.216,0.21644031,81.4,BTC-27SEP24-80000-C,70647.21,buy,0.9,0.9,,,,
637,293898520,2024-03-25 18:30:24,1,0.216,0.21643207,81.38,BTC-27SEP24-80000-C,70646.03,buy,0.1,0.1,,,,
638,293931628,2024-03-25 21:17:18,2,0.2125,0.21240489,81.33,BTC-27SEP24-80000-C,70092.71,sell,0.1,0.1,,,,
639,293981556,2024-03-26 04:01:44,2,0.2105,0.2133814,79.87,BTC-27SEP24-80000-C,70494.51,sell,21.0,21.0,134146,,,
640,294018832,2024-03-26 08:49:16,0,0.211,0.21147991,80.0,BTC-27SEP24-80000-C,70589.21,sell,0.1,0.1,,,,
641,294020120,2024-03-26 09:10:22,0,0.2125,0.21187356,80.33,BTC-27SEP24-80000-C,70701.9,buy,0.1,0.1,,,,
642,294020121,2024-03-26 09:10:22,1,0.2125,0.21187356,80.33,BTC-27SEP24-80000-C,70701.9,buy,0.6,0.6,,,,
643,294024003,2024-03-26 09:34:41,0,0.2135,0.21454524,79.75,BTC-27SEP24-80000-C,71112.47,sell,0.1,0.1,,,,
644,294024362,2024-03-26 09:37:43,2,0.2125,0.21400268,79.57,BTC-27SEP24-80000-C,70993.53,sell,0.1,0.1,,,,
645,294024750,2024-03-26 09:40:44,0,0.2135,0.214212,79.86,BTC-27SEP24-80000-C,71030.53,sell,0.1,0.1,,,,
646,294025089,2024-03-26 09:43:46,1,0.2135,0.21435841,79.8,BTC-27SEP24-80000-C,71061.78,sell,0.1,0.1,,,,
647,294025360,2024-03-26 09:46:48,1,0.2135,0.21473135,79.66,BTC-27SEP24-80000-C,71137.55,sell,0.1,0.1,,,,
648,294026000,2024-03-26 09:49:50,0,0.214,0.21519873,79.66,BTC-27SEP24-80000-C,71226.7,sell,0.1,0.1,,,,
649,294026432,2024-03-26 09:52:52,2,0.2135,0.21510397,79.52,BTC-27SEP24-80000-C,71206.2,sell,0.1,0.1,,,,
650,294026774,2024-03-26 09:55:53,3,0.2135,0.21490809,79.57,BTC-27SEP24-80000-C,71201.87,sell,0.1,0.1,,,,
651,294069134,2024-03-26 13:56:22,2,0.2105,0.21106602,80.81,BTC-27SEP24-80000-C,70546.15,sell,0.1,0.1,,,,
652,294187037,2024-03-27 06:20:45,0,0.2115,0.21148514,81.41,BTC-27SEP24-80000-C,70389.62,sell,0.2,0.2,,,M,
653,294195455,2024-03-27 07:48:24,2,0.206,0.20776151,80.61,BTC-27SEP24-80000-C,69820.95,sell,6.0,6.0,,,,
654,294195848,2024-03-27 07:51:25,2,0.2045,0.20741155,80.08,BTC-27SEP24-80000-C,69827.64,sell,1.1,1.1,,,,
655,294195849,2024-03-27 07:51:25,3,0.2045,0.20741155,80.08,BTC-27SEP24-80000-C,69827.64,sell,6.0,6.0,,,,
656,294195850,2024-03-27 07:51:25,3,0.2045,0.20741155,80.08,BTC-27SEP24-80000-C,69827.64,sell,0.9,0.9,,,,
657,294195851,2024-03-27 07:51:25,3,0.2045,0.20741155,80.08,BTC-27SEP24-80000-C,69827.64,buy,1.6,1.6,,,,
658,294197229,2024-03-27 08:00:55,2,0.2025,0.20581027,79.41,BTC-27SEP24-80000-C,69817.43,sell,6.0,6.0,,,,
659,294197230,2024-03-27 08:00:55,3,0.2025,0.20581027,79.41,BTC-27SEP24-80000-C,69817.43,sell,12.8,12.8,,,,
660,294197231,2024-03-27 08:00:55,3,0.2025,0.20581027,79.41,BTC-27SEP24-80000-C,69817.43,buy,8.7,8.7,,,,
661,294197232,2024-03-27 08:00:55,3,0.2025,0.20581027,79.41,BTC-27SEP24-80000-C,69817.43,buy,2.5,2.5,,,,
662,294197695,2024-03-27 08:03:02,2,0.201,0.2050375,78.94,BTC-27SEP24-80000-C,69778.56,sell,3.8,3.8,,,,
663,294282223,2024-03-27 14:13:57,0,0.203,0.20131214,81.37,BTC-27SEP24-80000-C,69026.0,buy,0.3,0.3,,,,
664,294412066,2024-03-28 08:56:10,0,0.2098,0.20946473,80.53,BTC-27SEP24-80000-C,70629.37,buy,25.0,25.0,134704,BTC-CBUT-27SEP24-80000_85000_90000,,
665,294452662,2024-03-28 13:42:42,0,0.2125,0.21085824,80.96,BTC-27SEP24-80000-C,70930.02,buy,5.0,5.0,,,,
666,294516942,2024-03-28 22:46:57,2,0.2095,0.21041115,80.07,BTC-27SEP24-80000-C,70832.23,sell,4.0,4.0,,,,
667,294533323,2024-03-29 03:27:25,2,0.2075,0.20756692,80.54,BTC-27SEP24-80000-C,70365.2,sell,0.1,0.1,,,,
668,294540199,2024-03-29 05:23:48,2,0.207,0.2075801,80.53,BTC-27SEP24-80000-C,70266.85,sell,0.1,0.1,,,,
669,294587420,2024-03-29 09:01:35,2,0.201,0.20353397,78.51,BTC-27SEP24-80000-C,70000.32,sell,1.2,1.2,,,,
670,294587421,2024-03-29 09:01:35,2,0.2,0.20353397,78.15,BTC-27SEP24-80000-C,70000.32,sell,1.7,1.7,,,,
671,294587422,2024-03-29 09:01:35,3,0.2,0.20353397,78.15,BTC-27SEP24-80000-C,70000.32,buy,2.1,2.1,,,,
672,294602492,2024-03-29 10:02:39,0,0.2005,0.20149666,78.83,BTC-27SEP24-80000-C,69704.26,buy,0.1,0.1,,,,
673,294702588,2024-03-30 12:07:16,0,0.2095,0.20529358,80.66,BTC-27SEP24-80000-C,70203.08,buy,2.3,2.3,,,,
674,294702589,2024-03-30 12:07:16,1,0.2095,0.20529358,80.66,BTC-27SEP24-80000-C,70203.08,buy,6.0,6.0,,,,
675,294711783,2024-03-30 16:46:57,2,0.208,0.20530115,80.24,BTC-27SEP24-80000-C,70073.43,buy,1.0,1.0,,,,
676,294785625,2024-03-31 18:58:18,0,0.2185,0.21791738,81.54,BTC-27SEP24-80000-C,70994.12,sell,0.2,0.2,,,,
677,294820649,2024-04-01 01:40:22,1,0.2185,0.21838239,81.37,BTC-27SEP24-80000-C,70886.89,sell,1.0,1.0,,,,
678,294827038,2024-04-01 03:29:05,2,0.216,0.21613868,81.39,BTC-27SEP24-80000-C,70618.85,sell,0.1,0.1,,,,
679,294830174,2024-04-01 04:41:39,2,0.2155,0.21563377,81.44,BTC-27SEP24-80000-C,70539.87,sell,0.1,0.1,,,,
680,294830175,2024-04-01 04:41:39,2,0.215,0.21563377,81.26,BTC-27SEP24-80000-C,70539.87,sell,0.1,0.1,,,,
681,294878393,2024-04-01 12:54:22,2,0.206,0.20577473,80.13,BTC-27SEP24-80000-C,69782.3,buy,2.9,2.9,,,,
682,294889556,2024-04-01 14:24:58,2,0.205,0.20502613,80.24,BTC-27SEP24-80000-C,69534.14,buy,0.5,0.5,,,,
683,294889909,2024-04-01 14:27:13,2,0.2045,0.20483387,80.11,BTC-27SEP24-80000-C,69504.19,buy,0.2,0.2,,,,
684,294890550,2024-04-01 14:30:31,2,0.204,0.20441322,80.04,BTC-27SEP24-80000-C,69438.64,buy,0.2,0.2,,,,
685,294897412,2024-04-01 14:52:10,2,0.2025,0.20247045,80.33,BTC-27SEP24-80000-C,69009.79,sell,0.2,0.2,,,,
686,294911647,2024-04-01 15:33:52,2,0.202,0.20119813,80.79,BTC-27SEP24-80000-C,68679.51,sell,0.2,0.2,,,,
687,294911675,2024-04-01 15:34:06,2,0.2015,0.20119082,80.61,BTC-27SEP24-80000-C,68663.22,sell,0.2,0.2,,,,
688,294945417,2024-04-01 19:41:48,2,0.201,0.20050883,79.88,BTC-27SEP24-80000-C,69336.23,sell,0.2,0.2,,,,
689,294949450,2024-04-01 20:01:07,2,0.2005,0.20112206,79.13,BTC-27SEP24-80000-C,69658.53,sell,1.1,1.1,,,,
690,294955361,2024-04-01 21:11:29,0,0.2015,0.20124891,79.36,BTC-27SEP24-80000-C,69767.06,buy,0.6,0.6,,,,
691,294960239,2024-04-01 22:04:34,0,0.2035,0.20330032,80.18,BTC-27SEP24-80000-C,69726.64,sell,1.1,1.1,,,,
692,294965473,2024-04-01 23:08:17,0,0.204,0.20413529,79.86,BTC-27SEP24-80000-C,69842.34,sell,1.9,1.9,,,,
693,295049701,2024-04-02 06:38:56,2,0.189,0.18794075,81.04,BTC-27SEP24-80000-C,67029.07,sell,0.7,0.7,,,,
694,295172290,2024-04-02 16:36:29,2,0.1785,0.1781463,80.84,BTC-27SEP24-80000-C,65358.07,sell,3.1,3.1,,,,
695,295177102,2024-04-02 17:09:26,0,0.179,0.17827418,80.45,BTC-27SEP24-80000-C,65662.43,sell,1.0,1.0,,,,
696,295201904,2024-04-02 21:02:54,0,0.181,0.18088539,80.93,BTC-27SEP24-80000-C,65797.5,sell,1.9,1.9,,,,
697,295218859,2024-04-03 00:38:24,2,0.1735,0.17349195,80.93,BTC-27SEP24-80000-C,64518.5,sell,0.5,0.5,,,,
698,295297573,2024-04-03 14:19:47,0,0.18,0.18007814,79.65,BTC-27SEP24-80000-C,66499.99,sell,1.8,1.8,,,,
699,295337927,2024-04-03 19:53:27,2,0.1755,0.17556683,79.23,BTC-27SEP24-80000-C,65923.54,buy,0.1,0.1,,,,
700,295337928,2024-04-03 19:53:29,3,0.1755,0.17559244,79.23,BTC-27SEP24-80000-C,65921.89,buy,0.1,0.1,,,,
701,295408306,2024-04-04 13:07:29,0,0.1765,0.17677661,77.89,BTC-27SEP24-80000-C,66877.18,buy,1.1,1.1,,,,
702,295408307,2024-04-04 13:07:29,1,0.1765,0.17677661,77.89,BTC-27SEP24-80000-C,66877.18,buy,0.9,0.9,,,,
703,295408308,2024-04-04 13:07:29,1,0.1765,0.17677661,77.89,BTC-27SEP24-80000-C,66877.18,buy,0.5,0.5,,,,
704,295408309,2024-04-04 13:07:29,1,0.1765,0.17677661,77.89,BTC-27SEP24-80000-C,66877.18,buy,0.3,0.3,,,,
705,295408409,2024-04-04 13:07:43,1,0.1765,0.17676222,77.89,BTC-27SEP24-80000-C,66873.12,buy,2.2,2.2,,,,
706,295478144,2024-04-04 19:34:58,0,0.1895,0.18991509,78.38,BTC-27SEP24-80000-C,69024.71,sell,1.0,1.0,,,,
707,295618780,2024-04-05 15:16:53,2,0.181,0.18181646,78.84,BTC-27SEP24-80000-C,67719.21,sell,0.1,0.1,,,,
708,295675491,2024-04-06 08:19:03,2,0.178,0.17808378,77.76,BTC-27SEP24-80000-C,67911.18,buy,5.0,5.0,,,,
709,295883009,2024-04-08 09:48:25,0,0.208,0.20721719,79.78,BTC-27SEP24-80000-C,72122.42,sell,0.2,0.2,,,,
710,295897241,2024-04-08 10:38:11,2,0.2075,0.20739198,79.37,BTC-27SEP24-80000-C,72125.62,buy,0.1,0.1,,,,
711,296004463,2024-04-09 01:11:30,2,0.198,0.19866837,78.73,BTC-27SEP24-80000-C,70944.42,buy,1.2,1.2,,,,
712,296063736,2024-04-09 09:51:48,2,0.195,0.19513935,79.59,BTC-27SEP24-80000-C,70358.99,sell,0.5,0.5,,,,
713,296074910,2024-04-09 12:54:42,0,0.198,0.19691207,79.61,BTC-27SEP24-80000-C,70877.03,sell,0.1,0.1,,,,
714,296079420,2024-04-09 13:41:07,2,0.1955,0.19570585,79.03,BTC-27SEP24-80000-C,70756.0,sell,0.1,0.1,,BTC-STRD-27SEP24-80000,,296079418
715,296083387,2024-04-09 14:00:07,2,0.192,0.19144524,79.36,BTC-27SEP24-80000-C,69935.0,sell,0.1,0.1,,,,
716,296112414,2024-04-09 15:36:53,2,0.1855,0.18565892,78.87,BTC-27SEP24-80000-C,69134.44,sell,3.0,3.0,,,,
717,296112450,2024-04-09 15:36:58,3,0.1855,0.18566236,78.87,BTC-27SEP24-80000-C,69127.61,sell,1.7,1.7,,,,
718,296118122,2024-04-09 16:20:15,2,0.1821,0.18417366,78.16,BTC-27SEP24-80000-C,68836.89,buy,5.0,5.0,,BTC-STRD-27SEP24-80000,,296118121
719,296118587,2024-04-09 16:21:32,0,0.1835,0.18390307,78.75,BTC-27SEP24-80000-C,68805.37,buy,1.5,1.5,,,,
720,296118588,2024-04-09 16:21:32,1,0.1835,0.18390307,78.75,BTC-27SEP24-80000-C,68805.37,buy,0.3,0.3,,,,
721,296118589,2024-04-09 16:21:32,1,0.1835,0.18390307,78.75,BTC-27SEP24-80000-C,68805.37,buy,3.2,3.2,,,,
722,296118704,2024-04-09 16:21:48,2,0.183,0.18395524,78.56,BTC-27SEP24-80000-C,68807.57,sell,0.4,0.4,,,,
723,296118705,2024-04-09 16:21:48,3,0.183,0.18395524,78.56,BTC-27SEP24-80000-C,68807.57,sell,2.6,2.6,,,,
724,296118818,2024-04-09 16:22:18,0,0.1835,0.18448304,78.52,BTC-27SEP24-80000-C,68927.66,buy,2.0,2.0,,,,
725,296120662,2024-04-09 16:41:58,2,0.1815,0.18331196,78.06,BTC-27SEP24-80000-C,68801.58,sell,0.1,0.1,,,,
726,296155788,2024-04-10 01:01:01,0,0.186,0.18574567,79.25,BTC-27SEP24-80000-C,69051.83,sell,1.9,1.9,,,,
727,296179268,2024-04-10 05:41:03,0,0.187,0.1864593,79.41,BTC-27SEP24-80000-C,69270.34,sell,1.7,1.7,,,,
728,296196680,2024-04-10 09:44:36,2,0.1845,0.18490796,78.68,BTC-27SEP24-80000-C,69056.6,buy,2.0,2.0,,,,
729,296288852,2024-04-10 18:09:47,0,0.1855,0.18508036,78.93,BTC-27SEP24-80000-C,69271.03,buy,1.0,1.0,,,,
730,296303583,2024-04-10 19:54:41,0,0.188,0.18816774,78.62,BTC-27SEP24-80000-C,69918.52,buy,1.7,1.7,,,,
731,296316956,2024-04-10 22:17:01,0,0.192,0.19186751,78.87,BTC-27SEP24-80000-C,70492.43,sell,1.8,1.8,,,,
732,296407491,2024-04-11 13:01:28,2,0.19,0.19081257,77.48,BTC-27SEP24-80000-C,70926.53,sell,3.0,3.0,,,,
733,296407586,2024-04-11 13:02:31,3,0.19,0.19078047,77.46,BTC-27SEP24-80000-C,70922.63,sell,1.0,1.0,,,,
734,296409497,2024-04-11 13:22:52,2,0.188,0.18785096,77.23,BTC-27SEP24-80000-C,70700.23,buy,2.0,2.0,,,,
735,296508400,2024-04-12 07:08:16,2,0.185,0.18488074,76.22,BTC-27SEP24-80000-C,70869.56,buy,1.7,1.7,,,,
736,296533863,2024-04-12 11:42:42,2,0.1835,0.18320959,75.89,BTC-27SEP24-80000-C,70830.74,buy,1.8,1.8,,,,
737,296539044,2024-04-12 12:37:32,2,0.1825,0.18282181,75.99,BTC-27SEP24-80000-C,70714.05,sell,1.0,1.0,,,,
738,296577395,2024-04-12 16:19:36,2,0.169,0.1694305,75.32,BTC-27SEP24-80000-C,68850.92,sell,2.0,2.0,,,,
739,296577731,2024-04-12 16:20:03,2,0.1685,0.16912447,75.18,BTC-27SEP24-80000-C,68836.57,sell,3.0,3.0,,,,
740,296582713,2024-04-12 16:43:33,2,0.167,0.16765847,74.99,BTC-27SEP24-80000-C,68663.14,sell,0.5,0.5,,,,
741,296593804,2024-04-12 17:28:09,2,0.16,0.16185343,74.18,BTC-27SEP24-80000-C,67792.38,buy,0.1,0.1,,,M,
742,296616630,2024-04-12 18:31:59,2,0.1585,0.15813502,74.76,BTC-27SEP24-80000-C,67431.68,sell,0.2,0.2,,,,
743,296616631,2024-04-12 18:31:59,3,0.1585,0.15813502,74.76,BTC-27SEP24-80000-C,67431.68,sell,1.4,1.4,,,,
744,296616632,2024-04-12 18:31:59,3,0.1585,0.15813502,74.76,BTC-27SEP24-80000-C,67431.68,sell,0.3,0.3,,,,
745,296616667,2024-04-12 18:32:01,3,0.1585,0.15804865,74.79,BTC-27SEP24-80000-C,67420.26,sell,1.7,1.7,,,,
746,296616734,2024-04-12 18:32:05,3,0.1585,0.15791288,74.83,BTC-27SEP24-80000-C,67401.67,sell,1.5,1.5,,,,
747,296616735,2024-04-12 18:32:05,3,0.1585,0.15791288,74.83,BTC-27SEP24-80000-C,67401.67,sell,0.1,0.1,,,,
748,296617954,2024-04-12 18:32:36,2,0.1565,0.15633294,74.77,BTC-27SEP24-80000-C,67060.08,sell,2.0,2.0,,,,
749,296627353,2024-04-12 18:35:35,2,0.149,0.14944217,74.63,BTC-27SEP24-80000-C,65736.81,sell,0.3,0.3,,,,
750,296627354,2024-04-12 18:35:35,3,0.149,0.14944217,74.63,BTC-27SEP24-80000-C,65736.81,sell,5.0,5.0,,,,
751,296733829,2024-04-13 07:16:23,0,0.1575,0.16071137,75.25,BTC-27SEP24-80000-C,67256.94,sell,1.5,1.5,,,,
752,296815212,2024-04-13 20:02:49,2,0.14,0.14040886,76.34,BTC-27SEP24-80000-C,63700.17,sell,0.1,0.1,,,,
753,296877299,2024-04-13 20:33:06,0,0.1455,0.13863788,82.56,BTC-27SEP24-80000-C,62615.24,buy,0.5,0.5,,,,
754,296903894,2024-04-13 21:08:06,2,0.1345,0.13643969,78.16,BTC-27SEP24-80000-C,62335.95,buy,0.1,0.1,,,,
755,296904004,2024-04-13 21:08:09,3,0.1345,0.13633242,78.17,BTC-27SEP24-80000-C,62291.9,buy,0.1,0.1,,,,
756,296907426,2024-04-13 21:12:40,2,0.134,0.13469069,77.77,BTC-27SEP24-80000-C,62377.81,buy,3.0,3.0,,,,
757,296940748,2024-04-13 22:21:34,0,0.1365,0.13702661,77.43,BTC-27SEP24-80000-C,62862.89,buy,0.1,0.1,,,,
758,296944162,2024-04-13 22:30:22,0,0.137,0.13730473,77.48,BTC-27SEP24-80000-C,62888.19,buy,0.5,0.5,,,,
759,297081037,2024-04-14 08:48:40,0,0.1425,0.14516537,76.01,BTC-27SEP24-80000-C,64627.28,buy,5.0,5.0,,,,
760,297092755,2024-04-14 10:02:35,0,0.145,0.14516787,77.53,BTC-27SEP24-80000-C,64297.36,sell,0.1,0.1,,,,
761,297108097,2024-04-14 12:45:27,2,0.1425,0.14462575,76.56,BTC-27SEP24-80000-C,64593.76,buy,1.0,1.0,,,,
762,297117880,2024-04-14 14:04:18,0,0.143,0.14453158,77.81,BTC-27SEP24-80000-C,64100.93,sell,0.5,0.5,,,,
763,297134712,2024-04-14 16:00:58,0,0.1465,0.14363113,78.86,BTC-27SEP24-80000-C,64222.66,buy,0.1,0.1,,,,
764,297157286,2024-04-14 17:36:36,2,0.138,0.14088423,76.75,BTC-27SEP24-80000-C,63664.48,sell,2.0,2.0,,,,
765,297172112,2024-04-14 18:37:12,0,0.146,0.14555482,77.86,BTC-27SEP24-80000-C,64622.98,sell,1.0,1.0,,,,
766,297172134,2024-04-14 18:37:24,1,0.146,0.14556225,77.86,BTC-27SEP24-80000-C,64619.66,sell,1.0,1.0,,,,
767,297231386,2024-04-15 01:48:26,0,0.1495,0.14984197,77.56,BTC-27SEP24-80000-C,65257.26,sell,5.0,5.0,,,,
768,297256600,2024-04-15 04:21:16,2,0.147,0.14704354,76.99,BTC-27SEP24-80000-C,64988.77,buy,0.1,0.1,,,,
769,297287081,2024-04-15 07:56:34,0,0.1523,0.15353561,76.46,BTC-27SEP24-80000-C,66325.52,sell,100.0,100.0,136725,BTC-CS-27SEP24-80000_100000,,
770,297287354,2024-04-15 07:58:10,0,0.1525,0.15386463,76.43,BTC-27SEP24-80000-C,66373.05,sell,50.0,50.0,136726,,,
771,297289831,2024-04-15 08:10:51,0,0.1532,0.15309144,76.97,BTC-27SEP24-80000-C,66229.13,buy,12.5,12.5,136732,BTC-CS-27SEP24-80000_100000,,
772,297344749,2024-04-15 14:55:45,2,0.1385,0.13989788,75.3,BTC-27SEP24-80000-C,64447.07,sell,0.2,0.2,,,,
773,297368330,2024-04-15 16:30:15,2,0.137,0.13681884,75.7,BTC-27SEP24-80000-C,64073.09,sell,0.1,0.1,,,,
774,297404181,2024-04-15 19:06:03,2,0.13,0.13016973,76.02,BTC-27SEP24-80000-C,62551.08,sell,0.1,0.1,,,,
775,297565124,2024-04-16 13:33:43,0,0.1325,0.13333055,76.09,BTC-27SEP24-80000-C,62945.0,sell,1.4,1.4,,,,
776,297566207,2024-04-16 13:38:26,2,0.132,0.13216797,76.5,BTC-27SEP24-80000-C,62824.44,sell,1.0,1.0,,,,
777,297576177,2024-04-16 14:13:24,2,0.1315,0.13160639,76.56,BTC-27SEP24-80000-C,62735.09,sell,1.0,1.0,,,,
778,297576178,2024-04-16 14:13:24,3,0.1315,0.13160639,76.56,BTC-27SEP24-80000-C,62735.09,sell,1.0,1.0,,,,
779,297594189,2024-04-16 15:38:01,2,0.1285,0.12874732,76.66,BTC-27SEP24-80000-C,62121.84,sell,1.0,1.0,,,,
780,297605064,2024-04-16 16:29:02,2,0.1275,0.12818125,76.86,BTC-27SEP24-80000-C,61900.95,sell,1.0,1.0,,,,
781,297605065,2024-04-16 16:29:02,3,0.1275,0.12818125,76.86,BTC-27SEP24-80000-C,61900.95,sell,0.1,0.1,,,,
782,297606449,2024-04-16 16:39:15,2,0.127,0.12783403,76.8,BTC-27SEP24-80000-C,61873.13,sell,4.0,4.0,,,,
783,297619223,2024-04-16 17:34:36,0,0.132,0.13216345,76.98,BTC-27SEP24-80000-C,62750.98,sell,1.0,1.0,,,,
784,297626814,2024-04-16 18:22:29,2,0.1305,0.13058157,76.88,BTC-27SEP24-80000-C,62564.32,sell,1.0,1.0,,,,
785,297626815,2024-04-16 18:22:29,3,0.1305,0.13058157,76.88,BTC-27SEP24-80000-C,62564.32,sell,1.0,1.0,,,,
786,297626816,2024-04-16 18:22:29,3,0.1305,0.13058157,76.88,BTC-27SEP24-80000-C,62564.32,sell,1.0,1.0,,,,
787,297626817,2024-04-16 18:22:29,3,0.1305,0.13058157,76.88,BTC-27SEP24-80000-C,62564.32,sell,1.0,1.0,,,,
788,297626818,2024-04-16 18:22:29,3,0.1305,0.13058157,76.88,BTC-27SEP24-80000-C,62564.32,sell,0.7,0.7,,,,
789,297726189,2024-04-17 12:39:16,2,0.125,0.12541151,75.67,BTC-27SEP24-80000-C,62138.2,sell,0.1,0.1,,,,
790,297741078,2024-04-17 14:06:24,2,0.122,0.12197176,74.82,BTC-27SEP24-80000-C,62046.62,sell,0.4,0.4,,,,
791,297741165,2024-04-17 14:06:30,3,0.122,0.12172379,74.89,BTC-27SEP24-80000-C,62041.94,sell,0.1,0.1,,,,
792,297741232,2024-04-17 14:06:34,3,0.122,0.12164973,74.92,BTC-27SEP24-80000-C,62021.67,sell,1.4,1.4,,,,
793,297741233,2024-04-17 14:06:34,3,0.122,0.12164973,74.92,BTC-27SEP24-80000-C,62021.67,sell,2.1,2.1,,,,
794,297921990,2024-04-18 06:51:57,2,0.1145,0.11567145,74.62,BTC-27SEP24-80000-C,61008.47,sell,9.9,9.9,,,,
795,297921991,2024-04-18 06:51:57,3,0.1145,0.11567145,74.62,BTC-27SEP24-80000-C,61008.47,sell,0.1,0.1,,,,
796,297936400,2024-04-18 08:57:19,0,0.1175,0.11717315,75.03,BTC-27SEP24-80000-C,61388.89,sell,1.0,1.0,,,,
797,297936597,2024-04-18 08:59:55,1,0.1175,0.1171928,75.08,BTC-27SEP24-80000-C,61362.26,sell,2.0,2.0,,,,
798,297936598,2024-04-18 08:59:55,1,0.1175,0.1171928,75.08,BTC-27SEP24-80000-C,61362.26,sell,2.0,2.0,,,,
799,297936599,2024-04-18 08:59:55,1,0.1175,0.1171928,75.08,BTC-27SEP24-80000-C,61362.26,sell,0.8,0.8,,,,
800,297936992,2024-04-18 09:03:46,0,0.118,0.11784731,75.06,BTC-27SEP24-80000-C,61460.45,sell,2.0,2.0,,,,
801,297937192,2024-04-18 09:06:12,2,0.1175,0.11766112,74.94,BTC-27SEP24-80000-C,61428.52,sell,2.0,2.0,,,,
802,297937278,2024-04-18 09:07:31,3,0.1175,0.11767185,74.9,BTC-27SEP24-80000-C,61441.32,buy,0.7,0.7,,,,
803,298015625,2024-04-18 16:19:38,0,0.125,0.1267043,73.4,BTC-27SEP24-80000-C,63563.53,sell,7.0,7.0,,,,
804,298015626,2024-04-18 16:19:38,1,0.125,0.1267043,73.4,BTC-27SEP24-80000-C,63563.53,sell,5.7,5.7,,,,
805,298015627,2024-04-18 16:19:38,1,0.125,0.1267043,73.4,BTC-27SEP24-80000-C,63563.53,sell,1.1,1.1,,,,
806,298015628,2024-04-18 16:19:38,1,0.125,0.1267043,73.4,BTC-27SEP24-80000-C,63563.53,buy,1.0,1.0,,,,
807,298015629,2024-04-18 16:19:38,1,0.125,0.1267043,73.4,BTC-27SEP24-80000-C,63563.53,buy,1.1,1.1,,,,
808,298015630,2024-04-18 16:19:38,1,0.125,0.1267043,73.4,BTC-27SEP24-80000-C,63563.53,buy,14.1,14.1,,,,
809,298015703,2024-04-18 16:19:49,1,0.125,0.12673223,73.38,BTC-27SEP24-80000-C,63585.16,sell,2.2,2.2,,,,
810,298015704,2024-04-18 16:19:49,1,0.125,0.12673223,73.38,BTC-27SEP24-80000-C,63585.16,buy,24.8,24.8,,,,
811,298015707,2024-04-18 16:19:50,1,0.125,0.12676759,73.37,BTC-27SEP24-80000-C,63583.63,buy,0.1,0.1,,,,
812,298015708,2024-04-18 16:19:50,1,0.125,0.12676759,73.37,BTC-27SEP24-80000-C,63583.63,buy,2.9,2.9,,,,
813,298015767,2024-04-18 16:20:24,2,0.124,0.12646074,73.06,BTC-27SEP24-80000-C,63567.19,sell,5.9,5.9,,,,
814,298015768,2024-04-18 16:20:24,3,0.124,0.12646074,73.06,BTC-27SEP24-80000-C,63567.19,sell,5.0,5.0,,,,
815,298015769,2024-04-18 16:20:24,3,0.124,0.12646074,73.06,BTC-27SEP24-80000-C,63567.19,sell,7.0,7.0,,,,
816,298015770,2024-04-18 16:20:24,3,0.124,0.12646074,73.06,BTC-27SEP24-80000-C,63567.19,sell,6.0,6.0,,,,
817,298015771,2024-04-18 16:20:24,3,0.124,0.12646074,73.06,BTC-27SEP24-80000-C,63567.19,sell,1.2,1.2,,,,
818,298015772,2024-04-18 16:20:24,3,0.124,0.12646074,73.06,BTC-27SEP24-80000-C,63567.19,buy,1.6,1.6,,,,
819,298015773,2024-04-18 16:20:24,3,0.124,0.12646074,73.06,BTC-27SEP24-80000-C,63567.19,buy,3.3,3.3,,,,
820,298015805,2024-04-18 16:20:32,3,0.124,0.12642072,73.02,BTC-27SEP24-80000-C,63583.92,buy,7.1,7.1,,,,
821,298015806,2024-04-18 16:20:32,3,0.124,0.12642072,73.02,BTC-27SEP24-80000-C,63583.92,buy,9.0,9.0,,,,
822,298015876,2024-04-18 16:20:39,3,0.124,0.12621172,73.06,BTC-27SEP24-80000-C,63561.65,buy,13.9,13.9,,,,
823,298015972,2024-04-18 16:21:12,2,0.1235,0.12556302,72.89,BTC-27SEP24-80000-C,63547.02,buy,9.0,9.0,,,,
824,298018023,2024-04-18 16:34:04,0,0.125,0.1249757,72.92,BTC-27SEP24-80000-C,63831.85,buy,6.0,6.0,,,,
825,298023187,2024-04-18 17:27:32,2,0.1215,0.12189532,72.63,BTC-27SEP24-80000-C,63350.42,buy,1.0,1.0,,,,
826,298024006,2024-04-18 17:32:26,0,0.122,0.12157618,72.94,BTC-27SEP24-80000-C,63279.98,buy,15.0,15.0,,,,
827,298027906,2024-04-18 17:53:28,2,0.1195,0.1193341,72.83,BTC-27SEP24-80000-C,62785.77,sell,5.0,5.0,,,,
828,298029197,2024-04-18 18:01:05,0,0.12,0.11928282,72.97,BTC-27SEP24-80000-C,62892.55,buy,25.0,25.0,,,,
829,298035277,2024-04-18 18:43:38,0,0.1225,0.12176785,73.33,BTC-27SEP24-80000-C,63150.22,buy,1.2,1.2,,,,
830,298035278,2024-04-18 18:43:38,1,0.1225,0.12176785,73.33,BTC-27SEP24-80000-C,63150.22,buy,6.0,6.0,,,,
831,298035279,2024-04-18 18:43:38,1,0.1225,0.12176785,73.33,BTC-27SEP24-80000-C,63150.22,buy,3.1,3.1,,,,
832,298035280,2024-04-18 18:43:39,1,0.1225,0.12176785,73.33,BTC-27SEP24-80000-C,63150.22,sell,1.2,1.2,,,,
833,298035281,2024-04-18 18:43:39,1,0.1225,0.12176785,73.33,BTC-27SEP24-80000-C,63150.22,sell,0.1,0.1,,,,
834,298035288,2024-04-18 18:43:40,1,0.1225,0.12175961,73.33,BTC-27SEP24-80000-C,63150.63,sell,8.4,8.4,,,,
835,298055457,2024-04-18 21:37:53,0,0.125,0.1241329,73.6,BTC-27SEP24-80000-C,63524.3,buy,0.7,0.7,,,,
836,298059745,2024-04-18 22:21:11,2,0.1245,0.12334611,73.83,BTC-27SEP24-80000-C,63310.94,buy,0.3,0.3,,,,
837,298336683,2024-04-19 18:01:53,0,0.1285,0.12651647,73.61,BTC-27SEP24-80000-C,64538.27,sell,12.5,12.5,137747,BTC-CS-27SEP24-80000_100000,,
838,298386707,2024-04-20 00:34:53,2,0.1205,0.12212069,72.06,BTC-27SEP24-80000-C,63920.39,sell,0.2,0.2,,,,
839,298449206,2024-04-20 15:42:09,0,0.124,0.12443138,72.36,BTC-27SEP24-80000-C,64435.43,buy,0.2,0.2,,,,
840,298481878,2024-04-20 23:06:29,0,0.1255,0.12958028,72.37,BTC-27SEP24-80000-C,64736.45,sell,0.1,0.1,,,,
841,298493840,2024-04-21 02:27:47,0,0.1345,0.13296313,74.15,BTC-27SEP24-80000-C,65280.75,sell,0.1,0.1,,,,
842,298671922,2024-04-22 15:33:44,0,0.135,0.13591169,73.13,BTC-27SEP24-80000-C,65962.29,buy,0.1,0.1,,,,
843,298671941,2024-04-22 15:34:33,0,0.136,0.13592836,73.48,BTC-27SEP24-80000-C,65975.37,buy,0.1,0.1,,,,
844,298672346,2024-04-22 15:39:04,1,0.136,0.13582698,73.53,BTC-27SEP24-80000-C,65955.93,buy,0.2,0.2,,,,
845,298677489,2024-04-22 16:22:27,0,0.138,0.13799579,73.34,BTC-27SEP24-80000-C,66382.48,buy,0.2,0.2,,,,
846,298677629,2024-04-22 16:23:19,2,0.1375,0.13797079,73.15,BTC-27SEP24-80000-C,66379.63,buy,1.2,1.2,,,,
847,298682852,2024-04-22 17:21:12,2,0.1355,0.13638083,72.62,BTC-27SEP24-80000-C,66355.21,sell,0.1,0.1,,,,
848,298726761,2024-04-23 03:21:25,0,0.139,0.138537,73.07,BTC-27SEP24-80000-C,66768.71,sell,0.4,0.4,,,,
849,298735874,2024-04-23 06:53:46,2,0.136,0.13586594,72.82,BTC-27SEP24-80000-C,66392.41,sell,0.1,0.1,,,,
850,298789045,2024-04-23 16:52:38,2,0.135,0.13512266,71.73,BTC-27SEP24-80000-C,66783.54,sell,1.0,1.0,,,,
851,298805888,2024-04-23 20:16:07,2,0.1295,0.13035125,70.87,BTC-27SEP24-80000-C,66207.23,sell,1.0,1.0,,,,
852,298851383,2024-04-24 06:33:42,0,0.13,0.13046746,70.22,BTC-27SEP24-80000-C,66595.13,buy,0.2,0.2,,,,
853,298878316,2024-04-24 12:38:43,2,0.127,0.12671992,69.23,BTC-27SEP24-80000-C,66606.14,buy,1.3,1.3,,,,
854,298878317,2024-04-24 12:38:43,3,0.127,0.12671992,69.23,BTC-27SEP24-80000-C,66606.14,sell,1.3,1.3,,,,
855,298903943,2024-04-24 14:41:21,2,0.121,0.12099008,70.3,BTC-27SEP24-80000-C,64947.49,sell,1.0,1.0,,,,
856,298904361,2024-04-24 14:42:43,2,0.1205,0.12062761,70.23,BTC-27SEP24-80000-C,64878.51,sell,1.0,1.0,,,,
857,298971509,2024-04-24 23:24:43,2,0.112,0.11204475,68.66,BTC-27SEP24-80000-C,64121.45,sell,0.1,0.1,,,,
858,298978719,2024-04-25 01:34:03,0,0.113,0.11364371,68.31,BTC-27SEP24-80000-C,64540.08,buy,0.1,0.1,,,,
859,299012965,2024-04-25 09:45:09,2,0.103,0.10354797,66.04,BTC-27SEP24-80000-C,63899.33,buy,4.0,4.0,,,,
860,299012966,2024-04-25 09:45:09,3,0.103,0.10354797,66.04,BTC-27SEP24-80000-C,63899.33,sell,6.0,6.0,,,,
861,299012995,2024-04-25 09:45:37,3,0.103,0.10352052,66.04,BTC-27SEP24-80000-C,63901.0,buy,4.0,4.0,,,,
862,299051443,2024-04-25 13:53:00,2,0.101,0.10030695,66.52,BTC-27SEP24-80000-C,63316.85,buy,1.3,1.3,,,,
863,299056218,2024-04-25 14:24:46,0,0.103,0.10306132,66.49,BTC-27SEP24-80000-C,63720.86,sell,0.4,0.4,,,,
864,299058834,2024-04-25 14:47:06,2,0.102,0.10127498,66.65,BTC-27SEP24-80000-C,63411.75,buy,3.0,3.0,,,,
865,299060964,2024-04-25 15:08:41,3,0.102,0.10126746,66.76,BTC-27SEP24-80000-C,63374.53,buy,1.0,1.0,,,,
866,299061194,2024-04-25 15:13:06,0,0.1025,0.10176793,66.74,BTC-27SEP24-80000-C,63481.41,buy,0.6,0.6,,,,
867,299062149,2024-04-25 15:25:25,0,0.103,0.10240831,66.8,BTC-27SEP24-80000-C,63581.28,buy,1.3,1.3,,,,
868,299106497,2024-04-25 22:14:07,0,0.1085,0.10737341,66.97,BTC-27SEP24-80000-C,64670.57,buy,5.0,5.0,,,,
869,299108904,2024-04-25 23:11:39,2,0.1075,0.10791302,66.6,BTC-27SEP24-80000-C,64655.46,sell,0.2,0.2,,,,
870,299109053,2024-04-25 23:11:42,3,0.1075,0.10763501,66.6,BTC-27SEP24-80000-C,64544.27,sell,1.7,1.7,,,,
871,299109062,2024-04-25 23:11:43,3,0.1075,0.10763501,66.81,BTC-27SEP24-80000-C,64520.37,sell,1.1,1.1,,,,
872,299110034,2024-04-25 23:28:07,3,0.1075,0.10750606,66.95,BTC-27SEP24-80000-C,64510.48,sell,3.0,3.0,,,,
873,299118254,2024-04-26 01:11:44,2,0.105,0.10501612,66.96,BTC-27SEP24-80000-C,63977.2,sell,0.1,0.1,,,,
874,299124507,2024-04-26 02:14:12,0,0.1075,0.10759989,66.87,BTC-27SEP24-80000-C,64538.57,sell,4.0,4.0,,,,
875,299125332,2024-04-26 02:29:43,2,0.107,0.10729059,66.78,BTC-27SEP24-80000-C,64484.6,sell,1.0,1.0,,,,
876,299126367,2024-04-26 02:50:38,3,0.107,0.10702541,66.92,BTC-27SEP24-80000-C,64434.36,sell,1.0,1.0,,,,
877,299126374,2024-04-26 02:51:15,3,0.107,0.10704916,66.91,BTC-27SEP24-80000-C,64439.1,sell,2.0,2.0,,,,
878,299126452,2024-04-26 02:52:49,0,0.1075,0.10730578,67.02,BTC-27SEP24-80000-C,64478.41,buy,1.3,1.3,,,,
879,299126453,2024-04-26 02:52:49,1,0.1075,0.10730578,67.02,BTC-27SEP24-80000-C,64478.41,sell,0.7,0.7,,,,
880,299126466,2024-04-26 02:53:28,1,0.1075,0.1074212,66.97,BTC-27SEP24-80000-C,64502.83,sell,2.0,2.0,,,,
881,299127960,2024-04-26 03:29:00,2,0.1065,0.1071573,66.81,BTC-27SEP24-80000-C,64380.81,sell,2.0,2.0,,,,
882,299137667,2024-04-26 06:35:09,2,0.1045,0.10448725,66.15,BTC-27SEP24-80000-C,64387.16,sell,0.1,0.1,,,,
883,299138190,2024-04-26 06:42:41,2,0.104,0.10398241,66.2,BTC-27SEP24-80000-C,64269.72,sell,0.1,0.1,,,,
884,299151970,2024-04-26 07:59:51,2,0.1025,0.10238019,65.6,BTC-27SEP24-80000-C,64287.69,sell,1.5,1.5,,,,
885,299152009,2024-04-26 07:59:57,3,0.1025,0.10237381,65.61,BTC-27SEP24-80000-C,64286.54,sell,1.1,1.1,,,,
886,299153957,2024-04-26 08:06:01,3,0.1025,0.10258309,65.62,BTC-27SEP24-80000-C,64292.41,sell,1.0,1.0,,,,
887,299159415,2024-04-26 09:02:35,0,0.103,0.10166062,65.47,BTC-27SEP24-80000-C,64452.73,buy,100.0,100.0,138576,,,
888,299159613,2024-04-26 09:03:41,2,0.101,0.10143757,64.76,BTC-27SEP24-80000-C,64405.34,sell,25.0,25.0,,,,
889,299159679,2024-04-26 09:03:55,0,0.103,0.10115934,65.65,BTC-27SEP24-80000-C,64359.76,buy,100.0,100.0,138578,,,
890,299159866,2024-04-26 09:04:34,1,0.103,0.10123531,65.64,BTC-27SEP24-80000-C,64374.0,buy,100.0,100.0,138579,,,
891,299160063,2024-04-26 09:05:17,2,0.1025,0.10126709,65.44,BTC-27SEP24-80000-C,64363.69,buy,2.0,2.0,,,,
892,299160065,2024-04-26 09:05:17,3,0.1025,0.10126709,65.44,BTC-27SEP24-80000-C,64363.69,sell,1.1,1.1,,,,
893,299160117,2024-04-26 09:05:18,3,0.1025,0.10127283,65.44,BTC-27SEP24-80000-C,64363.53,sell,26.9,26.9,,,,
894,299160225,2024-04-26 09:05:40,3,0.1025,0.10190351,65.4,BTC-27SEP24-80000-C,64371.94,sell,0.6,0.6,,,,
895,299160241,2024-04-26 09:05:58,2,0.102,0.10202567,65.16,BTC-27SEP24-80000-C,64385.6,sell,5.0,5.0,,,,
896,299160286,2024-04-26 09:06:05,0,0.1025,0.10213986,65.32,BTC-27SEP24-80000-C,64412.76,sell,0.6,0.6,,,,
897,299161367,2024-04-26 09:21:14,2,0.1015,0.10257754,64.82,BTC-27SEP24-80000-C,64432.49,sell,0.1,0.1,,,,
898,299162316,2024-04-26 09:38:15,0,0.103,0.10259239,65.27,BTC-27SEP24-80000-C,64501.16,sell,2.1,2.1,,,,
899,299162317,2024-04-26 09:38:15,1,0.103,0.10259239,65.27,BTC-27SEP24-80000-C,64501.16,sell,0.4,0.4,,,,
900,299162470,2024-04-26 09:39:57,1,0.103,0.10257684,65.35,BTC-27SEP24-80000-C,64464.54,sell,2.5,2.5,,,,
901,299165145,2024-04-26 10:40:13,2,0.1012,0.10158251,64.85,BTC-27SEP24-80000-C,64380.31,buy,22.0,22.0,138587,BTC-CS-27SEP24-75000_80000,,
902,299169251,2024-04-26 11:23:29,2,0.0995,0.09880635,64.6,BTC-27SEP24-80000-C,64205.05,buy,0.9,0.9,,,,
903,299169252,2024-04-26 11:23:29,0,0.1005,0.09880635,64.99,BTC-27SEP24-80000-C,64205.05,sell,2.1,2.1,,,,
904,299173576,2024-04-26 12:38:11,1,0.1005,0.1003166,64.58,BTC-27SEP24-80000-C,64386.66,sell,0.9,0.9,,,,
905,299179280,2024-04-26 13:20:08,2,0.098,0.09755126,64.91,BTC-27SEP24-80000-C,63820.89,sell,0.9,0.9,,,,
906,299183215,2024-04-26 13:40:43,2,0.0975,0.09874314,64.31,BTC-27SEP24-80000-C,64001.1,sell,1.7,1.7,,,,
907,299187474,2024-04-26 14:09:05,0,0.1015,0.10063481,64.97,BTC-27SEP24-80000-C,64438.52,buy,1.0,1.0,,,,
908,299249361,2024-04-27 00:29:17,2,0.096,0.09571438,64.59,BTC-27SEP24-80000-C,63534.57,sell,0.9,0.9,,,,
909,299266763,2024-04-27 01:44:56,2,0.092,0.09071874,65.04,BTC-27SEP24-80000-C,62673.55,buy,2.5,2.5,,,,
910,299280028,2024-04-27 04:31:21,3,0.092,0.09326461,64.01,BTC-27SEP24-80000-C,63097.83,sell,0.1,0.1,,,,
911,299280029,2024-04-27 04:31:21,3,0.092,0.09326461,64.01,BTC-27SEP24-80000-C,63097.83,buy,0.1,0.1,,,,
912,299341385,2024-04-28 02:48:30,0,0.0945,0.09520756,63.98,BTC-27SEP24-80000-C,63715.38,buy,5.0,5.0,,,,
913,299380664,2024-04-28 15:37:43,0,0.095,0.09616423,64.62,BTC-27SEP24-80000-C,63511.56,buy,0.4,0.4,,,,
914,299417131,2024-04-29 03:28:36,2,0.0895,0.08978963,64.71,BTC-27SEP24-80000-C,62539.7,sell,0.1,0.1,,,,
915,299437318,2024-04-29 07:20:28,2,0.085,0.08587403,63.58,BTC-27SEP24-80000-C,62249.89,sell,1.2,1.2,,,,
916,299437391,2024-04-29 07:21:35,0,0.086,0.08588016,63.95,BTC-27SEP24-80000-C,62274.2,buy,0.7,0.7,,,,
917,299451886,2024-04-29 11:21:07,0,0.0865,0.08666534,63.85,BTC-27SEP24-80000-C,62346.97,buy,0.5,0.5,,,,
918,299464389,2024-04-29 13:43:39,2,0.0855,0.08492787,64.15,BTC-27SEP24-80000-C,62015.54,buy,0.1,0.1,,,,
919,299468365,2024-04-29 14:05:16,2,0.0845,0.08518794,64.01,BTC-27SEP24-80000-C,61991.32,sell,0.6,0.6,,,,
920,299468366,2024-04-29 14:05:16,3,0.0845,0.08518794,64.01,BTC-27SEP24-80000-C,61991.32,buy,1.4,1.4,,,,
921,299482150,2024-04-29 16:15:18,0,0.0905,0.0904654,64.29,BTC-27SEP24-80000-C,63067.18,buy,0.5,0.5,,,,
922,299502780,2024-04-29 21:37:19,2,0.0875,0.08723817,63.49,BTC-27SEP24-80000-C,62920.08,sell,1.0,1.0,,,,
923,299502897,2024-04-29 21:38:32,3,0.0875,0.08757377,63.39,BTC-27SEP24-80000-C,62969.93,sell,1.0,1.0,,,,
924,299502937,2024-04-29 21:39:36,3,0.0875,0.08750297,63.43,BTC-27SEP24-80000-C,62951.87,sell,1.0,1.0,,,,
925,299503343,2024-04-29 21:52:29,3,0.0875,0.08794957,63.35,BTC-27SEP24-80000-C,63013.71,sell,5.0,5.0,,,,
926,299504002,2024-04-29 22:00:31,3,0.0875,0.08770203,63.3,BTC-27SEP24-80000-C,63041.29,sell,1.8,1.8,,,,
927,299504003,2024-04-29 22:00:31,3,0.0875,0.08770203,63.3,BTC-27SEP24-80000-C,63041.29,sell,0.3,0.3,,,,
928,299504708,2024-04-29 22:12:23,3,0.0875,0.08826479,63.09,BTC-27SEP24-80000-C,63148.45,sell,2.9,2.9,,,,
929,299523143,2024-04-30 00:34:23,0,0.092,0.09190333,63.23,BTC-27SEP24-80000-C,63965.51,sell,2.0,2.0,,,,
930,299523329,2024-04-30 00:37:32,1,0.092,0.09188683,63.15,BTC-27SEP24-80000-C,64006.42,sell,0.2,0.2,,,,
931,299523353,2024-04-30 00:37:35,1,0.092,0.09188952,63.15,BTC-27SEP24-80000-C,64006.42,sell,0.1,0.1,,,,
932,299523575,2024-04-30 00:39:44,1,0.092,0.09194782,63.17,BTC-27SEP24-80000-C,63998.49,sell,1.6,1.6,,,,
933,299523576,2024-04-30 00:39:44,1,0.092,0.09194782,63.17,BTC-27SEP24-80000-C,63998.49,sell,0.3,0.3,,,,
934,299529304,2024-04-30 00:56:29,0,0.0955,0.09527387,63.34,BTC-27SEP24-80000-C,64635.27,sell,1.7,1.7,,,,
935,299529344,2024-04-30 00:56:50,1,0.0955,0.09517375,63.39,BTC-27SEP24-80000-C,64607.18,sell,1.1,1.1,,,,
936,299529700,2024-04-30 00:58:28,2,0.095,0.0947131,63.33,BTC-27SEP24-80000-C,64538.46,buy,1.1,1.1,,,,
937,299533129,2024-04-30 01:38:01,2,0.092,0.09264485,62.96,BTC-27SEP24-80000-C,64103.67,sell,0.1,0.1,,,,
938,299534131,2024-04-30 01:54:55,3,0.092,0.09200757,63.28,BTC-27SEP24-80000-C,63937.47,sell,1.2,1.2,,,,
939,299535092,2024-04-30 01:59:49,2,0.091,0.09065007,63.45,BTC-27SEP24-80000-C,63643.71,sell,1.2,1.2,,,,
940,299535100,2024-04-30 01:59:50,3,0.091,0.09062423,63.46,BTC-27SEP24-80000-C,63638.02,sell,1.6,1.6,,,,
941,299535102,2024-04-30 01:59:50,3,0.091,0.09062423,63.48,BTC-27SEP24-80000-C,63631.93,sell,0.9,0.9,,,,
942,299543462,2024-04-30 03:08:04,2,0.09,0.08971779,62.93,BTC-27SEP24-80000-C,63702.57,buy,0.6,0.6,,,,
