trade_seq,trade_id,timestamp,tick_direction,price,mark_price,iv,instrument_name,index_price,direction,contracts,amount,combo_id,block_trade_id,combo_trade_id
1,337043923,2024-12-26 11:47:08,1,0.033,0.03280997,57.85,BTC-17JAN25-102000-C,95553.12,buy,0.2,0.2,,,
2,337097014,2024-12-26 15:42:52,1,0.033,0.03318616,57.29,BTC-17JAN25-102000-C,95846.82,buy,0.1,0.1,,,
3,337192529,2024-12-26 21:15:59,2,0.031,0.03083487,57.65,BTC-17JAN25-102000-C,95248.37,sell,0.2,0.2,,,
4,337215657,2024-12-26 23:21:36,0,0.032,0.03192864,57.53,BTC-17JAN25-102000-C,95638.93,buy,0.1,0.1,,,
5,337247509,2024-12-27 01:49:11,1,0.032,0.03241155,56.76,BTC-17JAN25-102000-C,95857.76,sell,0.1,0.1,,,
6,337273902,2024-12-27 03:22:48,0,0.034,0.03363905,57.56,BTC-17JAN25-102000-C,96204.61,buy,0.9,0.9,,,
7,337273926,2024-12-27 03:22:48,1,0.034,0.03363456,57.56,BTC-17JAN25-102000-C,96205.01,sell,1.4,1.4,,,
8,337273999,2024-12-27 03:23:15,0,0.0345,0.03376874,58.09,BTC-17JAN25-102000-C,96208.53,buy,1.3,1.3,,,
9,337365639,2024-12-27 08:00:53,2,0.0305,0.03130825,57.63,BTC-17JAN25-102000-C,95206.43,sell,0.2,0.2,,,
10,337368753,2024-12-27 08:04:04,0,0.0315,0.03163648,58.25,BTC-17JAN25-102000-C,95323.84,buy,0.3,0.3,,,
11,337369794,2024-12-27 08:05:11,0,0.032,0.03187074,58.59,BTC-17JAN25-102000-C,95392.4,sell,0.1,0.1,,,
12,337376228,2024-12-27 08:12:59,0,0.033,0.03320983,58.03,BTC-17JAN25-102000-C,95819.74,sell,0.1,0.1,,,
13,337473247,2024-12-27 15:03:20,2,0.029,0.02918296,56.19,BTC-17JAN25-102000-C,95324.29,buy,0.3,0.3,,,
14,337475314,2024-12-27 15:11:46,3,0.029,0.02886373,56.56,BTC-17JAN25-102000-C,95255.5,buy,0.1,0.1,,,
15,337478735,2024-12-27 15:19:03,2,0.027,0.02704967,56.4,BTC-17JAN25-102000-C,94661.46,sell,0.3,0.3,,,
16,337540662,2024-12-27 20:37:26,2,0.0265,0.02654585,56.98,BTC-17JAN25-102000-C,94498.93,buy,0.1,0.1,,,
17,337627939,2024-12-28 22:48:40,2,0.026,0.02669633,55.85,BTC-17JAN25-102000-C,95067.02,sell,0.1,0.1,,,
18,337648479,2024-12-29 08:01:48,0,0.0262,0.02629029,56.73,BTC-17JAN25-102000-C,95060.16,sell,200.0,200.0,,175198,
19,337653568,2024-12-29 11:14:27,2,0.0255,0.02543063,56.44,BTC-17JAN25-102000-C,94949.8,buy,0.1,0.1,,,
20,337672389,2024-12-29 16:16:58,2,0.0225,0.02266708,56.69,BTC-17JAN25-102000-C,93991.31,buy,1.0,1.0,BTC-CS-17JAN25-98000_102000,,337672388
21,337698582,2024-12-29 22:11:07,2,0.02,0.02032129,56.84,BTC-17JAN25-102000-C,93134.59,sell,0.1,0.1,,,
22,337752354,2024-12-30 08:04:25,0,0.0205,0.02098042,56.29,BTC-17JAN25-102000-C,93620.14,sell,3.0,3.0,,,
23,337788545,2024-12-30 14:27:01,2,0.018,0.01810575,56.67,BTC-17JAN25-102000-C,92736.58,buy,0.1,0.1,,,
24,337848417,2024-12-30 17:50:16,0,0.021,0.02101477,57.21,BTC-17JAN25-102000-C,93808.95,buy,0.1,0.1,,,
25,337946169,2024-12-31 02:31:01,2,0.017,0.01725406,56.69,BTC-17JAN25-102000-C,92484.9,buy,0.1,0.1,,,
26,337947510,2024-12-31 03:00:07,2,0.0165,0.01682419,56.66,BTC-17JAN25-102000-C,92305.38,buy,0.1,0.1,,,
27,337948304,2024-12-31 03:12:19,2,0.016,0.01632822,56.41,BTC-17JAN25-102000-C,92179.92,sell,0.2,0.2,,,
28,337973045,2024-12-31 08:17:02,0,0.0175,0.01769927,56.42,BTC-17JAN25-102000-C,92893.35,sell,0.1,0.1,,,
29,337973149,2024-12-31 08:17:10,1,0.0175,0.0178807,56.2,BTC-17JAN25-102000-C,92951.01,sell,0.1,0.1,,,
30,337974876,2024-12-31 08:21:58,0,0.0185,0.0185708,56.61,BTC-17JAN25-102000-C,93200.24,buy,0.1,0.1,,,
31,337977867,2024-12-31 08:27:51,0,0.02,0.02026499,56.39,BTC-17JAN25-102000-C,93789.34,sell,0.1,0.1,,,
32,337978177,2024-12-31 08:28:49,1,0.02,0.02027594,56.42,BTC-17JAN25-102000-C,93786.7,sell,0.1,0.1,,,
33,337990787,2024-12-31 09:13:34,0,0.0205,0.02043635,56.95,BTC-17JAN25-102000-C,93870.53,buy,0.1,0.1,,,
34,338008023,2024-12-31 12:24:28,0,0.022,0.02212813,56.69,BTC-17JAN25-102000-C,94498.22,buy,1.5,1.5,,,
35,338008841,2024-12-31 12:30:43,0,0.0225,0.02248561,56.79,BTC-17JAN25-102000-C,94653.16,buy,1.5,1.5,,,
36,338008842,2024-12-31 12:30:43,1,0.0225,0.02248561,56.79,BTC-17JAN25-102000-C,94653.16,buy,2.7,2.7,,,
37,338014061,2024-12-31 13:10:28,0,0.023,0.02311007,56.96,BTC-17JAN25-102000-C,94785.88,buy,1.5,1.5,,,
38,338014297,2024-12-31 13:11:50,0,0.0235,0.02320729,57.45,BTC-17JAN25-102000-C,94822.89,buy,1.5,1.5,,,
39,338100482,2024-12-31 20:48:43,2,0.019,0.01896519,56.85,BTC-17JAN25-102000-C,93546.09,buy,0.3,0.3,,,
40,338100553,2024-12-31 20:49:34,3,0.019,0.01910355,56.62,BTC-17JAN25-102000-C,93587.43,buy,0.5,0.5,,,
41,338119595,2025-01-01 01:21:43,0,0.0195,0.01900276,56.96,BTC-17JAN25-102000-C,93799.04,buy,0.1,0.1,,,
42,338166498,2025-01-01 16:54:44,2,0.0175,0.01776293,55.06,BTC-17JAN25-102000-C,93757.29,buy,0.1,0.1,,,
43,338166617,2025-01-01 16:59:50,3,0.0175,0.01795169,54.68,BTC-17JAN25-102000-C,93863.78,sell,0.1,0.1,,,
44,338166619,2025-01-01 16:59:56,3,0.0175,0.01794968,54.67,BTC-17JAN25-102000-C,93863.5,sell,0.1,0.1,,,
45,338166621,2025-01-01 17:00:03,3,0.0175,0.01793892,54.69,BTC-17JAN25-102000-C,93861.07,sell,0.1,0.1,,,
46,338166642,2025-01-01 17:00:12,3,0.0175,0.01793608,54.71,BTC-17JAN25-102000-C,93860.79,sell,0.1,0.1,,,
47,338166695,2025-01-01 17:01:13,3,0.0175,0.01796532,54.54,BTC-17JAN25-102000-C,93863.54,sell,0.1,0.1,,,
48,338166715,2025-01-01 17:02:13,3,0.0175,0.01785074,54.82,BTC-17JAN25-102000-C,93838.15,sell,0.1,0.1,,,
49,338166716,2025-01-01 17:02:20,3,0.0175,0.01785425,54.81,BTC-17JAN25-102000-C,93839.03,sell,0.1,0.1,,,
50,338166726,2025-01-01 17:02:27,3,0.0175,0.01784796,54.82,BTC-17JAN25-102000-C,93833.32,sell,0.1,0.1,,,
51,338166727,2025-01-01 17:02:31,3,0.0175,0.01782784,54.85,BTC-17JAN25-102000-C,93831.3,sell,0.1,0.1,,,
52,338171167,2025-01-01 18:54:56,0,0.0185,0.01804648,55.76,BTC-17JAN25-102000-C,94008.94,buy,0.1,0.1,,,
53,338175494,2025-01-01 19:49:29,0,0.02,0.01992316,55.52,BTC-17JAN25-102000-C,94589.03,buy,1.5,1.5,,,
54,338182800,2025-01-01 21:23:34,0,0.021,0.02119584,55.97,BTC-17JAN25-102000-C,94822.3,buy,1.5,1.5,,,
55,338201208,2025-01-02 00:45:11,0,0.0215,0.02207635,56.7,BTC-17JAN25-102000-C,94885.12,sell,0.1,0.1,,,
56,338212414,2025-01-02 02:12:39,0,0.0225,0.02207896,58.38,BTC-17JAN25-102000-C,94874.49,buy,0.1,0.1,,,
57,338242761,2025-01-02 08:09:40,0,0.0245,0.02408786,57.82,BTC-17JAN25-102000-C,95725.22,buy,0.1,0.1,,,
58,338250792,2025-01-02 09:05:41,0,0.025,0.02495747,57.11,BTC-17JAN25-102000-C,96058.78,buy,0.1,0.1,,,
59,338250839,2025-01-02 09:05:58,1,0.025,0.02486707,57.23,BTC-17JAN25-102000-C,96029.48,buy,0.1,0.1,,,
60,338250859,2025-01-02 09:06:19,1,0.025,0.02488528,57.21,BTC-17JAN25-102000-C,96033.84,buy,0.1,0.1,,,
61,338251645,2025-01-02 09:16:50,1,0.025,0.02507055,56.93,BTC-17JAN25-102000-C,96095.08,buy,0.2,0.2,,,
62,338281841,2025-01-02 13:09:14,0,0.0285,0.02813649,58.7,BTC-17JAN25-102000-C,96751.08,buy,0.1,0.1,,,
63,338305220,2025-01-02 14:56:15,0,0.0295,0.02915222,58.33,BTC-17JAN25-102000-C,97146.55,buy,0.1,0.1,,,
64,338385119,2025-01-02 23:08:32,2,0.0255,0.02520285,55.88,BTC-17JAN25-102000-C,96758.34,buy,0.9,0.9,,,
65,338385123,2025-01-02 23:08:32,3,0.0255,0.02520285,55.88,BTC-17JAN25-102000-C,96758.34,sell,0.1,0.1,,,
66,338393378,2025-01-03 02:13:13,2,0.025,0.02520172,54.33,BTC-17JAN25-102000-C,96971.76,buy,0.1,0.1,,,
67,338399674,2025-01-03 03:57:52,2,0.0245,0.02496326,53.99,BTC-17JAN25-102000-C,96960.05,sell,0.1,0.1,,,
68,338427540,2025-01-03 08:04:41,2,0.022,0.02247167,53.89,BTC-17JAN25-102000-C,96302.74,sell,0.1,0.1,,,
69,338428370,2025-01-03 08:07:44,3,0.022,0.02252081,53.74,BTC-17JAN25-102000-C,96323.21,sell,0.1,0.1,,,
70,338430753,2025-01-03 08:28:29,2,0.0215,0.02201076,53.23,BTC-17JAN25-102000-C,96302.43,sell,0.1,0.1,,,
71,338430766,2025-01-03 08:29:09,3,0.0215,0.02198138,53.26,BTC-17JAN25-102000-C,96299.27,sell,0.7,0.7,,,
72,338442470,2025-01-03 10:19:54,2,0.021,0.02183414,52.04,BTC-17JAN25-102000-C,96426.18,sell,0.1,0.1,,,
73,338462648,2025-01-03 14:31:31,0,0.0235,0.02331163,53.72,BTC-17JAN25-102000-C,96968.02,buy,0.7,0.7,,,
74,338476010,2025-01-03 15:13:28,2,0.023,0.02369507,52.52,BTC-17JAN25-102000-C,97069.8,sell,1.0,1.0,,,
75,338477752,2025-01-03 15:20:18,3,0.023,0.02304888,53.52,BTC-17JAN25-102000-C,96874.76,sell,0.1,0.1,,,
76,338478074,2025-01-03 15:21:17,2,0.0225,0.02262087,53.33,BTC-17JAN25-102000-C,96754.99,buy,0.7,0.7,,,
77,338483378,2025-01-03 15:47:08,0,0.0245,0.02462849,52.76,BTC-17JAN25-102000-C,97467.99,sell,0.2,0.2,,,
78,338493082,2025-01-03 16:27:21,0,0.027,0.02698874,52.31,BTC-17JAN25-102000-C,98270.26,sell,0.2,0.2,,,
79,338498319,2025-01-03 16:53:02,2,0.025,0.02526357,52.09,BTC-17JAN25-102000-C,97769.06,sell,3.0,3.0,,,
80,338539453,2025-01-04 00:08:11,3,0.025,0.02499634,51.13,BTC-17JAN25-102000-C,98084.48,sell,1.0,1.0,,,
81,338547257,2025-01-04 02:22:51,2,0.0245,0.02414873,51.69,BTC-17JAN25-102000-C,97885.31,buy,0.2,0.2,,,
82,338550320,2025-01-04 03:09:52,2,0.024,0.02472191,50.22,BTC-17JAN25-102000-C,98109.68,sell,0.1,0.1,,,
83,338574019,2025-01-04 11:43:05,2,0.0225,0.02297148,50.27,BTC-17JAN25-102000-C,97788.73,sell,0.1,0.1,,,
84,338579614,2025-01-04 13:53:50,0,0.024,0.02414057,51.59,BTC-17JAN25-102000-C,97969.76,buy,2.0,2.0,,,
85,338615339,2025-01-04 23:23:48,1,0.024,0.02459357,51.3,BTC-17JAN25-102000-C,98208.9,sell,0.1,0.1,,,
86,338624974,2025-01-05 05:06:07,0,0.0255,0.02504427,53.32,BTC-17JAN25-102000-C,98333.27,buy,0.1,0.1,,,
87,338635014,2025-01-05 08:06:27,2,0.0225,0.02300645,51.44,BTC-17JAN25-102000-C,97977.4,sell,0.1,0.1,,,
88,338647678,2025-01-05 12:19:25,2,0.0215,0.02167622,50.98,BTC-17JAN25-102000-C,97848.55,buy,8.3,8.3,,,
89,338656571,2025-01-05 14:46:45,3,0.0215,0.02145952,51.54,BTC-17JAN25-102000-C,97789.51,buy,5.0,5.0,,,
90,338700088,2025-01-06 01:19:50,3,0.0215,0.02141099,51.51,BTC-17JAN25-102000-C,97982.9,sell,0.1,0.1,,,
91,338701842,2025-01-06 01:52:31,0,0.0225,0.02266085,51.18,BTC-17JAN25-102000-C,98329.82,buy,0.1,0.1,,,
92,338721625,2025-01-06 04:06:33,0,0.0265,0.02595146,53.01,BTC-17JAN25-102000-C,99144.8,buy,0.1,0.1,,,
93,338807987,2025-01-06 14:50:54,0,0.03,0.02986589,51.35,BTC-17JAN25-102000-C,100429.71,sell,0.3,0.3,,,
94,338818491,2025-01-06 15:02:24,0,0.032,0.03190269,51.41,BTC-17JAN25-102000-C,100852.24,buy,0.1,0.1,,,
95,338820447,2025-01-06 15:06:12,0,0.0325,0.03227967,51.79,BTC-17JAN25-102000-C,100913.83,buy,0.1,0.1,,,
96,338821626,2025-01-06 15:08:42,0,0.0338,0.03286405,52.53,BTC-17JAN25-102000-C,101063.75,buy,400.0,400.0,BTC-CDIAG-17JAN25_10JAN25-102000_99000,175869,
97,338835364,2025-01-06 15:39:30,0,0.0365,0.03635515,51.79,BTC-17JAN25-102000-C,101789.94,sell,0.1,0.1,,,
98,338835365,2025-01-06 15:39:30,1,0.0365,0.03635515,51.79,BTC-17JAN25-102000-C,101789.94,sell,0.1,0.1,,,
99,338835366,2025-01-06 15:39:30,1,0.0365,0.03635515,51.79,BTC-17JAN25-102000-C,101789.94,sell,0.1,0.1,,,
100,338835374,2025-01-06 15:39:32,1,0.0365,0.03627557,51.85,BTC-17JAN25-102000-C,101781.49,sell,0.1,0.1,,,
101,338835375,2025-01-06 15:39:32,1,0.0365,0.03627557,51.85,BTC-17JAN25-102000-C,101781.49,sell,0.2,0.2,,,
102,338835376,2025-01-06 15:39:32,1,0.0365,0.03627557,51.85,BTC-17JAN25-102000-C,101781.49,sell,0.1,0.1,,,
103,338835402,2025-01-06 15:39:32,1,0.0365,0.03627557,51.85,BTC-17JAN25-102000-C,101781.49,sell,0.3,0.3,,,
104,338835418,2025-01-06 15:39:32,1,0.0365,0.03627557,51.85,BTC-17JAN25-102000-C,101781.49,sell,0.4,0.4,,,
105,338835428,2025-01-06 15:39:32,1,0.0365,0.03627557,51.87,BTC-17JAN25-102000-C,101778.31,sell,0.4,0.4,,,
106,338835429,2025-01-06 15:39:33,1,0.0365,0.03627557,51.87,BTC-17JAN25-102000-C,101778.31,sell,0.1,0.1,,,
107,338835430,2025-01-06 15:39:33,1,0.0365,0.03627557,51.87,BTC-17JAN25-102000-C,101778.31,sell,0.1,0.1,,,
108,338835431,2025-01-06 15:39:33,1,0.0365,0.03627557,51.87,BTC-17JAN25-102000-C,101778.31,sell,0.1,0.1,,,
109,338835438,2025-01-06 15:39:33,1,0.0365,0.03627557,52.02,BTC-17JAN25-102000-C,101758.2,sell,0.2,0.2,,,
110,338835439,2025-01-06 15:39:33,1,0.0365,0.03627557,52.02,BTC-17JAN25-102000-C,101758.2,sell,0.1,0.1,,,
111,338835440,2025-01-06 15:39:33,1,0.0365,0.03627557,52.02,BTC-17JAN25-102000-C,101758.2,sell,0.4,0.4,,,
112,338835442,2025-01-06 15:39:34,1,0.0365,0.03627557,52.02,BTC-17JAN25-102000-C,101758.2,sell,0.2,0.2,,,
113,338835443,2025-01-06 15:39:34,1,0.0365,0.03627557,52.02,BTC-17JAN25-102000-C,101758.2,sell,0.2,0.2,,,
114,338835444,2025-01-06 15:39:34,1,0.0365,0.03627557,52.02,BTC-17JAN25-102000-C,101758.2,sell,0.1,0.1,,,
115,338835445,2025-01-06 15:39:34,1,0.0365,0.03627557,52.02,BTC-17JAN25-102000-C,101758.2,sell,0.1,0.1,,,
116,338835447,2025-01-06 15:39:34,1,0.0365,0.03627557,52.02,BTC-17JAN25-102000-C,101758.2,sell,0.2,0.2,,,
117,338835448,2025-01-06 15:39:34,1,0.0365,0.03627557,52.02,BTC-17JAN25-102000-C,101758.2,sell,0.4,0.4,,,
118,338835449,2025-01-06 15:39:34,1,0.0365,0.03627557,52.02,BTC-17JAN25-102000-C,101758.2,sell,0.2,0.2,,,
119,338836266,2025-01-06 15:41:52,1,0.0365,0.03660384,51.5,BTC-17JAN25-102000-C,101820.42,sell,1.4,1.4,,,
120,338836268,2025-01-06 15:41:52,1,0.0365,0.03660384,51.5,BTC-17JAN25-102000-C,101820.42,sell,0.5,0.5,,,
121,338836271,2025-01-06 15:41:52,1,0.0365,0.03660384,51.5,BTC-17JAN25-102000-C,101820.42,sell,0.1,0.1,,,
122,338836274,2025-01-06 15:41:52,1,0.0365,0.03660384,51.5,BTC-17JAN25-102000-C,101820.42,sell,0.2,0.2,,,
123,338836276,2025-01-06 15:41:52,1,0.0365,0.03660384,51.5,BTC-17JAN25-102000-C,101820.42,sell,0.2,0.2,,,
124,338836286,2025-01-06 15:41:52,1,0.0365,0.03660384,51.5,BTC-17JAN25-102000-C,101820.42,sell,0.1,0.1,,,
125,338836287,2025-01-06 15:41:52,1,0.0365,0.03660384,51.5,BTC-17JAN25-102000-C,101820.42,sell,0.1,0.1,,,
126,338836289,2025-01-06 15:41:52,1,0.0365,0.03660384,51.5,BTC-17JAN25-102000-C,101820.42,sell,0.1,0.1,,,
127,338836292,2025-01-06 15:41:53,1,0.0365,0.03660384,51.56,BTC-17JAN25-102000-C,101811.34,sell,0.3,0.3,,,
128,338837073,2025-01-06 15:43:40,0,0.037,0.0372081,51.46,BTC-17JAN25-102000-C,101927.64,sell,1.5,1.5,,,
129,338837076,2025-01-06 15:43:40,1,0.037,0.0372081,51.46,BTC-17JAN25-102000-C,101927.64,sell,0.4,0.4,,,
130,338837077,2025-01-06 15:43:40,1,0.037,0.0372081,51.46,BTC-17JAN25-102000-C,101927.64,sell,0.1,0.1,,,
131,338837078,2025-01-06 15:43:40,1,0.037,0.0372081,51.46,BTC-17JAN25-102000-C,101927.64,sell,0.1,0.1,,,
132,338837081,2025-01-06 15:43:40,1,0.037,0.0372081,51.46,BTC-17JAN25-102000-C,101927.64,sell,0.1,0.1,,,
133,338837082,2025-01-06 15:43:41,1,0.037,0.0372081,51.46,BTC-17JAN25-102000-C,101927.64,sell,0.7,0.7,,,
134,338837084,2025-01-06 15:43:41,1,0.037,0.03716034,51.49,BTC-17JAN25-102000-C,101924.15,sell,0.3,0.3,,,
135,338837087,2025-01-06 15:43:41,1,0.037,0.03716034,51.49,BTC-17JAN25-102000-C,101924.15,sell,0.1,0.1,,,
136,338837088,2025-01-06 15:43:41,1,0.037,0.03716034,51.49,BTC-17JAN25-102000-C,101924.15,sell,0.1,0.1,,,
137,338837089,2025-01-06 15:43:41,1,0.037,0.03716034,51.49,BTC-17JAN25-102000-C,101924.15,sell,0.2,0.2,,,
138,338837090,2025-01-06 15:43:41,1,0.037,0.03716034,51.49,BTC-17JAN25-102000-C,101924.15,sell,0.1,0.1,,,
139,338837091,2025-01-06 15:43:41,1,0.037,0.03716034,51.49,BTC-17JAN25-102000-C,101924.15,sell,0.1,0.1,,,
140,338837092,2025-01-06 15:43:41,1,0.037,0.03716034,51.49,BTC-17JAN25-102000-C,101924.15,sell,0.1,0.1,,,
141,338837093,2025-01-06 15:43:41,1,0.037,0.03716034,51.49,BTC-17JAN25-102000-C,101924.15,sell,0.5,0.5,,,
142,338837094,2025-01-06 15:43:41,1,0.037,0.03716034,51.49,BTC-17JAN25-102000-C,101924.15,sell,0.2,0.2,,,
143,338837232,2025-01-06 15:43:52,1,0.037,0.0371223,51.39,BTC-17JAN25-102000-C,101937.64,sell,10.0,10.0,,,
144,338839056,2025-01-06 15:46:17,0,0.039,0.03851375,52.37,BTC-17JAN25-102000-C,102206.78,buy,0.2,0.2,,,
145,338843954,2025-01-06 15:55:09,0,0.0395,0.03944394,52.2,BTC-17JAN25-102000-C,102321.58,sell,0.1,0.1,,,
146,338852079,2025-01-06 16:09:57,1,0.0395,0.03906782,52.39,BTC-17JAN25-102000-C,102269.16,buy,1.0,1.0,,,
147,338852095,2025-01-06 16:09:57,1,0.0395,0.03906782,52.39,BTC-17JAN25-102000-C,102269.16,buy,0.9,0.9,,,
148,338870238,2025-01-06 16:58:40,2,0.038,0.03800644,51.1,BTC-17JAN25-102000-C,102167.16,buy,0.1,0.1,,,
149,338875406,2025-01-06 17:19:19,2,0.036,0.03619132,50.7,BTC-17JAN25-102000-C,101831.83,sell,1.0,1.0,,,
150,338878891,2025-01-06 17:37:30,2,0.0355,0.0357511,50.68,BTC-17JAN25-102000-C,101734.93,sell,1.0,1.0,,,
151,338885337,2025-01-06 17:58:02,0,0.036,0.03588781,50.99,BTC-17JAN25-102000-C,101807.0,sell,0.1,0.1,,,
152,338885681,2025-01-06 18:00:56,1,0.036,0.03597396,50.81,BTC-17JAN25-102000-C,101826.14,sell,0.1,0.1,,,
153,338885682,2025-01-06 18:00:56,1,0.036,0.03597396,50.81,BTC-17JAN25-102000-C,101826.14,sell,0.1,0.1,,,
154,338885955,2025-01-06 18:01:40,2,0.0355,0.035501,50.96,BTC-17JAN25-102000-C,101710.59,sell,0.1,0.1,,,
155,338886079,2025-01-06 18:02:05,3,0.0355,0.03535382,51.26,BTC-17JAN25-102000-C,101667.85,buy,0.1,0.1,,,
156,338886220,2025-01-06 18:02:30,2,0.0345,0.03510452,49.89,BTC-17JAN25-102000-C,101650.65,sell,0.1,0.1,,,
157,338886234,2025-01-06 18:02:30,0,0.035,0.03510452,50.62,BTC-17JAN25-102000-C,101650.65,buy,0.2,0.2,,,
158,338887801,2025-01-06 18:11:12,0,0.0365,0.03636913,50.96,BTC-17JAN25-102000-C,101935.63,sell,0.3,0.3,,,
159,338894208,2025-01-06 19:02:10,2,0.0345,0.03466023,49.99,BTC-17JAN25-102000-C,101681.74,sell,0.1,0.1,,,
160,338894297,2025-01-06 19:02:43,0,0.035,0.03489935,50.43,BTC-17JAN25-102000-C,101714.37,buy,0.2,0.2,,,
161,338901051,2025-01-06 20:02:12,0,0.036,0.03605335,49.93,BTC-17JAN25-102000-C,102006.37,buy,0.3,0.3,,,
162,338911067,2025-01-06 20:59:55,0,0.0365,0.03691894,48.81,BTC-17JAN25-102000-C,102294.42,sell,0.1,0.1,,,
163,338918900,2025-01-06 21:45:47,2,0.034,0.03427408,48.95,BTC-17JAN25-102000-C,101771.14,buy,0.2,0.2,,,
164,338920970,2025-01-06 22:08:42,3,0.034,0.03382361,49.4,BTC-17JAN25-102000-C,101707.44,buy,0.3,0.3,,,
165,338923983,2025-01-06 22:44:17,0,0.035,0.0352505,48.95,BTC-17JAN25-102000-C,101993.0,buy,0.1,0.1,,,
166,338924005,2025-01-06 22:45:19,1,0.035,0.03533061,48.78,BTC-17JAN25-102000-C,102007.29,buy,9.9,9.9,,,
167,338925425,2025-01-06 23:03:41,2,0.034,0.03495638,47.81,BTC-17JAN25-102000-C,101971.39,sell,0.1,0.1,,,
168,338925452,2025-01-06 23:03:52,0,0.035,0.03505238,49.06,BTC-17JAN25-102000-C,102004.53,buy,0.2,0.2,,,
169,338934937,2025-01-06 23:59:30,0,0.037,0.03675063,49.62,BTC-17JAN25-102000-C,102269.97,buy,1.0,1.0,,,
170,338934997,2025-01-06 23:59:57,1,0.037,0.03676308,49.63,BTC-17JAN25-102000-C,102270.44,sell,0.1,0.1,,,
171,338935117,2025-01-07 00:00:22,1,0.037,0.0368293,49.55,BTC-17JAN25-102000-C,102279.8,sell,0.1,0.1,,,
172,338950389,2025-01-07 01:55:33,2,0.0355,0.03522197,50.34,BTC-17JAN25-102000-C,101971.39,sell,2.2,2.2,,,
173,338950390,2025-01-07 01:55:33,3,0.0355,0.03522197,50.34,BTC-17JAN25-102000-C,101971.39,sell,0.8,0.8,,,
174,338950949,2025-01-07 02:03:33,3,0.0355,0.03550405,49.94,BTC-17JAN25-102000-C,102025.52,buy,0.3,0.3,,,
175,338951075,2025-01-07 02:05:04,3,0.0355,0.03544761,50.11,BTC-17JAN25-102000-C,102009.29,sell,1.7,1.7,,,
176,338951149,2025-01-07 02:06:21,2,0.035,0.03515505,49.81,BTC-17JAN25-102000-C,101953.19,buy,0.2,0.2,,,
177,338951152,2025-01-07 02:06:27,3,0.035,0.03512773,49.8,BTC-17JAN25-102000-C,101954.42,buy,0.3,0.3,,,
178,338954699,2025-01-07 03:04:13,2,0.034,0.03406145,49.64,BTC-17JAN25-102000-C,101774.64,buy,0.3,0.3,,,
179,338958050,2025-01-07 04:01:15,2,0.0338,0.03407044,49.54,BTC-17JAN25-102000-C,101758.6,sell,38.0,38.0,,175970,
180,338958374,2025-01-07 04:03:53,0,0.0345,0.03440366,50.19,BTC-17JAN25-102000-C,101814.4,buy,0.3,0.3,,,
181,338960434,2025-01-07 04:46:23,1,0.0345,0.03446393,50.39,BTC-17JAN25-102000-C,101813.94,sell,0.1,0.1,,,
182,338961113,2025-01-07 05:02:44,2,0.0335,0.03352048,50.16,BTC-17JAN25-102000-C,101628.56,buy,0.2,0.2,,,
183,338962761,2025-01-07 05:46:10,2,0.0333,0.03336068,49.89,BTC-17JAN25-102000-C,101655.3,sell,12.5,12.5,BTC-ICOND-17JAN25-90000_101000_102000_115000,175979,
184,338963107,2025-01-07 05:54:13,0,0.0338,0.0336265,50.18,BTC-17JAN25-102000-C,101721.78,sell,25.0,25.0,BTC-STRD-17JAN25-102000,175983,
185,338963527,2025-01-07 06:03:57,2,0.0335,0.03342264,49.99,BTC-17JAN25-102000-C,101695.49,buy,0.1,0.1,,,
186,338963779,2025-01-07 06:08:08,2,0.033,0.0333187,49.26,BTC-17JAN25-102000-C,101678.73,sell,0.1,0.1,,,
187,338966065,2025-01-07 07:02:28,0,0.034,0.03393203,49.45,BTC-17JAN25-102000-C,101867.02,buy,0.2,0.2,,,
188,338966745,2025-01-07 07:14:37,0,0.0345,0.03448251,49.95,BTC-17JAN25-102000-C,101924.22,sell,1.0,1.0,,,
189,338966761,2025-01-07 07:14:52,1,0.0345,0.03435588,50.12,BTC-17JAN25-102000-C,101905.12,sell,2.2,2.2,,,
190,338966762,2025-01-07 07:14:52,1,0.0345,0.03435588,50.12,BTC-17JAN25-102000-C,101905.12,sell,2.4,2.4,,,
191,338966767,2025-01-07 07:14:54,1,0.0345,0.03432334,50.17,BTC-17JAN25-102000-C,101898.33,sell,1.0,1.0,,,
192,338966769,2025-01-07 07:14:54,1,0.0345,0.03432334,50.17,BTC-17JAN25-102000-C,101898.33,sell,0.1,0.1,,,
193,338966770,2025-01-07 07:14:55,1,0.0345,0.03432334,50.17,BTC-17JAN25-102000-C,101898.33,sell,0.4,0.4,,,
194,338966771,2025-01-07 07:14:56,1,0.0345,0.03430473,50.25,BTC-17JAN25-102000-C,101888.76,sell,3.4,3.4,,,
195,338966789,2025-01-07 07:15:05,1,0.0345,0.03424136,50.32,BTC-17JAN25-102000-C,101879.94,sell,2.7,2.7,,,
196,338966790,2025-01-07 07:15:05,1,0.0345,0.03424136,50.32,BTC-17JAN25-102000-C,101879.94,sell,0.2,0.2,,,
197,338966791,2025-01-07 07:15:05,1,0.0345,0.03424136,50.32,BTC-17JAN25-102000-C,101879.94,sell,0.2,0.2,,,
198,338966792,2025-01-07 07:15:05,1,0.0345,0.03424136,50.32,BTC-17JAN25-102000-C,101879.94,sell,0.1,0.1,,,
199,338966793,2025-01-07 07:15:05,1,0.0345,0.03424136,50.32,BTC-17JAN25-102000-C,101879.94,sell,0.1,0.1,,,
200,338966794,2025-01-07 07:15:05,1,0.0345,0.03424136,50.32,BTC-17JAN25-102000-C,101879.94,sell,0.1,0.1,,,
201,338966795,2025-01-07 07:15:05,1,0.0345,0.03424136,50.32,BTC-17JAN25-102000-C,101879.94,sell,0.1,0.1,,,
202,338966796,2025-01-07 07:15:05,1,0.0345,0.03424136,50.32,BTC-17JAN25-102000-C,101879.94,sell,2.2,2.2,,,
203,338966798,2025-01-07 07:15:06,1,0.0345,0.03422544,50.32,BTC-17JAN25-102000-C,101879.55,sell,0.2,0.2,,,
204,338966799,2025-01-07 07:15:06,1,0.0345,0.03422544,50.32,BTC-17JAN25-102000-C,101879.55,sell,0.2,0.2,,,
205,338966817,2025-01-07 07:15:07,1,0.0345,0.03422291,50.41,BTC-17JAN25-102000-C,101867.74,sell,2.7,2.7,,,
206,338966822,2025-01-07 07:15:07,1,0.0345,0.03422291,50.41,BTC-17JAN25-102000-C,101867.74,sell,0.2,0.2,,,
207,338966826,2025-01-07 07:15:07,1,0.0345,0.03422291,50.41,BTC-17JAN25-102000-C,101867.74,sell,0.1,0.1,,,
208,338966827,2025-01-07 07:15:07,1,0.0345,0.03422291,50.41,BTC-17JAN25-102000-C,101867.74,sell,0.1,0.1,,,
209,338966828,2025-01-07 07:15:07,1,0.0345,0.03422291,50.41,BTC-17JAN25-102000-C,101867.74,sell,0.1,0.1,,,
210,338966836,2025-01-07 07:15:16,1,0.0345,0.03407816,50.55,BTC-17JAN25-102000-C,101847.71,sell,1.9,1.9,,,
211,338966838,2025-01-07 07:15:18,1,0.0345,0.0340904,50.54,BTC-17JAN25-102000-C,101848.09,sell,0.1,0.1,,,
212,338966840,2025-01-07 07:15:54,1,0.0345,0.03416696,50.56,BTC-17JAN25-102000-C,101839.96,sell,1.0,1.0,,,
213,338966856,2025-01-07 07:16:24,1,0.0345,0.03423144,50.51,BTC-17JAN25-102000-C,101842.05,sell,2.2,2.2,,,
214,338966859,2025-01-07 07:16:30,1,0.0345,0.03422603,50.55,BTC-17JAN25-102000-C,101836.92,sell,1.0,1.0,,,
215,338966867,2025-01-07 07:17:31,1,0.0345,0.0342068,50.66,BTC-17JAN25-102000-C,101825.04,sell,1.0,1.0,,,
216,338966868,2025-01-07 07:17:35,1,0.0345,0.03420805,50.67,BTC-17JAN25-102000-C,101824.57,sell,1.0,1.0,,,
217,338966876,2025-01-07 07:18:02,1,0.0345,0.03426414,50.68,BTC-17JAN25-102000-C,101823.93,sell,1.9,1.9,,,
218,338966923,2025-01-07 07:18:22,1,0.0345,0.03425341,50.73,BTC-17JAN25-102000-C,101815.73,sell,1.0,1.0,,,
219,338966927,2025-01-07 07:18:25,1,0.0345,0.03425489,50.73,BTC-17JAN25-102000-C,101815.33,sell,28.7,28.7,,,
220,338967050,2025-01-07 07:20:36,1,0.0345,0.03457072,50.5,BTC-17JAN25-102000-C,101840.68,sell,1.0,1.0,,,
221,338967051,2025-01-07 07:20:36,1,0.0345,0.03457072,50.5,BTC-17JAN25-102000-C,101840.68,sell,0.1,0.1,,,
222,338967054,2025-01-07 07:20:40,1,0.0345,0.03456602,50.54,BTC-17JAN25-102000-C,101837.16,sell,0.1,0.1,,,
223,338967069,2025-01-07 07:20:56,1,0.0345,0.03453034,50.59,BTC-17JAN25-102000-C,101831.47,sell,1.6,1.6,,,
224,338967070,2025-01-07 07:20:56,1,0.0345,0.03453034,50.59,BTC-17JAN25-102000-C,101831.47,sell,0.2,0.2,,,
225,338967072,2025-01-07 07:21:01,1,0.0345,0.03450459,50.65,BTC-17JAN25-102000-C,101825.03,sell,0.1,0.1,,,
226,338967073,2025-01-07 07:21:01,1,0.0345,0.03450459,50.65,BTC-17JAN25-102000-C,101825.03,sell,0.1,0.1,,,
227,338967074,2025-01-07 07:21:01,1,0.0345,0.03450459,50.65,BTC-17JAN25-102000-C,101825.03,sell,0.1,0.1,,,
228,338967078,2025-01-07 07:21:01,1,0.0345,0.03450459,50.65,BTC-17JAN25-102000-C,101825.03,sell,0.1,0.1,,,
229,338967079,2025-01-07 07:21:01,1,0.0345,0.03450459,50.65,BTC-17JAN25-102000-C,101825.03,sell,0.1,0.1,,,
230,338967086,2025-01-07 07:21:03,1,0.0345,0.03448896,50.67,BTC-17JAN25-102000-C,101821.84,sell,0.1,0.1,,,
231,338967087,2025-01-07 07:21:03,1,0.0345,0.03448896,50.67,BTC-17JAN25-102000-C,101821.84,sell,1.0,1.0,,,
232,338967100,2025-01-07 07:21:13,1,0.0345,0.03447872,50.69,BTC-17JAN25-102000-C,101819.22,sell,1.4,1.4,,,
233,338967268,2025-01-07 07:25:04,1,0.0345,0.03455268,50.7,BTC-17JAN25-102000-C,101820.24,sell,0.4,0.4,,,
234,338967269,2025-01-07 07:25:04,1,0.0345,0.03455268,50.7,BTC-17JAN25-102000-C,101820.24,sell,12.0,12.0,,,
235,338967270,2025-01-07 07:25:06,1,0.0345,0.03455355,50.72,BTC-17JAN25-102000-C,101818.13,sell,1.0,1.0,,,
236,338967272,2025-01-07 07:25:10,1,0.0345,0.03452724,50.76,BTC-17JAN25-102000-C,101814.14,sell,0.1,0.1,,,
237,338967273,2025-01-07 07:25:13,1,0.0345,0.03452487,50.77,BTC-17JAN25-102000-C,101813.94,sell,0.1,0.1,,,
238,338967275,2025-01-07 07:25:16,1,0.0345,0.03451753,50.8,BTC-17JAN25-102000-C,101810.57,sell,0.3,0.3,,,
239,338967276,2025-01-07 07:25:20,1,0.0345,0.03447612,50.84,BTC-17JAN25-102000-C,101805.32,sell,0.1,0.1,,,
240,338967279,2025-01-07 07:25:30,1,0.0345,0.03448186,50.84,BTC-17JAN25-102000-C,101805.26,sell,0.1,0.1,,,
241,338967289,2025-01-07 07:25:42,1,0.0345,0.03448251,50.85,BTC-17JAN25-102000-C,101804.71,sell,20.4,20.4,,,
242,338967392,2025-01-07 07:28:15,1,0.0345,0.03446805,50.77,BTC-17JAN25-102000-C,101800.03,sell,1.0,1.0,,,
243,338967428,2025-01-07 07:28:26,1,0.0345,0.03451754,50.71,BTC-17JAN25-102000-C,101804.24,sell,0.1,0.1,,,
244,338967429,2025-01-07 07:28:26,1,0.0345,0.03451754,50.71,BTC-17JAN25-102000-C,101804.24,sell,0.2,0.2,,,
245,338967431,2025-01-07 07:28:26,1,0.0345,0.03451754,50.71,BTC-17JAN25-102000-C,101804.24,sell,0.1,0.1,,,
246,338967439,2025-01-07 07:28:56,1,0.0345,0.03447983,50.8,BTC-17JAN25-102000-C,101795.11,sell,15.3,15.3,,,
247,338967440,2025-01-07 07:28:56,1,0.0345,0.03447983,50.8,BTC-17JAN25-102000-C,101795.11,sell,0.3,0.3,,,
248,338967500,2025-01-07 07:29:13,1,0.0345,0.03446493,50.84,BTC-17JAN25-102000-C,101791.94,sell,2.2,2.2,,,
249,338967521,2025-01-07 07:30:05,1,0.0345,0.03447051,50.9,BTC-17JAN25-102000-C,101783.03,sell,12.0,12.0,,,
250,338967917,2025-01-07 07:34:04,1,0.0345,0.03449147,50.98,BTC-17JAN25-102000-C,101775.84,sell,2.7,2.7,,,
251,338967928,2025-01-07 07:34:05,1,0.0345,0.03449147,50.98,BTC-17JAN25-102000-C,101775.84,sell,0.1,0.1,,,
252,338967932,2025-01-07 07:34:05,1,0.0345,0.03449147,50.98,BTC-17JAN25-102000-C,101775.84,sell,7.0,7.0,,,
253,338967955,2025-01-07 07:34:05,1,0.0345,0.03447738,51.0,BTC-17JAN25-102000-C,101772.86,sell,0.4,0.4,,,
254,338967966,2025-01-07 07:34:05,1,0.0345,0.03447738,51.0,BTC-17JAN25-102000-C,101772.86,sell,0.1,0.1,,,
255,338967967,2025-01-07 07:34:05,1,0.0345,0.03447738,51.0,BTC-17JAN25-102000-C,101772.86,sell,0.1,0.1,,,
256,338967977,2025-01-07 07:34:05,1,0.0345,0.03447738,51.0,BTC-17JAN25-102000-C,101772.86,sell,0.1,0.1,,,
257,338967983,2025-01-07 07:34:06,1,0.0345,0.03447738,51.0,BTC-17JAN25-102000-C,101772.86,sell,0.1,0.1,,,
258,338967989,2025-01-07 07:34:06,1,0.0345,0.03446227,51.08,BTC-17JAN25-102000-C,101763.14,sell,0.1,0.1,,,
259,338968002,2025-01-07 07:34:07,1,0.0345,0.03441283,51.14,BTC-17JAN25-102000-C,101755.25,sell,0.1,0.1,,,
260,338968004,2025-01-07 07:34:08,1,0.0345,0.03441283,51.14,BTC-17JAN25-102000-C,101755.25,sell,1.0,1.0,,,
261,338968007,2025-01-07 07:34:08,1,0.0345,0.03437281,51.16,BTC-17JAN25-102000-C,101753.04,sell,15.6,15.6,,,
262,338968070,2025-01-07 07:34:20,1,0.0345,0.03435809,51.17,BTC-17JAN25-102000-C,101751.47,sell,1.9,1.9,,,
263,338968264,2025-01-07 07:35:04,1,0.0345,0.0343284,51.28,BTC-17JAN25-102000-C,101736.26,sell,12.0,12.0,,,
264,338968267,2025-01-07 07:35:04,1,0.0345,0.0343284,51.28,BTC-17JAN25-102000-C,101736.26,sell,5.7,5.7,,,
265,338968271,2025-01-07 07:35:04,1,0.0345,0.0343284,51.28,BTC-17JAN25-102000-C,101736.26,sell,14.5,14.5,,,
266,338968307,2025-01-07 07:35:05,1,0.0345,0.03432695,51.28,BTC-17JAN25-102000-C,101733.38,sell,1.0,1.0,,,
267,338968308,2025-01-07 07:35:05,1,0.0345,0.03432695,51.28,BTC-17JAN25-102000-C,101733.38,sell,12.2,12.2,,,
268,338968323,2025-01-07 07:35:05,1,0.0345,0.03432695,51.31,BTC-17JAN25-102000-C,101733.38,sell,1.4,1.4,,,
269,338968325,2025-01-07 07:35:06,1,0.0345,0.03432695,51.31,BTC-17JAN25-102000-C,101733.38,sell,42.3,42.3,,,
270,338968326,2025-01-07 07:35:06,1,0.0345,0.03418559,51.5,BTC-17JAN25-102000-C,101704.1,sell,3.6,3.6,,,
271,338968330,2025-01-07 07:35:07,1,0.0345,0.03418559,51.5,BTC-17JAN25-102000-C,101704.1,sell,1.9,1.9,,,
272,338968331,2025-01-07 07:35:07,1,0.0345,0.03418559,51.5,BTC-17JAN25-102000-C,101704.1,sell,0.1,0.1,,,
273,338968332,2025-01-07 07:35:07,1,0.0345,0.03418559,51.5,BTC-17JAN25-102000-C,101704.1,sell,4.3,4.3,,,
274,338968336,2025-01-07 07:35:08,1,0.0345,0.03416619,51.53,BTC-17JAN25-102000-C,101704.1,sell,26.0,26.0,,,
275,338968337,2025-01-07 07:35:08,1,0.0345,0.03416619,51.53,BTC-17JAN25-102000-C,101704.1,sell,1.9,1.9,,,
276,338968340,2025-01-07 07:35:09,1,0.0345,0.03416585,51.55,BTC-17JAN25-102000-C,101703.75,sell,4.8,4.8,,,
277,338968342,2025-01-07 07:35:10,1,0.0345,0.03418985,51.53,BTC-17JAN25-102000-C,101703.54,sell,0.1,0.1,,,
278,338968346,2025-01-07 07:35:13,1,0.0345,0.03421174,51.53,BTC-17JAN25-102000-C,101702.48,sell,7.6,7.6,,,
279,338968753,2025-01-07 07:37:25,1,0.0345,0.03440628,51.08,BTC-17JAN25-102000-C,101752.51,buy,0.6,0.6,,,
280,338968754,2025-01-07 07:37:25,1,0.0345,0.03440628,51.08,BTC-17JAN25-102000-C,101752.51,buy,0.1,0.1,,,
281,338968913,2025-01-07 07:39:08,1,0.0345,0.03444765,51.0,BTC-17JAN25-102000-C,101763.53,buy,0.4,0.4,,,
282,338968914,2025-01-07 07:39:08,1,0.0345,0.03444765,51.0,BTC-17JAN25-102000-C,101763.53,buy,0.1,0.1,,,
283,338968954,2025-01-07 07:39:23,1,0.0345,0.03457161,50.82,BTC-17JAN25-102000-C,101785.61,buy,1.0,1.0,,,
284,338968955,2025-01-07 07:39:23,1,0.0345,0.03457161,50.82,BTC-17JAN25-102000-C,101785.61,buy,0.3,0.3,,,
285,338969058,2025-01-07 07:40:04,1,0.0345,0.03466511,50.74,BTC-17JAN25-102000-C,101799.3,sell,15.0,15.0,BTC-STRD-17JAN25-102000,176011,
286,338974868,2025-01-07 08:24:57,2,0.034,0.03418261,50.0,BTC-17JAN25-102000-C,101794.67,buy,0.2,0.2,,,
287,338977350,2025-01-07 09:01:42,0,0.0345,0.03449059,50.05,BTC-17JAN25-102000-C,101899.49,buy,5.6,5.6,,,
288,338977354,2025-01-07 09:01:42,1,0.0345,0.03449059,50.05,BTC-17JAN25-102000-C,101899.49,buy,0.1,0.1,,,
289,338978041,2025-01-07 09:10:19,2,0.034,0.03406257,49.48,BTC-17JAN25-102000-C,101863.3,buy,0.5,0.5,,,
290,338979467,2025-01-07 09:33:22,2,0.033,0.0330419,49.17,BTC-17JAN25-102000-C,101710.27,sell,0.1,0.1,,,
291,338979547,2025-01-07 09:35:22,2,0.0325,0.03302892,48.48,BTC-17JAN25-102000-C,101690.99,sell,0.1,0.1,,,
292,338980769,2025-01-07 09:58:22,0,0.0335,0.03329626,49.73,BTC-17JAN25-102000-C,101743.84,buy,0.1,0.1,,,
293,338981152,2025-01-07 10:03:38,2,0.0325,0.03287268,48.84,BTC-17JAN25-102000-C,101653.93,sell,0.1,0.1,,,
294,338981166,2025-01-07 10:04:38,3,0.0325,0.03272847,49.06,BTC-17JAN25-102000-C,101620.1,buy,0.1,0.1,,,
295,338989568,2025-01-07 11:06:13,2,0.032,0.03151268,50.07,BTC-17JAN25-102000-C,101405.08,buy,1.0,1.0,,,
296,338989569,2025-01-07 11:06:13,3,0.032,0.03151268,50.07,BTC-17JAN25-102000-C,101405.08,buy,2.0,2.0,,,
297,338989570,2025-01-07 11:06:13,3,0.032,0.03151268,50.07,BTC-17JAN25-102000-C,101405.08,buy,7.0,7.0,,,
298,338989571,2025-01-07 11:06:13,3,0.032,0.03151268,50.07,BTC-17JAN25-102000-C,101405.08,buy,5.9,5.9,,,
299,338989572,2025-01-07 11:06:13,3,0.032,0.03151268,50.07,BTC-17JAN25-102000-C,101405.08,sell,1.0,1.0,,,
300,338989573,2025-01-07 11:06:13,3,0.032,0.03151268,50.07,BTC-17JAN25-102000-C,101405.08,sell,12.4,12.4,,,
301,338989752,2025-01-07 11:09:18,3,0.032,0.03162429,50.21,BTC-17JAN25-102000-C,101395.73,sell,2.5,2.5,,,
302,338989753,2025-01-07 11:09:18,3,0.032,0.03162429,50.21,BTC-17JAN25-102000-C,101395.73,sell,0.1,0.1,,,
303,338989754,2025-01-07 11:09:18,3,0.032,0.03162429,50.21,BTC-17JAN25-102000-C,101395.73,sell,0.1,0.1,,,
304,338989755,2025-01-07 11:09:18,3,0.032,0.03162429,50.21,BTC-17JAN25-102000-C,101395.73,sell,0.4,0.4,,,
305,338989756,2025-01-07 11:09:18,3,0.032,0.03162429,50.21,BTC-17JAN25-102000-C,101395.73,sell,0.3,0.3,,,
306,338989757,2025-01-07 11:09:18,3,0.032,0.03162429,50.21,BTC-17JAN25-102000-C,101395.73,sell,0.4,0.4,,,
307,338989758,2025-01-07 11:09:18,3,0.032,0.03162429,50.21,BTC-17JAN25-102000-C,101395.73,sell,0.1,0.1,,,
308,338989759,2025-01-07 11:09:18,3,0.032,0.03162429,50.21,BTC-17JAN25-102000-C,101395.73,sell,0.4,0.4,,,
309,338989770,2025-01-07 11:09:18,3,0.032,0.03162429,50.21,BTC-17JAN25-102000-C,101395.73,sell,1.1,1.1,,,
310,338989793,2025-01-07 11:09:19,3,0.032,0.03162429,50.27,BTC-17JAN25-102000-C,101387.55,sell,0.8,0.8,,,
311,338989799,2025-01-07 11:09:20,3,0.032,0.0315832,50.37,BTC-17JAN25-102000-C,101374.19,sell,4.7,4.7,,,
312,338989800,2025-01-07 11:09:20,3,0.032,0.0315832,50.37,BTC-17JAN25-102000-C,101374.19,sell,0.7,0.7,,,
313,338989802,2025-01-07 11:09:23,3,0.032,0.03154511,50.3,BTC-17JAN25-102000-C,101383.58,sell,0.1,0.1,,,
314,338989805,2025-01-07 11:09:30,3,0.032,0.03150772,50.36,BTC-17JAN25-102000-C,101376.95,sell,2.0,2.0,,,
315,338989806,2025-01-07 11:09:31,3,0.032,0.03154452,50.35,BTC-17JAN25-102000-C,101377.48,sell,1.3,1.3,,,
316,338995493,2025-01-07 11:41:37,2,0.028,0.02804648,49.26,BTC-17JAN25-102000-C,100658.55,buy,0.2,0.2,,,
317,338996102,2025-01-07 11:44:24,2,0.0275,0.02824657,48.23,BTC-17JAN25-102000-C,100684.74,sell,6.2,6.2,,,
318,338996103,2025-01-07 11:44:24,3,0.0275,0.02824657,48.23,BTC-17JAN25-102000-C,100684.74,sell,3.5,3.5,,,
319,338996104,2025-01-07 11:44:24,3,0.0275,0.02824657,48.23,BTC-17JAN25-102000-C,100684.74,sell,7.0,7.0,,,
320,338996105,2025-01-07 11:44:24,3,0.0275,0.02824657,48.23,BTC-17JAN25-102000-C,100684.74,sell,3.3,3.3,,,
321,339013104,2025-01-07 13:31:00,0,0.03,0.02976873,50.55,BTC-17JAN25-102000-C,100901.73,sell,1.0,1.0,,,
322,339016126,2025-01-07 14:12:13,2,0.0285,0.02849989,49.99,BTC-17JAN25-102000-C,100660.74,sell,0.1,0.1,,,
323,339042225,2025-01-07 15:02:04,2,0.0235,0.02253512,50.83,BTC-17JAN25-102000-C,99348.73,buy,7.4,7.4,,,
324,339061292,2025-01-07 15:13:16,2,0.0205,0.02098138,49.03,BTC-17JAN25-102000-C,98817.2,buy,0.1,0.1,,,
325,339061293,2025-01-07 15:13:16,3,0.0205,0.02098138,49.03,BTC-17JAN25-102000-C,98817.2,buy,0.1,0.1,,,
326,339069077,2025-01-07 15:17:36,2,0.019,0.0192401,49.44,BTC-17JAN25-102000-C,98350.08,buy,0.1,0.1,,,
327,339073090,2025-01-07 15:20:17,0,0.021,0.02021551,50.84,BTC-17JAN25-102000-C,98667.75,buy,7.8,7.8,,,
328,339098779,2025-01-07 15:45:04,2,0.0165,0.01643431,50.24,BTC-17JAN25-102000-C,97487.18,sell,0.1,0.1,,,
329,339103520,2025-01-07 15:48:18,0,0.017,0.01631843,51.18,BTC-17JAN25-102000-C,97492.21,buy,2.8,2.8,,,
330,339104683,2025-01-07 15:49:38,0,0.0175,0.01738254,50.52,BTC-17JAN25-102000-C,97762.31,buy,0.1,0.1,,,
331,339105782,2025-01-07 15:50:53,0,0.018,0.01781806,50.67,BTC-17JAN25-102000-C,97894.71,buy,0.1,0.1,,,
332,339106635,2025-01-07 15:51:40,0,0.0185,0.01819687,50.91,BTC-17JAN25-102000-C,97998.78,buy,0.1,0.1,,,
333,339108739,2025-01-07 15:53:41,1,0.0185,0.01841169,50.61,BTC-17JAN25-102000-C,98060.9,buy,0.1,0.1,,,
334,339109312,2025-01-07 15:54:38,1,0.0185,0.01849364,50.53,BTC-17JAN25-102000-C,98064.33,buy,0.1,0.1,,,
335,339110988,2025-01-07 15:58:47,2,0.018,0.01792185,50.71,BTC-17JAN25-102000-C,97888.55,buy,0.1,0.1,,,
336,339111824,2025-01-07 16:00:28,2,0.0175,0.01765161,50.46,BTC-17JAN25-102000-C,97775.42,buy,0.1,0.1,,,
337,339112327,2025-01-07 16:01:22,0,0.018,0.01788335,50.86,BTC-17JAN25-102000-C,97848.26,buy,0.1,0.1,,,
338,339113897,2025-01-07 16:04:28,0,0.019,0.01824699,52.04,BTC-17JAN25-102000-C,97937.22,buy,0.2,0.2,,,
339,339114122,2025-01-07 16:04:44,2,0.018,0.01789998,50.79,BTC-17JAN25-102000-C,97869.33,buy,0.1,0.1,,,
340,339114354,2025-01-07 16:05:13,3,0.018,0.01803488,50.7,BTC-17JAN25-102000-C,97886.07,buy,0.1,0.1,,,
341,339133894,2025-01-07 16:38:53,2,0.0179,0.01796031,50.01,BTC-17JAN25-102000-C,98022.89,sell,100.0,100.0,BTC-CS-17JAN25-98000_102000,176107,
342,339136413,2025-01-07 16:43:46,0,0.0185,0.01874656,49.81,BTC-17JAN25-102000-C,98233.49,buy,0.1,0.1,,,
343,339136747,2025-01-07 16:45:11,2,0.018,0.0182868,49.65,BTC-17JAN25-102000-C,98116.92,buy,0.2,0.2,,,
344,339136748,2025-01-07 16:45:11,3,0.018,0.0182868,49.65,BTC-17JAN25-102000-C,98116.92,buy,0.1,0.1,,,
345,339136757,2025-01-07 16:45:14,3,0.018,0.01821388,49.7,BTC-17JAN25-102000-C,98110.24,buy,0.3,0.3,,,
346,339136825,2025-01-07 16:45:21,3,0.018,0.01821626,49.7,BTC-17JAN25-102000-C,98107.84,buy,0.2,0.2,,,
347,339136826,2025-01-07 16:45:21,3,0.018,0.01821626,49.7,BTC-17JAN25-102000-C,98107.84,buy,0.1,0.1,,,
348,339136849,2025-01-07 16:45:28,3,0.018,0.01818219,49.62,BTC-17JAN25-102000-C,98123.4,sell,0.5,0.5,,,
349,339137054,2025-01-07 16:46:39,2,0.0179,0.01826739,49.43,BTC-17JAN25-102000-C,98127.62,sell,25.0,25.0,BTC-RR-17JAN25-98000_102000,176108,
350,339137308,2025-01-07 16:47:55,3,0.0179,0.01828877,49.38,BTC-17JAN25-102000-C,98135.69,sell,25.0,25.0,BTC-RR-17JAN25-98000_102000,176109,
351,339141791,2025-01-07 17:06:21,2,0.017,0.01655213,50.81,BTC-17JAN25-102000-C,97609.82,buy,0.1,0.1,,,
352,339142868,2025-01-07 17:08:51,2,0.016,0.01602214,49.88,BTC-17JAN25-102000-C,97473.06,buy,0.1,0.1,,,
353,339142893,2025-01-07 17:08:59,3,0.016,0.01614042,49.74,BTC-17JAN25-102000-C,97497.0,buy,0.8,0.8,,,
354,339142894,2025-01-07 17:08:59,3,0.016,0.01614042,49.74,BTC-17JAN25-102000-C,97497.0,buy,0.1,0.1,,,
355,339155201,2025-01-07 17:44:21,2,0.015,0.01536238,49.43,BTC-17JAN25-102000-C,97220.67,sell,0.5,0.5,,,
356,339161996,2025-01-07 17:58:04,0,0.0155,0.01549915,50.34,BTC-17JAN25-102000-C,97234.13,sell,1.0,1.0,,,
357,339165979,2025-01-07 18:21:40,2,0.015,0.0148516,50.16,BTC-17JAN25-102000-C,97117.68,sell,0.1,0.1,,,
358,339175195,2025-01-07 18:51:40,2,0.0135,0.01361551,49.7,BTC-17JAN25-102000-C,96670.11,sell,0.1,0.1,,,
359,339190813,2025-01-07 20:03:10,2,0.012,0.01268696,49.09,BTC-17JAN25-102000-C,96269.25,sell,0.1,0.1,,,
360,339194378,2025-01-07 20:15:35,0,0.013,0.01323348,50.01,BTC-17JAN25-102000-C,96446.39,buy,0.3,0.3,,,
361,339196628,2025-01-07 20:26:45,2,0.012,0.01251706,49.63,BTC-17JAN25-102000-C,96155.98,sell,0.1,0.1,,,
362,339198570,2025-01-07 20:37:11,0,0.0125,0.01254789,50.58,BTC-17JAN25-102000-C,96169.04,sell,0.1,0.1,,,
363,339198773,2025-01-07 20:37:47,1,0.0125,0.01257466,50.57,BTC-17JAN25-102000-C,96172.36,buy,0.1,0.1,,,
364,339222501,2025-01-07 22:38:13,0,0.015,0.01465239,51.64,BTC-17JAN25-102000-C,96984.06,buy,6.0,6.0,,,
365,339222502,2025-01-07 22:38:13,1,0.015,0.01465239,51.64,BTC-17JAN25-102000-C,96984.06,buy,1.1,1.1,,,
366,339224052,2025-01-07 22:41:24,0,0.0152,0.01541665,51.01,BTC-17JAN25-102000-C,97151.48,sell,100.0,100.0,,176155,
367,339232604,2025-01-08 00:00:09,2,0.0145,0.014511,51.16,BTC-17JAN25-102000-C,96912.73,sell,0.1,0.1,,,
368,339238320,2025-01-08 01:04:18,0,0.015,0.01475268,51.44,BTC-17JAN25-102000-C,97080.55,sell,1.0,1.0,,,
369,339238324,2025-01-08 01:04:18,1,0.015,0.01475268,51.44,BTC-17JAN25-102000-C,97080.55,sell,1.0,1.0,,,
370,339242295,2025-01-08 01:49:09,2,0.0135,0.0135851,50.89,BTC-17JAN25-102000-C,96675.84,buy,0.2,0.2,,,
371,339242400,2025-01-08 01:49:43,0,0.014,0.01370613,51.6,BTC-17JAN25-102000-C,96719.47,buy,3.0,3.0,,,
372,339265889,2025-01-08 04:30:54,2,0.013,0.01323111,51.91,BTC-17JAN25-102000-C,96395.86,sell,0.1,0.1,,,
373,339265945,2025-01-08 04:31:15,3,0.013,0.01322769,51.86,BTC-17JAN25-102000-C,96398.08,buy,0.1,0.1,,,
374,339266700,2025-01-08 04:38:01,3,0.013,0.0130966,52.11,BTC-17JAN25-102000-C,96359.67,sell,0.1,0.1,,,
375,339270101,2025-01-08 04:53:52,2,0.0125,0.01264596,52.24,BTC-17JAN25-102000-C,96147.25,buy,0.4,0.4,,,
376,339270307,2025-01-08 04:56:06,3,0.0125,0.01259188,52.13,BTC-17JAN25-102000-C,96179.07,buy,0.4,0.4,,,
377,339270678,2025-01-08 05:00:45,0,0.013,0.01297048,52.33,BTC-17JAN25-102000-C,96320.93,buy,0.6,0.6,,,
378,339270679,2025-01-08 05:00:45,1,0.013,0.01297048,52.33,BTC-17JAN25-102000-C,96320.93,buy,0.4,0.4,,,
379,339270962,2025-01-08 05:03:35,1,0.013,0.01302602,52.22,BTC-17JAN25-102000-C,96347.2,buy,0.4,0.4,,,
380,339273620,2025-01-08 05:25:25,1,0.013,0.01306232,51.72,BTC-17JAN25-102000-C,96464.55,buy,1.0,1.0,,,
381,339279212,2025-01-08 06:29:32,2,0.0125,0.0123635,52.11,BTC-17JAN25-102000-C,96200.69,buy,0.4,0.4,,,
382,339281192,2025-01-08 06:33:11,2,0.0115,0.0112645,52.46,BTC-17JAN25-102000-C,95742.32,buy,0.4,0.4,,,
383,339282126,2025-01-08 06:34:07,3,0.0115,0.01158777,52.12,BTC-17JAN25-102000-C,95809.59,buy,0.4,0.4,,,
384,339282386,2025-01-08 06:34:26,3,0.0115,0.0113254,52.24,BTC-17JAN25-102000-C,95785.03,buy,0.4,0.4,,,
385,339282547,2025-01-08 06:34:45,3,0.0115,0.0114019,52.23,BTC-17JAN25-102000-C,95779.2,buy,0.4,0.4,,,
386,339282655,2025-01-08 06:35:02,3,0.0115,0.01145772,52.21,BTC-17JAN25-102000-C,95780.73,buy,0.1,0.1,,,
387,339282835,2025-01-08 06:35:11,3,0.0115,0.01136796,52.37,BTC-17JAN25-102000-C,95748.34,buy,0.3,0.3,,,
388,339283042,2025-01-08 06:35:54,3,0.0115,0.01151634,52.11,BTC-17JAN25-102000-C,95796.4,buy,0.4,0.4,,,
389,339283079,2025-01-08 06:35:59,3,0.0115,0.011493,52.17,BTC-17JAN25-102000-C,95783.45,buy,0.4,0.4,,,
390,339283758,2025-01-08 06:36:42,2,0.011,0.01106261,52.12,BTC-17JAN25-102000-C,95597.25,buy,0.3,0.3,,,
391,339283759,2025-01-08 06:36:42,3,0.011,0.01106261,52.12,BTC-17JAN25-102000-C,95597.25,buy,0.1,0.1,,,
392,339285541,2025-01-08 06:39:35,3,0.011,0.01116919,52.21,BTC-17JAN25-102000-C,95580.51,sell,0.4,0.4,,,
393,339285769,2025-01-08 06:39:49,3,0.011,0.01112908,52.15,BTC-17JAN25-102000-C,95594.95,sell,0.4,0.4,,,
394,339286195,2025-01-08 06:40:12,0,0.0115,0.01122155,52.34,BTC-17JAN25-102000-C,95765.85,buy,0.4,0.4,,,
395,339287184,2025-01-08 06:42:11,1,0.0115,0.01144015,52.42,BTC-17JAN25-102000-C,95755.35,buy,0.4,0.4,,,
396,339287735,2025-01-08 06:42:43,1,0.0115,0.01167941,52.13,BTC-17JAN25-102000-C,95818.8,buy,0.1,0.1,,,
397,339287736,2025-01-08 06:42:43,1,0.0115,0.01167941,52.13,BTC-17JAN25-102000-C,95818.8,buy,0.3,0.3,,,
398,339287778,2025-01-08 06:43:02,1,0.0115,0.01160866,52.32,BTC-17JAN25-102000-C,95785.73,buy,0.4,0.4,,,
399,339287845,2025-01-08 06:43:19,1,0.0115,0.01151111,52.42,BTC-17JAN25-102000-C,95763.94,buy,0.4,0.4,,,
400,339289515,2025-01-08 06:50:15,2,0.011,0.01109507,52.13,BTC-17JAN25-102000-C,95601.42,buy,0.4,0.4,,,
401,339290587,2025-01-08 06:51:20,3,0.011,0.01089266,52.57,BTC-17JAN25-102000-C,95496.6,buy,0.1,0.1,,,
402,339290738,2025-01-08 06:51:44,3,0.011,0.01086458,52.63,BTC-17JAN25-102000-C,95484.22,buy,0.4,0.4,,,
403,339290825,2025-01-08 06:52:02,3,0.011,0.01093618,52.46,BTC-17JAN25-102000-C,95515.44,buy,0.4,0.4,,,
404,339291098,2025-01-08 06:52:29,3,0.011,0.01076932,52.86,BTC-17JAN25-102000-C,95435.94,buy,0.4,0.4,,,
405,339291210,2025-01-08 06:52:47,3,0.011,0.01073079,53.02,BTC-17JAN25-102000-C,95404.46,buy,0.3,0.3,,,
406,339300641,2025-01-08 07:31:06,2,0.0105,0.01070816,52.0,BTC-17JAN25-102000-C,95458.11,buy,0.3,0.3,,,
407,339303403,2025-01-08 07:41:33,2,0.01,0.01060028,51.03,BTC-17JAN25-102000-C,95443.0,sell,0.2,0.2,,,
408,339316498,2025-01-08 08:27:03,0,0.0115,0.01121727,52.48,BTC-17JAN25-102000-C,95794.94,buy,1.0,1.0,,,
409,339328403,2025-01-08 10:15:15,2,0.0105,0.01081986,51.88,BTC-17JAN25-102000-C,95527.8,buy,0.1,0.1,,,
410,339332579,2025-01-08 10:56:25,0,0.011,0.01138968,51.45,BTC-17JAN25-102000-C,95867.98,sell,0.2,0.2,,,
411,339349639,2025-01-08 11:59:22,1,0.011,0.0108148,55.37,BTC-17JAN25-102000-C,95092.89,buy,3.7,3.7,,,
412,339349640,2025-01-08 11:59:22,1,0.011,0.0108148,55.37,BTC-17JAN25-102000-C,95092.89,buy,1.3,1.3,,,
413,339350582,2025-01-08 12:02:17,2,0.0105,0.01058853,54.75,BTC-17JAN25-102000-C,94994.81,buy,0.1,0.1,,,
414,339353219,2025-01-08 12:19:55,3,0.0105,0.01058933,54.77,BTC-17JAN25-102000-C,94996.82,sell,0.1,0.1,,,
415,339353237,2025-01-08 12:20:11,3,0.0105,0.0106237,54.7,BTC-17JAN25-102000-C,95008.7,sell,0.1,0.1,,,
416,339358060,2025-01-08 12:51:10,3,0.0105,0.01068476,54.59,BTC-17JAN25-102000-C,95047.94,buy,0.5,0.5,,,
417,339358061,2025-01-08 12:51:10,3,0.0105,0.01068476,54.59,BTC-17JAN25-102000-C,95047.94,buy,0.5,0.5,,,
418,339372666,2025-01-08 14:25:44,0,0.011,0.01113158,54.2,BTC-17JAN25-102000-C,95384.6,buy,0.1,0.1,,,
419,339379758,2025-01-08 14:49:13,2,0.0107,0.0104735,54.91,BTC-17JAN25-102000-C,95111.56,buy,50.0,50.0,BTC-IBUT-17JAN25-85000_95000_102000,176284,
420,339380901,2025-01-08 14:52:20,2,0.01,0.01047272,53.16,BTC-17JAN25-102000-C,95161.32,sell,4.6,4.6,,,
421,339380902,2025-01-08 14:52:20,3,0.01,0.01047272,53.16,BTC-17JAN25-102000-C,95161.32,sell,11.5,11.5,,,
422,339380903,2025-01-08 14:52:20,3,0.01,0.01047272,53.16,BTC-17JAN25-102000-C,95161.32,sell,13.3,13.3,,,
423,339380904,2025-01-08 14:52:20,3,0.01,0.01047272,53.16,BTC-17JAN25-102000-C,95161.32,sell,0.6,0.6,,,
424,339387210,2025-01-08 15:12:50,0,0.011,0.01037379,54.27,BTC-17JAN25-102000-C,95393.31,buy,3.0,3.0,,,
425,339388358,2025-01-08 15:15:23,2,0.0095,0.00968516,52.61,BTC-17JAN25-102000-C,95076.97,buy,1.0,1.0,,,
426,339393537,2025-01-08 15:33:48,2,0.009,0.00869341,53.54,BTC-17JAN25-102000-C,94644.83,sell,0.1,0.1,,,
427,339393655,2025-01-08 15:34:20,3,0.009,0.00874863,53.38,BTC-17JAN25-102000-C,94672.97,sell,0.1,0.1,,,
428,339393671,2025-01-08 15:34:23,3,0.009,0.00874605,53.42,BTC-17JAN25-102000-C,94665.0,sell,0.1,0.1,,,
429,339393791,2025-01-08 15:34:57,3,0.009,0.00872363,53.44,BTC-17JAN25-102000-C,94652.91,sell,0.1,0.1,,,
430,339393799,2025-01-08 15:35:00,3,0.009,0.0087597,53.35,BTC-17JAN25-102000-C,94671.33,sell,0.1,0.1,,,
431,339393992,2025-01-08 15:35:36,3,0.009,0.00934964,52.14,BTC-17JAN25-102000-C,94924.81,sell,0.5,0.5,,,
432,339394186,2025-01-08 15:36:32,3,0.009,0.00942685,52.06,BTC-17JAN25-102000-C,94952.74,sell,0.5,0.5,,,
433,339397447,2025-01-08 15:58:14,0,0.01,0.01008543,52.4,BTC-17JAN25-102000-C,95354.86,buy,3.0,3.0,,,
434,339401407,2025-01-08 16:23:47,2,0.0095,0.00952233,52.33,BTC-17JAN25-102000-C,95139.52,buy,1.0,1.0,,,
435,339405398,2025-01-08 16:51:39,2,0.009,0.00870244,53.17,BTC-17JAN25-102000-C,94733.67,buy,0.1,0.1,,,
436,339431284,2025-01-08 17:34:23,2,0.0065,0.00695741,54.38,BTC-17JAN25-102000-C,93142.76,sell,4.0,4.0,,,
437,339438650,2025-01-08 17:52:14,0,0.0075,0.00773934,54.5,BTC-17JAN25-102000-C,93680.98,buy,0.3,0.3,,,
438,339449778,2025-01-08 18:21:47,0,0.009,0.00904703,54.02,BTC-17JAN25-102000-C,94618.14,buy,1.0,1.0,,,
439,339449912,2025-01-08 18:21:58,1,0.009,0.00893796,54.29,BTC-17JAN25-102000-C,94561.28,buy,1.2,1.2,,,
440,339459662,2025-01-08 18:53:06,2,0.008,0.00787452,54.55,BTC-17JAN25-102000-C,93988.79,sell,0.1,0.1,,,
441,339466961,2025-01-08 19:17:01,0,0.0085,0.00856313,53.73,BTC-17JAN25-102000-C,94432.55,buy,0.1,0.1,,,
442,339475047,2025-01-08 19:52:30,2,0.008,0.00807867,52.94,BTC-17JAN25-102000-C,94351.27,buy,1.0,1.0,,,
443,339488480,2025-01-08 21:17:37,2,0.007,0.00695895,53.27,BTC-17JAN25-102000-C,93760.04,buy,2.0,2.0,,,
444,339488604,2025-01-08 21:18:20,3,0.007,0.00722786,52.57,BTC-17JAN25-102000-C,93912.04,sell,1.4,1.4,,,
445,339488605,2025-01-08 21:18:20,3,0.007,0.00722786,52.57,BTC-17JAN25-102000-C,93912.04,sell,0.6,0.6,,,
446,339492541,2025-01-08 22:02:52,0,0.0085,0.00830108,53.89,BTC-17JAN25-102000-C,94500.63,buy,0.1,0.1,,,
447,339498152,2025-01-08 22:46:29,0,0.009,0.00907304,52.75,BTC-17JAN25-102000-C,95035.54,sell,0.1,0.1,,,
448,339514127,2025-01-09 02:03:44,2,0.0085,0.00851579,52.32,BTC-17JAN25-102000-C,94938.49,buy,3.0,3.0,,,
449,339514128,2025-01-09 02:03:44,3,0.0085,0.00851579,52.32,BTC-17JAN25-102000-C,94938.49,buy,0.5,0.5,,,
450,339514136,2025-01-09 02:04:46,3,0.0085,0.00850484,52.37,BTC-17JAN25-102000-C,94936.56,sell,1.5,1.5,,,
451,339514137,2025-01-09 02:04:46,3,0.0085,0.00850484,52.37,BTC-17JAN25-102000-C,94936.56,buy,1.9,1.9,,,
452,339514138,2025-01-09 02:04:46,3,0.0085,0.00850484,52.37,BTC-17JAN25-102000-C,94936.56,buy,0.1,0.1,,,
453,339535907,2025-01-09 03:06:58,3,0.0085,0.00854047,55.67,BTC-17JAN25-102000-C,94336.54,sell,5.0,5.0,,,
454,339555957,2025-01-09 07:01:54,2,0.007,0.00743568,53.35,BTC-17JAN25-102000-C,94101.41,buy,0.8,0.8,,,
455,339555958,2025-01-09 07:01:54,3,0.007,0.00743568,53.35,BTC-17JAN25-102000-C,94101.41,buy,3.0,3.0,,,
456,339555959,2025-01-09 07:01:54,3,0.007,0.00743568,53.35,BTC-17JAN25-102000-C,94101.41,buy,2.0,2.0,,,
457,339555960,2025-01-09 07:01:54,3,0.007,0.00743568,53.35,BTC-17JAN25-102000-C,94101.41,buy,1.0,1.0,,,
458,339555961,2025-01-09 07:01:54,3,0.007,0.00743568,53.35,BTC-17JAN25-102000-C,94101.41,buy,0.7,0.7,,,
459,339555962,2025-01-09 07:01:54,3,0.007,0.00743568,53.35,BTC-17JAN25-102000-C,94101.41,buy,0.4,0.4,,,
460,339555963,2025-01-09 07:01:54,3,0.007,0.00742832,53.36,BTC-17JAN25-102000-C,94099.29,buy,0.1,0.1,,,
461,339555965,2025-01-09 07:01:57,3,0.007,0.00738798,53.37,BTC-17JAN25-102000-C,94096.43,buy,0.1,0.1,,,
462,339556030,2025-01-09 07:02:33,3,0.007,0.00723813,53.31,BTC-17JAN25-102000-C,94110.39,buy,9.3,9.3,,,
463,339556193,2025-01-09 07:04:53,3,0.007,0.00703366,52.94,BTC-17JAN25-102000-C,94194.21,buy,0.3,0.3,,,
464,339556320,2025-01-09 07:06:45,2,0.0065,0.00693788,51.59,BTC-17JAN25-102000-C,94214.87,sell,0.1,0.1,,,
465,339565275,2025-01-09 07:49:54,2,0.006,0.00633819,53.61,BTC-17JAN25-102000-C,93502.19,sell,1.5,1.5,,,
466,339565276,2025-01-09 07:49:54,3,0.006,0.00633819,53.61,BTC-17JAN25-102000-C,93502.19,sell,1.0,1.0,,,
467,339565277,2025-01-09 07:49:54,3,0.006,0.00633819,53.61,BTC-17JAN25-102000-C,93502.19,sell,3.9,3.9,,,
468,339565278,2025-01-09 07:49:54,3,0.006,0.00633819,53.61,BTC-17JAN25-102000-C,93502.19,sell,7.2,7.2,,,
469,339565279,2025-01-09 07:49:54,3,0.006,0.00633819,53.61,BTC-17JAN25-102000-C,93502.19,sell,10.0,10.0,,,
470,339565280,2025-01-09 07:49:54,3,0.006,0.00633819,53.61,BTC-17JAN25-102000-C,93502.19,sell,26.5,26.5,,,
471,339565281,2025-01-09 07:49:54,3,0.006,0.00633819,53.61,BTC-17JAN25-102000-C,93502.19,sell,1.7,1.7,,,
472,339565282,2025-01-09 07:49:54,3,0.006,0.00633819,53.61,BTC-17JAN25-102000-C,93502.19,sell,10.9,10.9,,,
473,339565283,2025-01-09 07:49:54,3,0.006,0.00633819,53.61,BTC-17JAN25-102000-C,93502.19,sell,5.9,5.9,,,
474,339565284,2025-01-09 07:49:54,3,0.006,0.00633819,53.61,BTC-17JAN25-102000-C,93502.19,buy,31.4,31.4,,,
475,339568095,2025-01-09 07:58:15,2,0.005,0.00575772,51.78,BTC-17JAN25-102000-C,93256.18,sell,1.0,1.0,,,
476,339568096,2025-01-09 07:58:15,3,0.005,0.00575772,51.78,BTC-17JAN25-102000-C,93256.18,sell,5.1,5.1,,,
477,339568097,2025-01-09 07:58:15,3,0.005,0.00575772,51.78,BTC-17JAN25-102000-C,93256.18,sell,12.2,12.2,,,
478,339568098,2025-01-09 07:58:15,3,0.005,0.00575772,51.78,BTC-17JAN25-102000-C,93256.18,sell,13.0,13.0,,,
479,339568099,2025-01-09 07:58:15,3,0.005,0.00575772,51.78,BTC-17JAN25-102000-C,93256.18,sell,9.0,9.0,,,
480,339568100,2025-01-09 07:58:15,3,0.005,0.00575772,51.78,BTC-17JAN25-102000-C,93256.18,sell,5.5,5.5,,,
481,339568101,2025-01-09 07:58:15,3,0.005,0.00575772,51.78,BTC-17JAN25-102000-C,93256.18,sell,26.7,26.7,,,
482,339568102,2025-01-09 07:58:15,3,0.005,0.00575772,51.78,BTC-17JAN25-102000-C,93256.18,sell,1.0,1.0,,,
483,339568103,2025-01-09 07:58:15,3,0.005,0.00575772,51.78,BTC-17JAN25-102000-C,93256.18,sell,3.9,3.9,,,
484,339568104,2025-01-09 07:58:15,3,0.005,0.00575772,51.78,BTC-17JAN25-102000-C,93256.18,sell,6.6,6.6,,,
485,339568105,2025-01-09 07:58:15,3,0.005,0.00575772,51.78,BTC-17JAN25-102000-C,93256.18,sell,2.1,2.1,,,
486,339568106,2025-01-09 07:58:15,3,0.005,0.00575772,51.78,BTC-17JAN25-102000-C,93256.18,sell,4.6,4.6,,,
487,339568107,2025-01-09 07:58:15,3,0.005,0.00575772,51.78,BTC-17JAN25-102000-C,93256.18,sell,2.6,2.6,,,
488,339568108,2025-01-09 07:58:15,3,0.005,0.00575772,51.78,BTC-17JAN25-102000-C,93256.18,buy,33.3,33.3,,,
489,339569095,2025-01-09 07:59:53,3,0.005,0.00554969,52.21,BTC-17JAN25-102000-C,93174.03,sell,1.0,1.0,,,
490,339569096,2025-01-09 07:59:53,3,0.005,0.00554969,52.21,BTC-17JAN25-102000-C,93174.03,sell,3.9,3.9,,,
491,339569097,2025-01-09 07:59:53,3,0.005,0.00554969,52.21,BTC-17JAN25-102000-C,93174.03,sell,6.0,6.0,,,
492,339569098,2025-01-09 07:59:53,3,0.005,0.00554969,52.21,BTC-17JAN25-102000-C,93174.03,sell,20.0,20.0,,,
493,339569099,2025-01-09 07:59:53,3,0.005,0.00554969,52.21,BTC-17JAN25-102000-C,93174.03,buy,15.0,15.0,,,
494,339569100,2025-01-09 07:59:53,3,0.005,0.00554969,52.21,BTC-17JAN25-102000-C,93174.03,buy,0.6,0.6,,,
495,339569105,2025-01-09 07:59:53,3,0.005,0.00554969,52.21,BTC-17JAN25-102000-C,93174.03,buy,3.0,3.0,,,
496,339569116,2025-01-09 07:59:58,3,0.005,0.00552975,52.17,BTC-17JAN25-102000-C,93184.95,buy,15.0,15.0,,,
497,339569179,2025-01-09 08:00:16,3,0.005,0.00553107,52.16,BTC-17JAN25-102000-C,93191.02,buy,20.0,20.0,,,
498,339569219,2025-01-09 08:00:26,3,0.005,0.00550376,52.2,BTC-17JAN25-102000-C,93177.65,buy,15.5,15.5,,,
499,339569951,2025-01-09 08:01:11,2,0.0049,0.00552426,51.8,BTC-17JAN25-102000-C,93198.1,sell,0.1,0.1,,,
500,339574512,2025-01-09 08:10:32,0,0.005,0.00491406,53.66,BTC-17JAN25-102000-C,92846.31,sell,0.1,0.1,,,
501,339574529,2025-01-09 08:10:33,1,0.005,0.00491352,53.64,BTC-17JAN25-102000-C,92853.33,sell,0.1,0.1,,,
502,339574606,2025-01-09 08:10:44,1,0.005,0.0048768,53.76,BTC-17JAN25-102000-C,92826.68,sell,0.1,0.1,,,
503,339574633,2025-01-09 08:10:49,1,0.005,0.00489733,53.74,BTC-17JAN25-102000-C,92832.78,sell,0.1,0.1,,,
504,339574677,2025-01-09 08:10:57,1,0.005,0.00490929,53.69,BTC-17JAN25-102000-C,92843.7,sell,0.1,0.1,,,
505,339574752,2025-01-09 08:11:02,1,0.005,0.00492205,53.63,BTC-17JAN25-102000-C,92856.94,sell,0.1,0.1,,,
506,339574903,2025-01-09 08:11:21,0,0.0055,0.00507875,54.75,BTC-17JAN25-102000-C,92953.22,buy,0.1,0.1,,,
507,339575932,2025-01-09 08:15:14,2,0.005,0.00488324,53.89,BTC-17JAN25-102000-C,92796.81,sell,0.1,0.1,,,
508,339576024,2025-01-09 08:15:25,3,0.005,0.00484638,53.89,BTC-17JAN25-102000-C,92793.96,sell,0.1,0.1,,,
509,339576036,2025-01-09 08:15:26,3,0.005,0.00484638,53.89,BTC-17JAN25-102000-C,92793.96,sell,0.1,0.1,,,
510,339576155,2025-01-09 08:15:38,3,0.005,0.0048715,53.8,BTC-17JAN25-102000-C,92809.76,sell,0.1,0.1,,,
511,339576190,2025-01-09 08:15:38,3,0.005,0.00488234,53.77,BTC-17JAN25-102000-C,92816.49,sell,0.1,0.1,,,
512,339576276,2025-01-09 08:15:51,3,0.005,0.00492694,53.63,BTC-17JAN25-102000-C,92842.4,sell,0.1,0.1,,,
513,339576280,2025-01-09 08:15:51,3,0.005,0.00493945,53.63,BTC-17JAN25-102000-C,92843.34,sell,0.1,0.1,,,
514,339582816,2025-01-09 08:47:18,0,0.0055,0.00528312,54.8,BTC-17JAN25-102000-C,92975.65,sell,1.0,1.0,,,
515,339583327,2025-01-09 08:48:19,2,0.005,0.0051136,53.76,BTC-17JAN25-102000-C,92847.69,buy,0.1,0.1,,,
516,339583424,2025-01-09 08:48:29,3,0.005,0.00509605,53.84,BTC-17JAN25-102000-C,92829.43,buy,0.1,0.1,,,
517,339583718,2025-01-09 08:49:20,2,0.0049,0.00501935,53.79,BTC-17JAN25-102000-C,92774.48,buy,0.1,0.1,,,
518,339583798,2025-01-09 08:49:50,3,0.0049,0.00503519,53.75,BTC-17JAN25-102000-C,92788.48,buy,0.1,0.1,,,
519,339583871,2025-01-09 08:49:54,0,0.005,0.00503576,54.07,BTC-17JAN25-102000-C,92789.51,sell,0.1,0.1,,,
520,339584073,2025-01-09 08:50:12,1,0.005,0.00515471,53.73,BTC-17JAN25-102000-C,92865.71,buy,0.1,0.1,,,
521,339584664,2025-01-09 08:53:07,2,0.0049,0.00518918,53.13,BTC-17JAN25-102000-C,92929.24,sell,0.1,0.1,,,
522,339585709,2025-01-09 09:04:25,0,0.005,0.00531056,52.8,BTC-17JAN25-102000-C,93083.55,buy,0.1,0.1,,,
523,339585741,2025-01-09 09:04:35,1,0.005,0.00531563,52.81,BTC-17JAN25-102000-C,93082.02,sell,0.1,0.1,,,
524,339585745,2025-01-09 09:04:40,1,0.005,0.00532598,52.79,BTC-17JAN25-102000-C,93089.12,sell,0.1,0.1,,,
525,339585747,2025-01-09 09:04:46,1,0.005,0.00532589,52.77,BTC-17JAN25-102000-C,93092.85,sell,0.1,0.1,,,
526,339585752,2025-01-09 09:04:51,1,0.005,0.00532801,52.77,BTC-17JAN25-102000-C,93093.62,sell,0.1,0.1,,,
527,339585754,2025-01-09 09:04:57,1,0.005,0.00532788,52.78,BTC-17JAN25-102000-C,93093.2,sell,0.1,0.1,,,
528,339585760,2025-01-09 09:05:02,1,0.005,0.00530738,52.83,BTC-17JAN25-102000-C,93083.7,sell,0.1,0.1,,,
529,339585835,2025-01-09 09:05:08,1,0.005,0.00533471,52.77,BTC-17JAN25-102000-C,93095.2,sell,0.1,0.1,,,
530,339585841,2025-01-09 09:05:13,1,0.005,0.00534225,52.71,BTC-17JAN25-102000-C,93108.35,sell,0.1,0.1,,,
531,339585843,2025-01-09 09:05:19,1,0.005,0.00534263,52.72,BTC-17JAN25-102000-C,93107.55,sell,0.1,0.1,,,
532,339585853,2025-01-09 09:05:24,1,0.005,0.00535682,52.65,BTC-17JAN25-102000-C,93123.69,sell,0.1,0.1,,,
533,339585858,2025-01-09 09:05:35,1,0.005,0.00534438,52.68,BTC-17JAN25-102000-C,93117.17,sell,0.1,0.1,,,
534,339586470,2025-01-09 09:08:45,0,0.0055,0.00558726,53.38,BTC-17JAN25-102000-C,93308.55,buy,0.1,0.1,,,
535,339586498,2025-01-09 09:08:53,1,0.0055,0.00560052,53.36,BTC-17JAN25-102000-C,93311.02,sell,0.1,0.1,,,
536,339586544,2025-01-09 09:09:14,1,0.0055,0.00563757,53.32,BTC-17JAN25-102000-C,93314.13,sell,0.1,0.1,,,
537,339586892,2025-01-09 09:11:05,1,0.0055,0.00559025,53.58,BTC-17JAN25-102000-C,93258.09,sell,0.1,0.1,,,
538,339587775,2025-01-09 09:18:04,1,0.0055,0.00566599,53.12,BTC-17JAN25-102000-C,93358.61,buy,0.1,0.1,,,
539,339587853,2025-01-09 09:18:14,1,0.0055,0.00573765,52.9,BTC-17JAN25-102000-C,93406.22,buy,0.1,0.1,,,
540,339588301,2025-01-09 09:19:30,1,0.0055,0.0058473,52.51,BTC-17JAN25-102000-C,93498.05,sell,0.1,0.1,,,
541,339588361,2025-01-09 09:19:40,1,0.0055,0.00583263,52.6,BTC-17JAN25-102000-C,93481.47,sell,0.1,0.1,,,
542,339588716,2025-01-09 09:20:37,1,0.0055,0.00576489,52.76,BTC-17JAN25-102000-C,93427.91,sell,0.1,0.1,,,
543,339589259,2025-01-09 09:23:28,1,0.0055,0.00582578,52.66,BTC-17JAN25-102000-C,93439.13,sell,0.1,0.1,,,
544,339589418,2025-01-09 09:27:07,1,0.0055,0.00583897,52.53,BTC-17JAN25-102000-C,93459.8,sell,0.1,0.1,,,
545,339589441,2025-01-09 09:27:28,1,0.0055,0.00584698,52.54,BTC-17JAN25-102000-C,93457.87,sell,0.1,0.1,,,
546,339589447,2025-01-09 09:27:38,1,0.0055,0.00582797,52.59,BTC-17JAN25-102000-C,93447.67,sell,0.1,0.1,,,
547,339604740,2025-01-09 12:30:18,1,0.0055,0.00533036,52.43,BTC-17JAN25-102000-C,93563.95,buy,2.0,2.0,,,
548,339631104,2025-01-09 14:12:37,2,0.0046,0.00459701,54.6,BTC-17JAN25-102000-C,92490.96,sell,0.1,0.1,,,
549,339632269,2025-01-09 14:16:45,0,0.0047,0.00466395,54.66,BTC-17JAN25-102000-C,92559.99,sell,0.1,0.1,,,
550,339635038,2025-01-09 14:29:24,2,0.0046,0.00441971,55.19,BTC-17JAN25-102000-C,92374.2,sell,0.1,0.1,,,
551,339644394,2025-01-09 15:07:51,0,0.005,0.00526782,54.86,BTC-17JAN25-102000-C,92749.14,sell,0.2,0.2,,,
552,339645249,2025-01-09 15:11:06,1,0.005,0.00526875,54.77,BTC-17JAN25-102000-C,92772.97,sell,0.3,0.3,,,
553,339645413,2025-01-09 15:12:42,1,0.005,0.00524099,54.86,BTC-17JAN25-102000-C,92765.71,sell,0.6,0.6,,,
554,339645480,2025-01-09 15:13:47,1,0.005,0.00529226,54.69,BTC-17JAN25-102000-C,92803.23,sell,0.7,0.7,,,
555,339645802,2025-01-09 15:15:03,0,0.0055,0.00541997,55.83,BTC-17JAN25-102000-C,92900.26,buy,8.0,8.0,,,
556,339646731,2025-01-09 15:15:58,1,0.0055,0.00569972,55.0,BTC-17JAN25-102000-C,93079.49,sell,1.6,1.6,,,
557,339647379,2025-01-09 15:17:16,1,0.0055,0.00569649,54.96,BTC-17JAN25-102000-C,93108.55,sell,1.4,1.4,,,
558,339647765,2025-01-09 15:18:32,1,0.0055,0.00568793,54.98,BTC-17JAN25-102000-C,93105.56,sell,3.4,3.4,,,
559,339648472,2025-01-09 15:19:49,1,0.0055,0.00578345,54.8,BTC-17JAN25-102000-C,93144.29,sell,1.5,1.5,,,
560,339648878,2025-01-09 15:21:25,1,0.0055,0.00596633,54.25,BTC-17JAN25-102000-C,93264.86,sell,0.7,0.7,,,
561,339649236,2025-01-09 15:22:38,1,0.0055,0.00606545,53.96,BTC-17JAN25-102000-C,93323.44,sell,0.2,0.2,,,
562,339649449,2025-01-09 15:23:56,2,0.0052,0.00587764,53.59,BTC-17JAN25-102000-C,93215.46,sell,200.0,200.0,,176457,
563,339651326,2025-01-09 15:30:15,0,0.0055,0.00624464,53.21,BTC-17JAN25-102000-C,93497.76,sell,0.3,0.3,,,
564,339651783,2025-01-09 15:31:18,0,0.006,0.00634358,54.28,BTC-17JAN25-102000-C,93591.78,buy,0.1,0.1,,,
565,339655261,2025-01-09 15:42:36,0,0.0065,0.00631288,55.26,BTC-17JAN25-102000-C,93697.23,buy,5.3,5.3,,,
566,339655262,2025-01-09 15:42:36,1,0.0065,0.00631288,55.26,BTC-17JAN25-102000-C,93697.23,buy,1.7,1.7,,,
567,339658576,2025-01-09 15:51:25,1,0.0065,0.00682309,53.16,BTC-17JAN25-102000-C,94143.88,sell,0.7,0.7,,,
568,339661723,2025-01-09 15:55:08,0,0.007,0.00722548,52.6,BTC-17JAN25-102000-C,94527.51,buy,1.0,1.0,,,
569,339661915,2025-01-09 15:55:17,1,0.007,0.00705799,53.09,BTC-17JAN25-102000-C,94432.05,buy,0.3,0.3,,,
570,339680262,2025-01-09 17:48:21,2,0.0046,0.0046677,52.31,BTC-17JAN25-102000-C,93080.54,sell,0.1,0.1,,,
571,339680263,2025-01-09 17:48:21,3,0.0046,0.0046677,52.31,BTC-17JAN25-102000-C,93080.54,sell,0.2,0.2,,,
572,339687045,2025-01-09 17:59:07,2,0.0043,0.0044532,52.79,BTC-17JAN25-102000-C,92752.78,sell,0.1,0.1,,,
573,339687685,2025-01-09 18:03:00,0,0.0045,0.0044836,53.22,BTC-17JAN25-102000-C,92814.55,sell,0.1,0.1,,,
574,339687835,2025-01-09 18:03:39,2,0.0044,0.00454848,52.55,BTC-17JAN25-102000-C,92893.8,sell,0.1,0.1,,,
575,339687836,2025-01-09 18:03:39,3,0.0044,0.00454848,52.55,BTC-17JAN25-102000-C,92893.8,sell,0.3,0.3,,,
576,339687840,2025-01-09 18:03:41,0,0.0046,0.00453331,53.29,BTC-17JAN25-102000-C,92880.07,buy,0.1,0.1,,,
577,339687873,2025-01-09 18:04:05,2,0.0045,0.00440584,53.31,BTC-17JAN25-102000-C,92802.97,sell,0.1,0.1,,,
578,339691025,2025-01-09 18:24:27,3,0.0045,0.00450198,53.21,BTC-17JAN25-102000-C,92828.05,sell,0.1,0.1,,,
579,339691043,2025-01-09 18:24:52,3,0.0045,0.0044701,53.28,BTC-17JAN25-102000-C,92820.33,sell,0.1,0.1,,,
580,339691125,2025-01-09 18:25:36,3,0.0045,0.0044686,53.24,BTC-17JAN25-102000-C,92838.71,sell,0.1,0.1,,,
581,339691126,2025-01-09 18:25:36,3,0.0045,0.0044686,53.24,BTC-17JAN25-102000-C,92838.71,sell,0.8,0.8,,,
582,339691471,2025-01-09 18:27:51,3,0.0045,0.00445315,53.3,BTC-17JAN25-102000-C,92828.73,sell,0.1,0.1,,,
583,339691584,2025-01-09 18:29:23,2,0.0044,0.00435295,53.26,BTC-17JAN25-102000-C,92763.47,sell,0.1,0.1,,,
584,339691591,2025-01-09 18:29:34,3,0.0044,0.00432163,53.38,BTC-17JAN25-102000-C,92740.4,sell,0.1,0.1,,,
585,339691598,2025-01-09 18:29:40,3,0.0044,0.00431677,53.42,BTC-17JAN25-102000-C,92731.67,sell,0.1,0.1,,,
586,339691740,2025-01-09 18:30:41,3,0.0044,0.00434507,53.38,BTC-17JAN25-102000-C,92734.66,sell,0.1,0.1,,,
587,339708201,2025-01-09 20:08:17,2,0.0039,0.00390796,54.13,BTC-17JAN25-102000-C,92182.39,sell,0.1,0.1,,,
588,339708202,2025-01-09 20:08:17,3,0.0039,0.00390796,54.13,BTC-17JAN25-102000-C,92182.39,sell,0.6,0.6,,,
589,339722601,2025-01-09 20:37:00,2,0.0036,0.0034501,56.49,BTC-17JAN25-102000-C,91376.14,buy,0.2,0.2,,,
590,339731844,2025-01-09 21:17:14,0,0.0041,0.00423713,54.84,BTC-17JAN25-102000-C,92232.83,buy,0.1,0.1,,,
591,339738159,2025-01-09 22:02:15,0,0.0044,0.00415737,56.37,BTC-17JAN25-102000-C,92177.61,buy,1.0,1.0,,,
592,339752685,2025-01-09 23:35:46,0,0.0045,0.00426275,56.73,BTC-17JAN25-102000-C,92214.82,sell,0.1,0.1,,,
593,339754951,2025-01-10 00:03:25,0,0.0047,0.00471205,55.86,BTC-17JAN25-102000-C,92613.68,buy,1.0,1.0,,,
594,339754952,2025-01-10 00:03:25,1,0.0047,0.00471205,55.86,BTC-17JAN25-102000-C,92613.68,buy,1.0,1.0,,,
595,339757296,2025-01-10 00:23:29,1,0.0047,0.00468987,56.06,BTC-17JAN25-102000-C,92580.86,sell,0.7,0.7,,,
596,339766089,2025-01-10 02:09:39,0,0.0055,0.00532725,56.1,BTC-17JAN25-102000-C,93194.01,buy,50.0,50.0,BTC-IBUT-17JAN25-85000_93000_102000,176497,
597,339782157,2025-01-10 05:07:33,0,0.006,0.00620135,54.89,BTC-17JAN25-102000-C,93870.76,sell,0.1,0.1,,,
598,339787664,2025-01-10 06:12:38,2,0.0055,0.00604245,52.9,BTC-17JAN25-102000-C,93993.95,sell,0.1,0.1,,,
599,339789558,2025-01-10 06:34:11,3,0.0055,0.00567543,53.95,BTC-17JAN25-102000-C,93772.83,buy,1.0,1.0,,,
600,339790192,2025-01-10 06:39:37,3,0.0055,0.00601422,52.78,BTC-17JAN25-102000-C,94034.48,sell,1.0,1.0,,,
601,339790636,2025-01-10 06:44:16,3,0.0055,0.00605021,52.46,BTC-17JAN25-102000-C,94096.58,sell,0.1,0.1,,,
602,339790647,2025-01-10 06:44:33,0,0.006,0.00603575,54.0,BTC-17JAN25-102000-C,94091.39,buy,0.1,0.1,,,
603,339797281,2025-01-10 07:37:14,0,0.0065,0.00638496,54.26,BTC-17JAN25-102000-C,94395.78,buy,2.0,2.0,,,
604,339799963,2025-01-10 07:42:32,0,0.007,0.00686978,54.31,BTC-17JAN25-102000-C,94706.17,buy,1.0,1.0,,,
605,339800764,2025-01-10 07:42:43,1,0.007,0.00720054,53.47,BTC-17JAN25-102000-C,94863.96,sell,2.0,2.0,,,
606,339810705,2025-01-10 07:59:32,2,0.006,0.00646927,52.7,BTC-17JAN25-102000-C,94470.52,sell,4.5,4.5,,,
607,339811796,2025-01-10 08:02:50,0,0.0065,0.00640818,54.25,BTC-17JAN25-102000-C,94460.51,buy,0.1,0.1,,,
608,339811802,2025-01-10 08:02:51,2,0.006,0.00640536,52.81,BTC-17JAN25-102000-C,94456.58,sell,0.1,0.1,,,
609,339812276,2025-01-10 08:04:23,3,0.006,0.0063438,52.8,BTC-17JAN25-102000-C,94448.21,sell,0.2,0.2,,,
610,339814584,2025-01-10 08:16:19,3,0.006,0.00629306,51.63,BTC-17JAN25-102000-C,94672.02,sell,0.1,0.1,,,
611,339814723,2025-01-10 08:17:04,3,0.006,0.00637537,51.38,BTC-17JAN25-102000-C,94715.76,sell,1.0,1.0,,,
612,339815592,2025-01-10 08:21:46,3,0.006,0.00642015,51.47,BTC-17JAN25-102000-C,94693.03,sell,0.1,0.1,,,
613,339817916,2025-01-10 08:39:06,2,0.0055,0.00604473,50.94,BTC-17JAN25-102000-C,94504.59,sell,0.1,0.1,,,
614,339817918,2025-01-10 08:39:07,3,0.0055,0.00604454,50.95,BTC-17JAN25-102000-C,94501.98,sell,0.1,0.1,,,
615,339822672,2025-01-10 09:20:34,0,0.006,0.00652253,51.0,BTC-17JAN25-102000-C,94848.62,sell,1.1,1.1,,,
616,339822673,2025-01-10 09:20:34,1,0.006,0.00652253,51.0,BTC-17JAN25-102000-C,94848.62,sell,0.3,0.3,,,
617,339822674,2025-01-10 09:20:34,1,0.006,0.00652253,51.0,BTC-17JAN25-102000-C,94848.62,sell,1.6,1.6,,,
618,339827599,2025-01-10 10:01:54,0,0.0065,0.0063557,52.41,BTC-17JAN25-102000-C,94852.6,buy,0.3,0.3,,,
619,339827600,2025-01-10 10:01:54,1,0.0065,0.0063557,52.41,BTC-17JAN25-102000-C,94852.6,buy,2.5,2.5,,,
620,339829272,2025-01-10 10:23:11,2,0.006,0.00612126,51.36,BTC-17JAN25-102000-C,94791.0,sell,3.7,3.7,,,
621,339829273,2025-01-10 10:23:11,3,0.006,0.00612126,51.36,BTC-17JAN25-102000-C,94791.0,sell,1.3,1.3,,,
