trade_seq,trade_id,timestamp,tick_direction,price,mark_price,iv,instrument_name,index_price,direction,contracts,amount,combo_trade_id,combo_id,block_trade_id,liquidation
1,276966711,2023-12-28 12:30:47,1,0.1535,0.15877356,59.71,BTC-27DEC24-60000-C,42955.94,sell,0.5,0.5,,,,
2,276977092,2023-12-28 14:03:41,0,0.1645,0.16061837,62.87,BTC-27DEC24-60000-C,42794.63,sell,0.1,0.1,,,,
3,276998217,2023-12-28 16:02:56,2,0.16,0.15984844,62.54,BTC-27DEC24-60000-C,42371.55,sell,0.5,0.5,,,,
4,276998218,2023-12-28 16:02:56,2,0.1585,0.15984844,62.17,BTC-27DEC24-60000-C,42371.55,sell,0.3,0.3,,,,
5,276998219,2023-12-28 16:02:56,2,0.158,0.15984844,62.04,BTC-27DEC24-60000-C,42371.55,sell,0.9,0.9,,,,
6,277034830,2023-12-28 22:59:52,0,0.1635,0.16441218,62.8,BTC-27DEC24-60000-C,42657.68,sell,0.1,0.1,,,,
7,277044767,2023-12-29 00:58:31,1,0.1635,0.15857601,63.26,BTC-27DEC24-60000-C,42420.0,buy,1.0,1.0,,,,
8,277149488,2023-12-29 14:07:10,2,0.1595,0.16084939,61.51,BTC-27DEC24-60000-C,42832.67,sell,0.1,0.1,,,,
9,277162651,2023-12-29 15:39:29,3,0.1595,0.16098341,61.62,BTC-27DEC24-60000-C,42740.52,sell,0.1,0.1,,,,
10,277166717,2023-12-29 15:51:31,3,0.1595,0.15916284,62.23,BTC-27DEC24-60000-C,42364.36,sell,1.3,1.3,,,,
11,277175885,2023-12-29 16:18:45,3,0.1595,0.15664092,62.6,BTC-27DEC24-60000-C,42177.62,sell,0.3,0.3,,,,
12,277185820,2023-12-29 17:00:22,2,0.155,0.15590743,61.8,BTC-27DEC24-60000-C,41985.63,sell,0.1,0.1,,,,
13,277186525,2023-12-29 17:03:22,3,0.155,0.15617373,61.73,BTC-27DEC24-60000-C,42040.08,sell,0.1,0.1,,,,
14,277186530,2023-12-29 17:03:27,3,0.155,0.15619935,61.72,BTC-27DEC24-60000-C,42047.24,sell,0.1,0.1,,,,
15,277190106,2023-12-29 17:10:31,3,0.155,0.15459873,62.14,BTC-27DEC24-60000-C,41779.93,sell,0.7,0.7,,,,
16,277190892,2023-12-29 17:13:02,0,0.1555,0.15528657,62.02,BTC-27DEC24-60000-C,41949.37,buy,0.3,0.3,,,,
17,277190893,2023-12-29 17:13:02,1,0.1555,0.15528657,62.02,BTC-27DEC24-60000-C,41949.37,buy,0.6,0.6,,,,
18,277197911,2023-12-29 18:00:35,2,0.153,0.15554524,61.5,BTC-27DEC24-60000-C,41803.82,sell,0.1,0.1,,,,
19,277201025,2023-12-29 18:44:52,3,0.153,0.1557359,61.0,BTC-27DEC24-60000-C,42098.99,buy,5.0,5.0,,,,
20,277279074,2023-12-30 15:15:12,0,0.164,0.15815761,63.07,BTC-27DEC24-60000-C,42262.3,buy,0.6,0.6,,,,
21,277279075,2023-12-30 15:15:12,1,0.164,0.15815761,63.07,BTC-27DEC24-60000-C,42262.3,buy,0.2,0.2,,,,
22,277284198,2023-12-30 16:21:37,1,0.164,0.16029136,62.4,BTC-27DEC24-60000-C,42550.82,sell,0.1,0.1,,,,
23,277293562,2023-12-30 19:21:59,2,0.163,0.16429695,62.28,BTC-27DEC24-60000-C,42422.89,sell,0.5,0.5,,,,
24,277313941,2023-12-31 05:08:36,0,0.166,0.16490423,63.19,BTC-27DEC24-60000-C,42248.16,buy,0.1,0.1,,,,
25,277398347,2024-01-01 10:54:30,0,0.173,0.17124271,63.79,BTC-27DEC24-60000-C,42731.47,sell,0.5,0.5,,,,
26,277474083,2024-01-01 23:57:06,0,0.181,0.1859252,62.95,BTC-27DEC24-60000-C,44154.58,sell,0.2,0.2,,,,
27,277480736,2024-01-02 00:08:37,0,0.182,0.18706566,62.77,BTC-27DEC24-60000-C,44391.7,sell,0.1,0.1,,,,
28,277498425,2024-01-02 00:47:55,0,0.1945,0.19175916,65.1,BTC-27DEC24-60000-C,44812.17,buy,1.0,1.0,,,,
29,277510751,2024-01-02 01:05:38,0,0.195,0.19586663,64.39,BTC-27DEC24-60000-C,45204.81,sell,1.0,1.0,,,,
30,277512145,2024-01-02 01:07:30,2,0.1935,0.1941971,63.9,BTC-27DEC24-60000-C,45272.31,buy,0.5,0.5,,,,
31,277521882,2024-01-02 01:51:26,2,0.1895,0.19080915,63.67,BTC-27DEC24-60000-C,44773.89,buy,0.1,0.1,,,,
32,277524556,2024-01-02 02:22:04,0,0.19,0.18949615,63.41,BTC-27DEC24-60000-C,45048.58,buy,0.1,0.1,,,,
33,277545894,2024-01-02 05:01:18,0,0.1965,0.19654414,64.47,BTC-27DEC24-60000-C,45210.3,sell,1.0,1.0,,,,
34,277548117,2024-01-02 05:41:24,2,0.192,0.19441549,63.18,BTC-27DEC24-60000-C,45315.9,sell,0.1,0.1,,,,
35,277548149,2024-01-02 05:42:02,2,0.1915,0.19331334,63.06,BTC-27DEC24-60000-C,45302.3,sell,0.1,0.1,,,,
36,277548164,2024-01-02 05:42:13,3,0.1915,0.19314723,63.08,BTC-27DEC24-60000-C,45295.19,sell,0.1,0.1,,,,
37,277548177,2024-01-02 05:42:24,3,0.1915,0.19308217,63.08,BTC-27DEC24-60000-C,45289.78,sell,0.1,0.1,,,,
38,277548183,2024-01-02 05:42:34,3,0.1915,0.19306933,63.08,BTC-27DEC24-60000-C,45285.72,sell,0.1,0.1,,,,
39,277548427,2024-01-02 05:47:02,3,0.1915,0.19410701,63.06,BTC-27DEC24-60000-C,45287.32,sell,0.1,0.1,,,,
40,277548429,2024-01-02 05:47:06,3,0.1915,0.19409167,63.06,BTC-27DEC24-60000-C,45287.66,sell,0.1,0.1,,,,
41,277548480,2024-01-02 05:47:26,3,0.1915,0.19405259,63.04,BTC-27DEC24-60000-C,45301.38,buy,0.1,0.1,,,,
42,277548494,2024-01-02 05:47:35,3,0.1915,0.19416768,63.02,BTC-27DEC24-60000-C,45316.52,sell,0.1,0.1,,,,
43,277548508,2024-01-02 05:47:40,3,0.1915,0.19418028,63.02,BTC-27DEC24-60000-C,45319.29,sell,0.1,0.1,,,,
44,277552953,2024-01-02 06:48:14,3,0.1915,0.19432803,63.11,BTC-27DEC24-60000-C,45293.86,buy,1.0,1.0,,,,
45,277558934,2024-01-02 07:29:57,0,0.1945,0.19639883,63.4,BTC-27DEC24-60000-C,45486.18,buy,0.5,0.5,,,,
46,277572709,2024-01-02 08:23:21,0,0.197,0.19991628,63.24,BTC-27DEC24-60000-C,45858.62,buy,0.1,0.1,,,,
47,277573321,2024-01-02 08:25:47,1,0.197,0.19970881,63.29,BTC-27DEC24-60000-C,45836.31,buy,0.1,0.1,,,,
48,277589748,2024-01-02 10:26:49,0,0.1995,0.19497073,64.31,BTC-27DEC24-60000-C,45656.17,buy,0.1,0.1,,,,
49,277590325,2024-01-02 10:33:38,2,0.191,0.19244376,62.11,BTC-27DEC24-60000-C,45677.27,buy,0.1,0.1,,,,
50,277590328,2024-01-02 10:33:41,3,0.191,0.1923476,62.11,BTC-27DEC24-60000-C,45674.31,buy,0.1,0.1,,,,
51,277601567,2024-01-02 11:51:23,2,0.187,0.18720636,61.75,BTC-27DEC24-60000-C,45326.06,buy,0.1,0.1,,,,
52,277676317,2024-01-02 19:18:15,2,0.186,0.18863492,61.89,BTC-27DEC24-60000-C,45168.04,sell,0.5,0.5,,,,
53,277681225,2024-01-02 19:42:49,0,0.1905,0.1859776,63.33,BTC-27DEC24-60000-C,44993.4,buy,5.0,5.0,,,,
54,277681226,2024-01-02 19:42:49,1,0.1905,0.1859776,63.33,BTC-27DEC24-60000-C,44993.4,buy,2.0,2.0,,,,
55,277681227,2024-01-02 19:42:49,1,0.1905,0.1859776,63.33,BTC-27DEC24-60000-C,44993.4,sell,1.0,1.0,,,,
56,277681228,2024-01-02 19:42:49,1,0.1905,0.1859776,63.33,BTC-27DEC24-60000-C,44993.4,sell,2.0,2.0,,,,
57,277707898,2024-01-02 23:39:16,2,0.1835,0.18497898,61.92,BTC-27DEC24-60000-C,44890.56,buy,1.0,1.0,,,,
58,277758943,2024-01-03 10:54:14,2,0.18,0.18184293,60.83,BTC-27DEC24-60000-C,45125.13,buy,4.5,4.5,,,,
59,277943654,2024-01-03 16:38:46,2,0.1775,0.17798917,64.55,BTC-27DEC24-60000-C,43095.54,sell,5.0,5.0,,,,
60,277989616,2024-01-03 19:50:01,2,0.1735,0.17398532,64.33,BTC-27DEC24-60000-C,42674.3,sell,0.1,0.1,,,,
61,277989863,2024-01-03 19:51:25,3,0.1735,0.17399437,64.36,BTC-27DEC24-60000-C,42657.76,sell,0.1,0.1,,,,
62,277989928,2024-01-03 19:52:08,3,0.1735,0.1741052,64.34,BTC-27DEC24-60000-C,42652.15,sell,0.1,0.1,,,,
63,277990394,2024-01-03 19:56:52,3,0.1735,0.17420234,64.42,BTC-27DEC24-60000-C,42621.37,sell,0.1,0.1,,,,
64,277990545,2024-01-03 19:57:28,3,0.1735,0.17412492,64.45,BTC-27DEC24-60000-C,42607.09,sell,0.1,0.1,,,,
65,277991376,2024-01-03 20:05:13,0,0.174,0.17506446,64.47,BTC-27DEC24-60000-C,42668.83,sell,0.6,0.6,,,,
66,277991678,2024-01-03 20:08:38,2,0.1735,0.17452754,64.48,BTC-27DEC24-60000-C,42591.69,sell,2.5,2.5,,,,
67,278681682,2024-01-08 15:31:44,0,0.186,0.18536538,65.43,BTC-27DEC24-60000-C,44890.87,buy,200.0,200.0,,BTC-CSR12-27DEC24-60000_100000,120203,
68,278772929,2024-01-08 20:53:53,0,0.199,0.19516363,65.43,BTC-27DEC24-60000-C,46915.27,buy,2.0,2.0,,,,
69,278798159,2024-01-09 00:36:33,2,0.1935,0.19573415,64.16,BTC-27DEC24-60000-C,46728.59,sell,0.1,0.1,,,,
70,279083861,2024-01-10 10:29:12,2,0.174,0.17674092,61.74,BTC-27DEC24-60000-C,45699.29,buy,1.0,1.0,,,,
71,279083881,2024-01-10 10:29:35,3,0.174,0.17681818,61.72,BTC-27DEC24-60000-C,45711.39,buy,0.1,0.1,,,,
72,279083894,2024-01-10 10:29:48,3,0.174,0.17683274,61.71,BTC-27DEC24-60000-C,45712.42,buy,0.9,0.9,,,,
73,279139672,2024-01-10 13:45:22,0,0.176,0.17460518,63.29,BTC-27DEC24-60000-C,45102.97,buy,5.0,5.0,,,,
74,279141310,2024-01-10 13:48:40,1,0.176,0.17501218,63.29,BTC-27DEC24-60000-C,45134.21,buy,5.0,5.0,,,,
75,279142098,2024-01-10 13:52:11,0,0.177,0.1760982,63.51,BTC-27DEC24-60000-C,45152.37,buy,5.0,5.0,,,,
76,279142329,2024-01-10 13:53:26,1,0.177,0.1762955,63.51,BTC-27DEC24-60000-C,45153.54,buy,5.0,5.0,,,,
77,279142519,2024-01-10 13:54:55,0,0.1775,0.17675702,63.61,BTC-27DEC24-60000-C,45164.66,buy,5.0,5.0,,,,
78,279142868,2024-01-10 13:57:09,1,0.1775,0.17694623,63.62,BTC-27DEC24-60000-C,45130.03,buy,5.0,5.0,,,,
79,279415154,2024-01-11 01:17:33,0,0.189,0.18551321,63.76,BTC-27DEC24-60000-C,46635.97,buy,0.1,0.1,,,,
80,279443824,2024-01-11 06:14:38,2,0.1785,0.17781098,62.69,BTC-27DEC24-60000-C,45679.39,sell,6.0,6.0,,,,
81,279444102,2024-01-11 06:15:15,3,0.1785,0.17875433,62.55,BTC-27DEC24-60000-C,45761.12,sell,4.0,4.0,,,,
82,279456433,2024-01-11 07:58:38,0,0.1895,0.18537184,64.71,BTC-27DEC24-60000-C,46083.03,buy,6.0,6.0,,,,
83,279456434,2024-01-11 07:58:38,1,0.1895,0.18537184,64.71,BTC-27DEC24-60000-C,46083.03,buy,2.0,2.0,,,,
84,279456435,2024-01-11 07:58:38,1,0.1895,0.18537184,64.71,BTC-27DEC24-60000-C,46083.03,buy,11.0,11.0,,,,
85,279466242,2024-01-11 09:33:46,0,0.1925,0.18853983,65.14,BTC-27DEC24-60000-C,46252.68,buy,0.1,0.1,,,,
86,279467225,2024-01-11 09:50:57,2,0.1905,0.18672933,64.62,BTC-27DEC24-60000-C,46283.99,buy,0.1,0.1,,,,
87,279469981,2024-01-11 10:13:56,2,0.187,0.18472156,63.85,BTC-27DEC24-60000-C,46239.6,buy,0.3,0.3,,,,
88,279474780,2024-01-11 10:33:03,2,0.185,0.18559634,62.92,BTC-27DEC24-60000-C,46528.41,buy,20.0,20.0,,BTC-CS-27DEC24-60000_80000,121133,
89,279632435,2024-01-11 16:16:31,2,0.1785,0.17951926,62.71,BTC-27DEC24-60000-C,45857.54,sell,0.1,0.1,,,,
90,279641814,2024-01-11 16:31:24,3,0.1785,0.17907264,62.85,BTC-27DEC24-60000-C,45835.08,sell,4.9,4.9,,,,
91,279659198,2024-01-11 17:27:22,2,0.178,0.17789228,62.64,BTC-27DEC24-60000-C,45833.63,sell,6.5,6.5,,,,
92,279659229,2024-01-11 17:27:30,3,0.178,0.17774286,62.69,BTC-27DEC24-60000-C,45812.78,sell,3.5,3.5,,,,
93,279799984,2024-01-12 09:51:03,2,0.1645,0.16874345,59.24,BTC-27DEC24-60000-C,46036.94,buy,0.5,0.5,,,,
94,279808366,2024-01-12 11:11:03,2,0.164,0.16706394,59.1,BTC-27DEC24-60000-C,46021.63,buy,0.1,0.1,,,,
95,279808579,2024-01-12 11:13:18,0,0.1645,0.16696414,59.23,BTC-27DEC24-60000-C,46031.85,buy,0.9,0.9,,,,
96,279819341,2024-01-12 12:30:41,0,0.171,0.16865535,60.9,BTC-27DEC24-60000-C,46005.49,buy,1.0,1.0,,,,
97,279898053,2024-01-12 16:37:25,2,0.1525,0.15286225,60.24,BTC-27DEC24-60000-C,43631.88,sell,1.5,1.5,,,,
98,279992887,2024-01-12 22:04:51,2,0.1435,0.14258988,60.61,BTC-27DEC24-60000-C,42296.6,sell,0.5,0.5,,,,T
99,280004067,2024-01-12 22:17:55,3,0.1435,0.14474351,60.77,BTC-27DEC24-60000-C,42426.62,sell,0.5,0.5,,,,
100,280006886,2024-01-12 22:21:29,2,0.14,0.14132354,60.89,BTC-27DEC24-60000-C,41867.68,sell,0.5,0.5,,,,
101,280006887,2024-01-12 22:21:29,3,0.14,0.14132354,60.89,BTC-27DEC24-60000-C,41867.68,sell,0.1,0.1,,,,
102,280021958,2024-01-12 22:49:08,0,0.145,0.14308827,61.06,BTC-27DEC24-60000-C,42425.29,sell,2.0,2.0,,,,
103,280060460,2024-01-13 05:15:25,0,0.1525,0.1487353,62.06,BTC-27DEC24-60000-C,42847.8,buy,3.0,3.0,,,,T
104,280078523,2024-01-13 08:30:13,0,0.1635,0.16533649,64.29,BTC-27DEC24-60000-C,43233.8,sell,2.7,2.7,,,,M
105,280575251,2024-01-17 16:00:42,2,0.141,0.1406849,60.13,BTC-27DEC24-60000-C,42456.79,buy,75.0,75.0,,BTC-CS-27DEC24-60000_75000,122339,
106,280665161,2024-01-18 15:36:06,2,0.132,0.13280195,57.51,BTC-27DEC24-60000-C,42688.38,buy,0.2,0.2,,,,
107,280666930,2024-01-18 16:05:47,2,0.131,0.13209389,57.46,BTC-27DEC24-60000-C,42553.07,buy,0.2,0.2,,,,
108,280667052,2024-01-18 16:08:35,2,0.1305,0.13199215,57.36,BTC-27DEC24-60000-C,42530.66,buy,0.1,0.1,,,,
109,280676220,2024-01-18 16:48:21,2,0.13,0.12923196,58.39,BTC-27DEC24-60000-C,41913.93,sell,1.0,1.0,,,,
110,280774832,2024-01-18 22:00:42,2,0.1225,0.12377261,58.34,BTC-27DEC24-60000-C,41066.69,buy,0.2,0.2,,,,
111,280794856,2024-01-19 02:07:45,0,0.124,0.12547429,58.56,BTC-27DEC24-60000-C,41213.06,sell,0.1,0.1,,,,
112,280794959,2024-01-19 02:10:53,1,0.124,0.12475516,58.56,BTC-27DEC24-60000-C,41178.86,buy,0.1,0.1,,,,
113,280836081,2024-01-19 09:16:12,2,0.122,0.12327935,57.73,BTC-27DEC24-60000-C,41370.5,buy,0.3,0.3,,,,
114,280872770,2024-01-19 15:47:29,3,0.122,0.12199869,58.77,BTC-27DEC24-60000-C,40845.05,buy,1.0,1.0,,,,
115,280885126,2024-01-19 16:37:09,2,0.12,0.12073867,58.8,BTC-27DEC24-60000-C,40538.49,sell,0.1,0.1,,,,
116,280908861,2024-01-19 18:00:32,0,0.1249,0.12456611,59.0,BTC-27DEC24-60000-C,41153.81,buy,75.0,75.0,,BTC-CS-27DEC24-60000_75000,122956,
117,280952586,2024-01-20 04:22:52,2,0.1225,0.12602247,57.54,BTC-27DEC24-60000-C,41607.34,sell,1.0,1.0,,,,
118,281061473,2024-01-22 10:13:55,2,0.1175,0.11787873,58.11,BTC-27DEC24-60000-C,40739.84,buy,1.0,1.0,,,,
119,281089185,2024-01-22 14:27:35,2,0.1155,0.11602233,58.12,BTC-27DEC24-60000-C,40553.75,buy,1.0,1.0,,,,
120,281179423,2024-01-22 21:58:29,0,0.1165,0.11401546,59.6,BTC-27DEC24-60000-C,39905.68,buy,1.0,1.0,,,,
121,281179546,2024-01-22 21:58:42,1,0.1165,0.11388202,59.64,BTC-27DEC24-60000-C,39879.22,buy,0.1,0.1,,,,
122,281179556,2024-01-22 21:58:46,2,0.116,0.1137985,59.52,BTC-27DEC24-60000-C,39862.64,sell,1.0,1.0,,,,
123,281179676,2024-01-22 21:59:10,2,0.1145,0.11347394,59.19,BTC-27DEC24-60000-C,39816.43,sell,0.1,0.1,,,,
124,281179686,2024-01-22 21:59:13,0,0.115,0.11347835,59.32,BTC-27DEC24-60000-C,39819.27,buy,0.1,0.1,,,,
125,281180214,2024-01-22 22:01:02,1,0.115,0.11319616,59.4,BTC-27DEC24-60000-C,39766.77,buy,0.2,0.2,,,,
126,281180238,2024-01-22 22:01:08,2,0.1145,0.1131561,59.29,BTC-27DEC24-60000-C,39752.48,sell,0.1,0.1,,,,
127,281180271,2024-01-22 22:01:19,3,0.1145,0.11313102,59.3,BTC-27DEC24-60000-C,39753.07,buy,0.9,0.9,,,,
128,281180295,2024-01-22 22:01:30,3,0.1145,0.11310956,59.31,BTC-27DEC24-60000-C,39743.37,sell,0.5,0.5,,,,
129,281180387,2024-01-22 22:01:50,0,0.115,0.11291765,59.51,BTC-27DEC24-60000-C,39716.49,buy,0.1,0.1,,,,
130,281180610,2024-01-22 22:02:54,2,0.114,0.11339579,59.14,BTC-27DEC24-60000-C,39760.16,sell,0.1,0.1,,,,
131,281180776,2024-01-22 22:04:38,2,0.113,0.11355669,58.77,BTC-27DEC24-60000-C,39817.89,sell,0.2,0.2,,,,
132,281181244,2024-01-22 22:08:57,0,0.1155,0.11319599,59.4,BTC-27DEC24-60000-C,39841.92,buy,0.8,0.8,,,,
133,281183619,2024-01-22 22:31:10,1,0.1155,0.11278991,59.43,BTC-27DEC24-60000-C,39891.71,buy,1.0,1.0,,,,
134,281184389,2024-01-22 22:39:46,2,0.115,0.11238657,59.43,BTC-27DEC24-60000-C,39788.64,buy,1.0,1.0,,,,
135,281184524,2024-01-22 22:41:59,2,0.1145,0.11197248,59.39,BTC-27DEC24-60000-C,39743.2,buy,1.0,1.0,,,,
136,281184525,2024-01-22 22:41:59,3,0.1145,0.11197248,59.39,BTC-27DEC24-60000-C,39743.2,buy,2.5,2.5,,,,
137,281184526,2024-01-22 22:41:59,3,0.1145,0.11197248,59.39,BTC-27DEC24-60000-C,39743.2,sell,0.5,0.5,,,,
138,281186522,2024-01-22 22:47:35,2,0.113,0.11097333,59.27,BTC-27DEC24-60000-C,39591.83,buy,1.0,1.0,,,,
139,281186523,2024-01-22 22:47:35,0,0.1135,0.11097333,59.41,BTC-27DEC24-60000-C,39591.83,buy,1.0,1.0,,,,
140,281189874,2024-01-22 23:11:17,0,0.114,0.11174263,59.28,BTC-27DEC24-60000-C,39715.18,buy,1.0,1.0,,,,
141,281193632,2024-01-22 23:49:51,2,0.1117,0.11038375,59.03,BTC-27DEC24-60000-C,39529.83,buy,12.5,12.5,,BTC-CS-27DEC24-60000_80000,123137,
142,281217137,2024-01-23 05:27:53,0,0.1145,0.1139155,58.89,BTC-27DEC24-60000-C,40024.42,buy,1.0,1.0,,,,
143,281225457,2024-01-23 07:47:08,2,0.111,0.11246144,58.42,BTC-27DEC24-60000-C,39751.52,buy,5.0,5.0,,,,
144,281225521,2024-01-23 07:47:47,3,0.111,0.11239046,58.42,BTC-27DEC24-60000-C,39752.63,buy,5.0,5.0,,,,
145,281225546,2024-01-23 07:48:23,3,0.111,0.11231078,58.43,BTC-27DEC24-60000-C,39751.03,buy,5.0,5.0,,,,
146,281225882,2024-01-23 07:50:23,2,0.1105,0.11161759,58.44,BTC-27DEC24-60000-C,39673.54,sell,3.0,3.0,,,,
147,281226967,2024-01-23 07:56:13,2,0.11,0.11154402,58.24,BTC-27DEC24-60000-C,39698.47,buy,7.0,7.0,,,,
148,281247250,2024-01-23 09:11:04,2,0.1075,0.10735377,58.74,BTC-27DEC24-60000-C,39147.05,buy,2.0,2.0,,,,
149,281295173,2024-01-23 12:57:43,0,0.113,0.11081731,60.57,BTC-27DEC24-60000-C,39000.71,buy,0.5,0.5,,,,
150,281363202,2024-01-23 20:40:46,0,0.1135,0.11151966,60.07,BTC-27DEC24-60000-C,39263.67,buy,0.5,0.5,,,,
151,281363697,2024-01-23 20:43:23,2,0.113,0.11077958,60.09,BTC-27DEC24-60000-C,39205.62,buy,1.0,1.0,,,,
152,281363756,2024-01-23 20:43:59,2,0.1125,0.11086389,59.93,BTC-27DEC24-60000-C,39220.42,buy,1.0,1.0,,,,
153,281377348,2024-01-23 23:24:37,0,0.1145,0.11242092,59.66,BTC-27DEC24-60000-C,39634.02,buy,1.5,1.5,,,,
154,281388921,2024-01-24 01:06:08,0,0.117,0.11485953,59.55,BTC-27DEC24-60000-C,40026.96,buy,0.5,0.5,,,,
155,281499139,2024-01-25 04:47:41,2,0.1135,0.11455545,58.78,BTC-27DEC24-60000-C,39945.03,sell,0.1,0.1,,,,
156,281512030,2024-01-25 09:24:03,2,0.112,0.11404357,58.15,BTC-27DEC24-60000-C,40099.04,sell,10.0,10.0,,,,
157,281512031,2024-01-25 09:24:03,3,0.112,0.11404357,58.15,BTC-27DEC24-60000-C,40099.04,sell,1.7,1.7,,,,
158,281566221,2024-01-25 21:33:05,2,0.111,0.10979725,58.31,BTC-27DEC24-60000-C,39835.47,sell,0.5,0.5,,,,
159,281617802,2024-01-26 10:25:14,0,0.1115,0.11164598,57.78,BTC-27DEC24-60000-C,40207.73,sell,0.1,0.1,,,,
160,281630391,2024-01-26 11:21:37,0,0.1155,0.11628006,57.82,BTC-27DEC24-60000-C,40776.8,sell,2.0,2.0,,,,
161,281661769,2024-01-26 14:07:39,0,0.119,0.1175777,58.12,BTC-27DEC24-60000-C,41136.47,sell,0.5,0.5,,,,
162,281777414,2024-01-27 18:08:56,0,0.1215,0.12025773,57.74,BTC-27DEC24-60000-C,41752.77,sell,0.5,0.5,,,,
163,281857896,2024-01-28 19:02:13,2,0.12,0.12109814,57.05,BTC-27DEC24-60000-C,41931.06,buy,0.3,0.3,,,,
164,281894567,2024-01-29 06:34:49,0,0.1225,0.12435461,57.38,BTC-27DEC24-60000-C,42178.06,sell,3.0,3.0,,,,
165,281921433,2024-01-29 13:39:35,2,0.121,0.12253962,57.29,BTC-27DEC24-60000-C,42042.98,sell,1.0,1.0,,,,
166,281950187,2024-01-29 16:32:24,0,0.1305,0.12851533,58.11,BTC-27DEC24-60000-C,42936.11,sell,0.1,0.1,,,,
167,281956229,2024-01-29 16:52:37,0,0.133,0.13132627,58.12,BTC-27DEC24-60000-C,43285.58,sell,0.1,0.1,,,,
168,281957322,2024-01-29 16:54:15,0,0.1335,0.13103074,58.37,BTC-27DEC24-60000-C,43227.09,sell,0.1,0.1,,,,
169,281983575,2024-01-29 21:40:16,0,0.134,0.13147612,58.55,BTC-27DEC24-60000-C,43237.13,buy,1.0,1.0,,,,
170,281983577,2024-01-29 21:40:21,2,0.133,0.13148672,58.28,BTC-27DEC24-60000-C,43236.29,sell,1.0,1.0,,,,
171,281983595,2024-01-29 21:40:27,3,0.133,0.13143611,58.29,BTC-27DEC24-60000-C,43229.41,sell,0.5,0.5,,,,
172,281983734,2024-01-29 21:41:47,0,0.134,0.13127195,58.61,BTC-27DEC24-60000-C,43192.97,buy,0.2,0.2,,,,
173,281983736,2024-01-29 21:41:58,1,0.134,0.13129329,58.6,BTC-27DEC24-60000-C,43192.87,buy,1.0,1.0,,,,
174,281983873,2024-01-29 21:42:48,2,0.133,0.13167618,58.23,BTC-27DEC24-60000-C,43253.89,sell,0.5,0.5,,,,
175,281983940,2024-01-29 21:43:00,3,0.133,0.13175964,58.22,BTC-27DEC24-60000-C,43255.21,sell,1.0,1.0,,,,
176,281984103,2024-01-29 21:44:46,0,0.134,0.13152381,58.55,BTC-27DEC24-60000-C,43226.49,buy,1.0,1.0,,,,
177,281986657,2024-01-29 22:48:14,1,0.134,0.1308248,58.63,BTC-27DEC24-60000-C,43146.66,buy,1.0,1.0,,,,
178,281986781,2024-01-29 22:49:46,1,0.134,0.13062386,58.69,BTC-27DEC24-60000-C,43120.8,buy,3.0,3.0,,,,
179,281987129,2024-01-29 22:55:01,2,0.133,0.13048882,58.35,BTC-27DEC24-60000-C,43153.82,buy,1.5,1.5,,,,
180,281987156,2024-01-29 22:56:25,3,0.133,0.13040619,58.35,BTC-27DEC24-60000-C,43152.2,buy,0.5,0.5,,,,
181,281987165,2024-01-29 22:57:58,3,0.133,0.13032899,58.35,BTC-27DEC24-60000-C,43151.18,buy,1.0,1.0,,,,
182,281987296,2024-01-29 23:02:12,3,0.133,0.12999416,58.39,BTC-27DEC24-60000-C,43135.77,buy,0.1,0.1,,,,
183,281993747,2024-01-30 01:13:22,0,0.1335,0.13044463,58.42,BTC-27DEC24-60000-C,43200.61,buy,0.1,0.1,,,,
184,281997047,2024-01-30 01:32:34,0,0.1355,0.13240557,58.44,BTC-27DEC24-60000-C,43468.36,buy,0.1,0.1,,,,
185,281997617,2024-01-30 01:34:20,1,0.1355,0.1325287,58.41,BTC-27DEC24-60000-C,43497.61,sell,0.1,0.1,,,,
186,282006418,2024-01-30 02:45:16,0,0.1375,0.13451726,58.54,BTC-27DEC24-60000-C,43724.66,buy,0.1,0.1,,,,
187,282006615,2024-01-30 02:46:49,0,0.138,0.1347896,58.61,BTC-27DEC24-60000-C,43772.34,buy,0.1,0.1,,,,
188,282011164,2024-01-30 03:50:42,2,0.1355,0.13468505,58.42,BTC-27DEC24-60000-C,43505.93,sell,2.0,2.0,,,,
189,282024306,2024-01-30 08:12:51,2,0.1315,0.13322998,57.76,BTC-27DEC24-60000-C,43323.68,sell,1.0,1.0,,,,
190,282024309,2024-01-30 08:12:55,3,0.1315,0.13323265,57.75,BTC-27DEC24-60000-C,43323.86,sell,1.0,1.0,,,,
191,282024703,2024-01-30 08:20:55,3,0.1315,0.13375687,57.61,BTC-27DEC24-60000-C,43388.83,sell,8.0,8.0,,,,
192,282026482,2024-01-30 08:46:23,3,0.1315,0.13194805,57.54,BTC-27DEC24-60000-C,43392.04,buy,0.5,0.5,,,,
193,282177513,2024-01-31 13:32:41,2,0.131,0.12867795,58.84,BTC-27DEC24-60000-C,42650.4,buy,0.5,0.5,,,,
194,282273187,2024-01-31 22:38:42,0,0.132,0.12902961,59.18,BTC-27DEC24-60000-C,42605.77,buy,0.5,0.5,,,,
195,282287865,2024-02-01 01:20:31,2,0.125,0.125378,58.57,BTC-27DEC24-60000-C,42006.97,sell,5.0,5.0,,,,
196,282710688,2024-02-05 21:15:33,2,0.1225,0.12345191,57.63,BTC-27DEC24-60000-C,42361.47,sell,0.2,0.2,,,,
197,282710689,2024-02-05 21:15:33,3,0.1225,0.12345191,57.63,BTC-27DEC24-60000-C,42361.47,sell,0.3,0.3,,,,
198,282716339,2024-02-05 22:47:36,2,0.1195,0.12162925,56.78,BTC-27DEC24-60000-C,42398.27,sell,2.5,2.5,,,,
199,282801170,2024-02-07 03:54:07,0,0.1225,0.12285892,56.98,BTC-27DEC24-60000-C,42784.24,sell,0.2,0.2,,,,
200,282880574,2024-02-07 20:36:50,0,0.131,0.12954101,56.89,BTC-27DEC24-60000-C,44136.47,sell,0.2,0.2,,,,
201,282880888,2024-02-07 20:39:32,1,0.131,0.12985297,56.89,BTC-27DEC24-60000-C,44139.2,sell,0.1,0.1,,,,
202,282883946,2024-02-07 20:51:32,0,0.132,0.13097975,57.03,BTC-27DEC24-60000-C,44223.25,sell,0.1,0.1,,,,
203,282884138,2024-02-07 20:52:58,1,0.132,0.13100462,57.04,BTC-27DEC24-60000-C,44213.43,sell,0.1,0.1,,,,
204,282942866,2024-02-08 07:52:52,0,0.1345,0.13399237,57.08,BTC-27DEC24-60000-C,44510.0,sell,0.1,0.1,,,,
205,282942930,2024-02-08 07:53:45,1,0.1345,0.1339604,57.08,BTC-27DEC24-60000-C,44505.8,sell,0.1,0.1,,,,
206,282951000,2024-02-08 08:50:08,0,0.1355,0.13477621,56.96,BTC-27DEC24-60000-C,44705.02,sell,0.1,0.1,,,,
207,282951147,2024-02-08 08:51:03,1,0.1355,0.13477575,56.97,BTC-27DEC24-60000-C,44703.02,sell,0.1,0.1,,,,
208,282979301,2024-02-08 13:59:34,0,0.139,0.13652625,57.52,BTC-27DEC24-60000-C,44981.47,sell,0.1,0.1,,,,
209,282979789,2024-02-08 14:01:07,1,0.139,0.13643015,57.57,BTC-27DEC24-60000-C,44962.19,sell,0.1,0.1,,,,
210,282999576,2024-02-08 15:25:03,0,0.1415,0.14009358,57.49,BTC-27DEC24-60000-C,45312.49,sell,0.1,0.1,,,,
211,282999577,2024-02-08 15:25:03,2,0.141,0.14009358,57.36,BTC-27DEC24-60000-C,45312.49,sell,0.1,0.1,,,,
212,282999799,2024-02-08 15:26:50,0,0.142,0.14081609,57.46,BTC-27DEC24-60000-C,45400.22,sell,0.1,0.1,,,,
213,283068746,2024-02-09 02:18:44,2,0.141,0.1411955,57.02,BTC-27DEC24-60000-C,45552.96,buy,0.1,0.1,,,,
214,283108749,2024-02-09 05:56:55,0,0.1465,0.14821374,57.09,BTC-27DEC24-60000-C,46247.47,sell,0.1,0.1,,,,
215,283133544,2024-02-09 08:30:53,0,0.15,0.14849992,57.6,BTC-27DEC24-60000-C,46447.79,buy,0.2,0.2,,,,
216,283141609,2024-02-09 09:16:55,0,0.1515,0.15134305,57.87,BTC-27DEC24-60000-C,46531.19,buy,0.1,0.1,,,,
217,283141646,2024-02-09 09:17:05,1,0.1515,0.15139599,57.88,BTC-27DEC24-60000-C,46515.7,buy,0.1,0.1,,,,
218,283151264,2024-02-09 10:59:39,0,0.155,0.15323632,58.36,BTC-27DEC24-60000-C,46778.91,buy,0.2,0.2,,,,
219,283163167,2024-02-09 11:57:10,0,0.157,0.15663765,58.22,BTC-27DEC24-60000-C,47114.74,buy,0.1,0.1,,,,
220,283163192,2024-02-09 11:57:18,1,0.157,0.15668142,58.21,BTC-27DEC24-60000-C,47117.54,buy,0.1,0.1,,,,
221,283168754,2024-02-09 12:08:35,0,0.159,0.15902916,58.09,BTC-27DEC24-60000-C,47473.09,buy,0.1,0.1,,,,
222,283184140,2024-02-09 13:10:09,1,0.159,0.1590191,58.54,BTC-27DEC24-60000-C,47250.83,buy,0.3,0.3,,,,
223,283184520,2024-02-09 13:11:49,0,0.1595,0.15919753,58.61,BTC-27DEC24-60000-C,47287.78,buy,0.1,0.1,,,,
224,283184592,2024-02-09 13:12:09,2,0.159,0.15962261,58.37,BTC-27DEC24-60000-C,47339.35,buy,0.2,0.2,,,,
225,283184623,2024-02-09 13:12:21,3,0.159,0.15962388,58.37,BTC-27DEC24-60000-C,47345.05,buy,0.1,0.1,,,,
226,283325802,2024-02-10 15:16:56,0,0.161,0.16093851,59.26,BTC-27DEC24-60000-C,47332.56,buy,0.1,0.1,,,,
227,283325814,2024-02-10 15:17:12,1,0.161,0.16101061,59.24,BTC-27DEC24-60000-C,47342.67,buy,0.1,0.1,,,,
228,283325817,2024-02-10 15:17:28,1,0.161,0.16102356,59.23,BTC-27DEC24-60000-C,47343.02,buy,0.1,0.1,,,,
229,283325819,2024-02-10 15:17:44,1,0.161,0.16102739,59.23,BTC-27DEC24-60000-C,47342.33,buy,0.1,0.1,,,,
230,283325826,2024-02-10 15:18:01,1,0.161,0.16104492,59.22,BTC-27DEC24-60000-C,47346.9,buy,0.1,0.1,,,,
231,283325839,2024-02-10 15:18:17,1,0.161,0.16106072,59.22,BTC-27DEC24-60000-C,47349.0,buy,0.1,0.1,,,,
232,283325851,2024-02-10 15:18:33,0,0.1615,0.16113784,59.32,BTC-27DEC24-60000-C,47360.27,buy,0.1,0.1,,,,
233,283325872,2024-02-10 15:18:49,2,0.161,0.16107118,59.21,BTC-27DEC24-60000-C,47349.88,buy,0.1,0.1,,,,
234,283325890,2024-02-10 15:19:06,3,0.161,0.16100783,59.22,BTC-27DEC24-60000-C,47345.36,buy,0.1,0.1,,,,
235,283325903,2024-02-10 15:19:22,3,0.161,0.16092868,59.24,BTC-27DEC24-60000-C,47335.02,buy,0.1,0.1,,,,
236,283328052,2024-02-10 16:40:33,2,0.158,0.1604694,58.49,BTC-27DEC24-60000-C,47281.52,sell,0.1,0.1,,,,
237,283328055,2024-02-10 16:40:34,0,0.1605,0.16041428,59.16,BTC-27DEC24-60000-C,47280.19,buy,0.1,0.1,,,,
238,283328060,2024-02-10 16:40:50,1,0.1605,0.16041648,59.17,BTC-27DEC24-60000-C,47277.57,buy,0.1,0.1,,,,
239,283328070,2024-02-10 16:41:40,1,0.1605,0.16049594,59.14,BTC-27DEC24-60000-C,47287.45,buy,0.1,0.1,,,,
240,283328074,2024-02-10 16:41:56,1,0.1605,0.16052032,59.14,BTC-27DEC24-60000-C,47286.78,buy,0.1,0.1,,,,
241,283328085,2024-02-10 16:42:29,2,0.158,0.16053771,58.47,BTC-27DEC24-60000-C,47285.41,sell,0.1,0.1,,,,
242,283328089,2024-02-10 16:42:47,0,0.1605,0.16051214,59.14,BTC-27DEC24-60000-C,47282.47,buy,0.1,0.1,,,,
243,283328096,2024-02-10 16:43:03,1,0.1605,0.16053311,59.14,BTC-27DEC24-60000-C,47282.47,buy,0.1,0.1,,,,
244,283328119,2024-02-10 16:43:54,1,0.1605,0.16047799,59.15,BTC-27DEC24-60000-C,47280.14,buy,0.1,0.1,,,,
245,283328127,2024-02-10 16:44:11,1,0.1605,0.16048464,59.15,BTC-27DEC24-60000-C,47280.14,buy,0.1,0.1,,,,
246,283328133,2024-02-10 16:44:28,1,0.1605,0.16050286,59.15,BTC-27DEC24-60000-C,47280.14,buy,0.1,0.1,,,,
247,283328155,2024-02-10 16:45:01,2,0.1575,0.16042622,58.36,BTC-27DEC24-60000-C,47272.71,sell,0.1,0.1,,,,
248,283328159,2024-02-10 16:45:02,0,0.1605,0.16042622,59.16,BTC-27DEC24-60000-C,47273.01,buy,0.1,0.1,,,,
249,283328190,2024-02-10 16:45:19,1,0.1605,0.1603954,59.17,BTC-27DEC24-60000-C,47266.2,buy,0.1,0.1,,,,
250,283328211,2024-02-10 16:45:52,2,0.1575,0.16039335,58.37,BTC-27DEC24-60000-C,47267.54,sell,0.1,0.1,,,,
251,283328214,2024-02-10 16:45:54,0,0.1605,0.16039357,59.17,BTC-27DEC24-60000-C,47267.54,buy,0.1,0.1,,,,
252,283328225,2024-02-10 16:46:25,0,0.161,0.16045572,59.28,BTC-27DEC24-60000-C,47277.56,buy,0.1,0.1,,,,
253,283328228,2024-02-10 16:46:26,2,0.1605,0.16045893,59.15,BTC-27DEC24-60000-C,47277.91,buy,0.1,0.1,,,,
254,283328245,2024-02-10 16:46:43,3,0.1605,0.16051416,59.14,BTC-27DEC24-60000-C,47284.97,buy,0.1,0.1,,,,
255,283328252,2024-02-10 16:47:00,0,0.161,0.16056797,59.27,BTC-27DEC24-60000-C,47287.31,buy,0.1,0.1,,,,
256,283329377,2024-02-10 17:22:40,2,0.1605,0.16028185,59.3,BTC-27DEC24-60000-C,47215.18,buy,0.1,0.1,,,,
257,283329379,2024-02-10 17:22:46,3,0.1605,0.16028719,59.3,BTC-27DEC24-60000-C,47215.96,buy,0.1,0.1,,,,
258,283329382,2024-02-10 17:23:02,3,0.1605,0.16027863,59.3,BTC-27DEC24-60000-C,47214.73,buy,0.1,0.1,,,,
259,283329401,2024-02-10 17:23:35,3,0.1605,0.1603152,59.29,BTC-27DEC24-60000-C,47217.91,buy,0.1,0.1,,,,
260,283329403,2024-02-10 17:23:51,3,0.1605,0.16032665,59.29,BTC-27DEC24-60000-C,47215.78,buy,0.1,0.1,,,,
261,283329405,2024-02-10 17:24:12,3,0.1605,0.16028625,59.3,BTC-27DEC24-60000-C,47207.16,buy,0.1,0.1,,,,
262,283329407,2024-02-10 17:24:23,3,0.1605,0.16029061,59.3,BTC-27DEC24-60000-C,47205.85,buy,0.1,0.1,,,,
263,283329409,2024-02-10 17:24:56,3,0.1605,0.16030477,59.29,BTC-27DEC24-60000-C,47203.95,buy,0.1,0.1,,,,
264,283329414,2024-02-10 17:25:12,3,0.1605,0.16032958,59.28,BTC-27DEC24-60000-C,47206.01,buy,0.1,0.1,,,,
265,283329418,2024-02-10 17:25:28,3,0.1605,0.16035161,59.28,BTC-27DEC24-60000-C,47206.07,buy,0.1,0.1,,,,
266,283329843,2024-02-10 17:41:24,3,0.1605,0.16053826,59.23,BTC-27DEC24-60000-C,47240.19,buy,0.1,0.1,,,,
267,283329845,2024-02-10 17:41:40,3,0.1605,0.16053991,59.23,BTC-27DEC24-60000-C,47239.53,buy,0.1,0.1,,,,
268,283329855,2024-02-10 17:42:13,3,0.1605,0.16050157,59.24,BTC-27DEC24-60000-C,47236.71,buy,0.1,0.1,,,,
269,283329871,2024-02-10 17:42:29,3,0.1605,0.16051,59.24,BTC-27DEC24-60000-C,47234.18,buy,0.1,0.1,,,,
270,283329882,2024-02-10 17:43:01,3,0.1605,0.16044616,59.25,BTC-27DEC24-60000-C,47231.02,buy,0.1,0.1,,,,
271,283329888,2024-02-10 17:43:18,3,0.1605,0.16047087,59.25,BTC-27DEC24-60000-C,47234.55,buy,0.1,0.1,,,,
272,283329892,2024-02-10 17:43:34,3,0.1605,0.16050411,59.24,BTC-27DEC24-60000-C,47234.1,buy,0.1,0.1,,,,
273,283329895,2024-02-10 17:44:06,3,0.1605,0.16053514,59.23,BTC-27DEC24-60000-C,47238.61,buy,0.1,0.1,,,,
274,283329897,2024-02-10 17:44:23,3,0.1605,0.16054222,59.23,BTC-27DEC24-60000-C,47238.67,buy,0.1,0.1,,,,
275,283329899,2024-02-10 17:44:39,3,0.1605,0.16055777,59.23,BTC-27DEC24-60000-C,47238.5,buy,0.1,0.1,,,,
276,283426761,2024-02-11 14:54:16,0,0.175,0.17061689,60.91,BTC-27DEC24-60000-C,48233.23,buy,0.1,0.1,,,,
277,283430108,2024-02-11 15:49:33,2,0.1725,0.1727212,60.41,BTC-27DEC24-60000-C,48159.86,sell,1.0,1.0,,,,
278,283439444,2024-02-11 17:35:08,0,0.175,0.17260234,60.78,BTC-27DEC24-60000-C,48298.75,sell,0.1,0.1,,,,
279,283439449,2024-02-11 17:35:28,1,0.175,0.1726595,60.76,BTC-27DEC24-60000-C,48307.21,buy,0.5,0.5,,,,
280,283439607,2024-02-11 17:37:54,2,0.173,0.17240773,60.25,BTC-27DEC24-60000-C,48296.24,sell,0.2,0.2,,,,
281,283516006,2024-02-12 13:02:01,2,0.1725,0.17195965,60.44,BTC-27DEC24-60000-C,48022.94,sell,0.5,0.5,,,,
282,283536123,2024-02-12 15:10:12,0,0.185,0.18430881,61.67,BTC-27DEC24-60000-C,49007.65,buy,2.1,2.1,,,,
283,283589702,2024-02-12 16:47:43,0,0.1895,0.18945207,61.73,BTC-27DEC24-60000-C,49556.18,buy,0.1,0.1,,,,
284,283589759,2024-02-12 16:47:59,1,0.1895,0.18933975,61.76,BTC-27DEC24-60000-C,49542.85,buy,0.1,0.1,,,,
285,283589803,2024-02-12 16:48:16,1,0.1895,0.18918303,61.81,BTC-27DEC24-60000-C,49525.64,buy,0.1,0.1,,,,
286,283589850,2024-02-12 16:48:32,2,0.189,0.18901228,61.71,BTC-27DEC24-60000-C,49509.05,buy,0.1,0.1,,,,
287,283589920,2024-02-12 16:48:48,0,0.1895,0.18917456,61.8,BTC-27DEC24-60000-C,49535.15,buy,0.1,0.1,,,,
288,283589944,2024-02-12 16:49:05,1,0.1895,0.18909301,61.83,BTC-27DEC24-60000-C,49517.28,buy,0.1,0.1,,,,
289,283590119,2024-02-12 16:49:21,2,0.189,0.18888684,61.74,BTC-27DEC24-60000-C,49497.59,buy,0.1,0.1,,,,
290,283590197,2024-02-12 16:49:37,3,0.189,0.18894373,61.72,BTC-27DEC24-60000-C,49505.17,buy,0.1,0.1,,,,
291,283590293,2024-02-12 16:49:53,0,0.1895,0.1891475,61.81,BTC-27DEC24-60000-C,49529.18,buy,0.1,0.1,,,,
292,283590345,2024-02-12 16:50:10,1,0.1895,0.18914368,61.8,BTC-27DEC24-60000-C,49530.79,buy,0.1,0.1,,,,
293,283590480,2024-02-12 16:50:26,1,0.1895,0.18946618,61.72,BTC-27DEC24-60000-C,49579.07,buy,0.1,0.1,,,,
294,283590541,2024-02-12 16:50:43,0,0.19,0.18960565,61.82,BTC-27DEC24-60000-C,49581.9,buy,0.1,0.1,,,,
295,283590610,2024-02-12 16:50:59,1,0.19,0.18972735,61.79,BTC-27DEC24-60000-C,49597.96,buy,0.1,0.1,,,,
296,283590643,2024-02-12 16:51:15,1,0.19,0.18974184,61.78,BTC-27DEC24-60000-C,49601.54,buy,0.1,0.1,,,,
297,283590667,2024-02-12 16:51:32,1,0.19,0.18959446,61.82,BTC-27DEC24-60000-C,49577.77,buy,0.1,0.1,,,,
298,283590733,2024-02-12 16:51:48,2,0.1895,0.18944938,61.72,BTC-27DEC24-60000-C,49546.7,buy,0.1,0.1,,,,
299,283590774,2024-02-12 16:52:04,3,0.1895,0.18930841,61.76,BTC-27DEC24-60000-C,49531.92,buy,0.1,0.1,,,,
300,283590781,2024-02-12 16:52:21,3,0.1895,0.18928633,61.76,BTC-27DEC24-60000-C,49537.32,buy,0.1,0.1,,,,
301,283590884,2024-02-12 16:52:37,3,0.1895,0.18927444,61.75,BTC-27DEC24-60000-C,49546.02,buy,0.1,0.1,,,,
302,283590905,2024-02-12 16:52:53,3,0.1895,0.18929054,61.76,BTC-27DEC24-60000-C,49541.91,buy,0.1,0.1,,,,
303,283590944,2024-02-12 16:53:09,3,0.1895,0.18934248,61.75,BTC-27DEC24-60000-C,49547.53,buy,0.1,0.1,,,,
304,283590977,2024-02-12 16:53:26,3,0.1895,0.18934586,61.75,BTC-27DEC24-60000-C,49552.61,buy,0.1,0.1,,,,
305,283590986,2024-02-12 16:53:42,3,0.1895,0.18943243,61.74,BTC-27DEC24-60000-C,49553.43,buy,0.1,0.1,,,,
306,283591040,2024-02-12 16:53:59,0,0.19,0.1897099,61.82,BTC-27DEC24-60000-C,49581.7,buy,0.1,0.1,,,,
307,283591073,2024-02-12 16:54:15,0,0.1905,0.18981785,61.93,BTC-27DEC24-60000-C,49595.85,buy,0.1,0.1,,,,
308,283591094,2024-02-12 16:54:32,1,0.1905,0.18987124,61.93,BTC-27DEC24-60000-C,49595.31,buy,0.1,0.1,,,,
309,283591193,2024-02-12 16:54:47,1,0.1905,0.18996228,61.9,BTC-27DEC24-60000-C,49615.36,buy,0.1,0.1,,,,
310,283591227,2024-02-12 16:55:03,1,0.1905,0.19001718,61.9,BTC-27DEC24-60000-C,49605.41,buy,0.1,0.1,,,,
311,283591249,2024-02-12 16:55:20,2,0.19,0.18985035,61.82,BTC-27DEC24-60000-C,49583.98,buy,0.1,0.1,,,,
312,283591298,2024-02-12 16:55:36,3,0.19,0.18987475,61.81,BTC-27DEC24-60000-C,49591.52,buy,0.1,0.1,,,,
313,283591316,2024-02-12 16:55:53,3,0.19,0.18981372,61.83,BTC-27DEC24-60000-C,49584.23,buy,0.1,0.1,,,,
314,283591356,2024-02-12 16:56:09,3,0.19,0.18980672,61.84,BTC-27DEC24-60000-C,49577.33,buy,0.1,0.1,,,,
315,283591424,2024-02-12 16:56:25,3,0.19,0.1896864,61.87,BTC-27DEC24-60000-C,49561.99,buy,0.1,0.1,,,,
316,283591520,2024-02-12 16:56:41,3,0.19,0.18970944,61.87,BTC-27DEC24-60000-C,49562.69,buy,0.1,0.1,,,,
317,283591579,2024-02-12 16:56:58,3,0.19,0.18972304,61.87,BTC-27DEC24-60000-C,49566.61,buy,0.1,0.1,,,,
318,283591624,2024-02-12 16:57:14,3,0.19,0.18960423,61.9,BTC-27DEC24-60000-C,49542.02,buy,0.1,0.1,,,,
319,283591654,2024-02-12 16:57:30,3,0.19,0.18964221,61.89,BTC-27DEC24-60000-C,49548.34,buy,0.1,0.1,,,,
320,283591668,2024-02-12 16:57:46,3,0.19,0.18966656,61.89,BTC-27DEC24-60000-C,49548.37,buy,0.1,0.1,,,,
321,283591745,2024-02-12 16:58:03,3,0.19,0.18974657,61.89,BTC-27DEC24-60000-C,49551.02,buy,0.1,0.1,,,,
322,283591796,2024-02-12 16:58:19,3,0.19,0.18969432,61.88,BTC-27DEC24-60000-C,49557.88,buy,0.1,0.1,,,,
323,283591834,2024-02-12 16:58:35,3,0.19,0.18983505,61.85,BTC-27DEC24-60000-C,49576.9,buy,0.1,0.1,,,,
324,283591867,2024-02-12 16:58:52,3,0.19,0.19002685,61.81,BTC-27DEC24-60000-C,49600.73,buy,0.1,0.1,,,,
325,283591898,2024-02-12 16:59:08,3,0.19,0.18999597,61.83,BTC-27DEC24-60000-C,49593.23,buy,0.1,0.1,,,,
326,283591938,2024-02-12 16:59:24,3,0.19,0.18985417,61.85,BTC-27DEC24-60000-C,49584.84,buy,0.1,0.1,,,,
327,283591985,2024-02-12 16:59:41,3,0.19,0.18992015,61.84,BTC-27DEC24-60000-C,49586.76,buy,0.1,0.1,,,,
328,283592051,2024-02-12 16:59:57,3,0.19,0.18997772,61.83,BTC-27DEC24-60000-C,49593.2,buy,0.1,0.1,,,,
329,283592075,2024-02-12 17:00:07,3,0.19,0.18998415,61.85,BTC-27DEC24-60000-C,49582.39,buy,0.1,0.1,,,,
330,283592119,2024-02-12 17:00:23,3,0.19,0.18986443,61.87,BTC-27DEC24-60000-C,49570.07,buy,0.1,0.1,,,,
331,283592166,2024-02-12 17:00:40,3,0.19,0.19002448,61.83,BTC-27DEC24-60000-C,49596.56,buy,0.1,0.1,,,,
332,283592192,2024-02-12 17:00:56,3,0.19,0.18993415,61.85,BTC-27DEC24-60000-C,49579.49,buy,0.1,0.1,,,,
333,283622065,2024-02-12 19:03:17,0,0.1915,0.1908278,61.92,BTC-27DEC24-60000-C,49750.51,buy,2.0,2.0,,,,
334,283622136,2024-02-12 19:04:34,1,0.1915,0.19101819,61.88,BTC-27DEC24-60000-C,49756.97,buy,1.0,1.0,,,,
335,283667454,2024-02-13 02:31:13,2,0.189,0.19129209,60.59,BTC-27DEC24-60000-C,50079.86,sell,1.0,1.0,,,,
336,283811734,2024-02-14 01:21:07,2,0.184,0.18415005,60.94,BTC-27DEC24-60000-C,49497.21,sell,0.2,0.2,,,,
337,283850384,2024-02-14 09:08:47,0,0.194,0.19522718,60.44,BTC-27DEC24-60000-C,50908.13,buy,1.6,1.6,,,,
338,283869029,2024-02-14 09:37:19,0,0.2,0.20068232,60.84,BTC-27DEC24-60000-C,51491.27,buy,0.3,0.3,,,,
339,283896757,2024-02-14 11:12:41,0,0.2035,0.20016351,62.52,BTC-27DEC24-60000-C,51162.5,buy,0.1,0.1,,,,
340,283897001,2024-02-14 11:13:45,0,0.204,0.20055564,62.54,BTC-27DEC24-60000-C,51229.06,buy,0.1,0.1,,,,
341,283897152,2024-02-14 11:14:41,1,0.204,0.20076016,62.49,BTC-27DEC24-60000-C,51245.97,buy,0.2,0.2,,,,
342,283922138,2024-02-14 12:28:21,0,0.205,0.20426497,61.59,BTC-27DEC24-60000-C,51766.61,buy,2.1,2.1,,,,
343,283935021,2024-02-14 13:32:19,0,0.2055,0.2061599,61.8,BTC-27DEC24-60000-C,51726.5,buy,0.1,0.1,,,,
344,283942885,2024-02-14 14:11:30,0,0.2085,0.20769334,62.56,BTC-27DEC24-60000-C,51709.34,buy,0.1,0.1,,,,
345,283949963,2024-02-14 14:37:11,0,0.21,0.20952806,62.39,BTC-27DEC24-60000-C,52018.89,buy,0.1,0.1,,,,
346,283973664,2024-02-14 15:51:04,2,0.209,0.20833747,62.61,BTC-27DEC24-60000-C,51747.42,sell,1.0,1.0,,,,
347,283974629,2024-02-14 15:52:29,2,0.208,0.20738921,62.6,BTC-27DEC24-60000-C,51617.38,sell,1.0,1.0,,,,
348,284001061,2024-02-14 18:03:07,3,0.208,0.2078993,62.5,BTC-27DEC24-60000-C,51702.05,sell,0.2,0.2,,,,
349,284009793,2024-02-14 19:04:38,2,0.207,0.20656724,62.65,BTC-27DEC24-60000-C,51498.3,sell,0.3,0.3,,,,
350,284026428,2024-02-14 21:12:08,2,0.2069,0.20691228,62.41,BTC-27DEC24-60000-C,51645.95,buy,0.7,0.7,284026427,BTC-CS-27DEC24-60000_70000,,
351,284065483,2024-02-15 02:18:36,0,0.214,0.21078613,63.23,BTC-27DEC24-60000-C,52239.76,sell,0.1,0.1,,,,
352,284068026,2024-02-15 02:48:19,1,0.214,0.2105077,63.38,BTC-27DEC24-60000-C,52171.54,sell,0.2,0.2,,,,
353,284068226,2024-02-15 02:50:07,0,0.2145,0.21073743,63.48,BTC-27DEC24-60000-C,52183.43,buy,0.1,0.1,,,,
354,284069389,2024-02-15 03:04:52,2,0.214,0.21084306,63.38,BTC-27DEC24-60000-C,52159.44,buy,0.1,0.1,,,,
355,284262313,2024-02-15 21:43:37,2,0.2035,0.20470233,61.65,BTC-27DEC24-60000-C,51525.74,buy,3.0,3.0,,,,
356,284305245,2024-02-16 06:59:08,0,0.2095,0.20707251,62.42,BTC-27DEC24-60000-C,51899.33,buy,4.3,4.3,,,,
357,284325633,2024-02-16 08:04:28,0,0.21,0.20688312,62.66,BTC-27DEC24-60000-C,51845.2,buy,0.8,0.8,,,,
358,284331382,2024-02-16 08:38:23,2,0.209,0.20650677,62.36,BTC-27DEC24-60000-C,51866.74,buy,0.3,0.3,,,,
359,284331511,2024-02-16 08:39:36,3,0.209,0.20660907,62.32,BTC-27DEC24-60000-C,51884.02,buy,0.8,0.8,,,,
360,284337085,2024-02-16 09:18:33,3,0.209,0.20656411,62.35,BTC-27DEC24-60000-C,51815.31,sell,1.6,1.6,,,,
361,284495347,2024-02-17 13:27:20,2,0.205,0.20537746,62.24,BTC-27DEC24-60000-C,51497.94,sell,0.4,0.4,,,,
362,284497694,2024-02-17 13:33:08,2,0.204,0.20420861,62.29,BTC-27DEC24-60000-C,51368.18,sell,0.5,0.5,,,,
363,284500090,2024-02-17 13:34:18,2,0.2025,0.20886101,62.3,BTC-27DEC24-60000-C,51161.44,sell,1.0,1.0,,,,
364,284618232,2024-02-18 17:06:04,0,0.23,0.21026851,68.19,BTC-27DEC24-60000-C,51920.98,buy,0.1,0.1,,,,
365,284618341,2024-02-18 17:06:55,1,0.23,0.20848829,68.12,BTC-27DEC24-60000-C,51950.04,buy,0.5,0.5,,,,
366,284652757,2024-02-19 01:12:26,2,0.2075,0.20956843,61.36,BTC-27DEC24-60000-C,52073.75,sell,7.0,7.0,,,,
367,284737015,2024-02-19 16:56:12,0,0.209,0.20897295,62.11,BTC-27DEC24-60000-C,51905.83,sell,0.1,0.1,,,,
368,284748170,2024-02-19 18:35:23,0,0.21,0.21037634,62.11,BTC-27DEC24-60000-C,52062.37,sell,1.0,1.0,,,,
369,284756854,2024-02-19 20:33:39,2,0.208,0.20977291,61.82,BTC-27DEC24-60000-C,51921.11,sell,0.5,0.5,,,,
370,284777538,2024-02-20 00:43:13,3,0.208,0.20740241,62.65,BTC-27DEC24-60000-C,51524.97,sell,2.4,2.4,,,,
371,284777539,2024-02-20 00:43:13,3,0.208,0.20740241,62.65,BTC-27DEC24-60000-C,51524.97,sell,0.5,0.5,,,,
372,284777540,2024-02-20 00:43:13,3,0.208,0.20740241,62.65,BTC-27DEC24-60000-C,51524.97,sell,0.1,0.1,,,,
373,284777802,2024-02-20 00:43:37,3,0.208,0.20737087,62.67,BTC-27DEC24-60000-C,51528.55,sell,7.0,7.0,,,,
374,284782988,2024-02-20 01:24:22,3,0.208,0.20738828,63.05,BTC-27DEC24-60000-C,51381.23,sell,2.7,2.7,,,,
375,284782989,2024-02-20 01:24:22,3,0.208,0.20738828,63.05,BTC-27DEC24-60000-C,51381.23,sell,0.5,0.5,,,,
376,284783015,2024-02-20 01:24:36,3,0.208,0.20732632,63.07,BTC-27DEC24-60000-C,51376.52,sell,6.8,6.8,,,,
377,284886190,2024-02-20 15:29:44,3,0.208,0.20843314,62.91,BTC-27DEC24-60000-C,51484.19,sell,6.2,6.2,,,,
378,284887698,2024-02-20 15:30:47,3,0.208,0.20844651,62.98,BTC-27DEC24-60000-C,51453.22,sell,5.1,5.1,,,,
379,284889071,2024-02-20 15:30:54,3,0.208,0.20808047,63.05,BTC-27DEC24-60000-C,51432.63,sell,0.1,0.1,,,,
380,284903682,2024-02-20 17:00:33,3,0.208,0.20799942,63.24,BTC-27DEC24-60000-C,51359.64,sell,8.6,8.6,,,,
381,284904333,2024-02-20 17:01:00,2,0.2075,0.20782387,63.38,BTC-27DEC24-60000-C,51209.29,sell,0.1,0.1,,,,
382,284998390,2024-02-21 08:41:03,0,0.208,0.20700466,62.66,BTC-27DEC24-60000-C,51650.23,sell,5.0,5.0,,,,
383,284998455,2024-02-21 08:41:42,1,0.208,0.20719556,62.65,BTC-27DEC24-60000-C,51653.04,sell,5.0,5.0,,,,
384,285035773,2024-02-21 12:07:33,2,0.2,0.20058498,62.53,BTC-27DEC24-60000-C,50676.89,sell,0.6,0.6,,,,
385,285194179,2024-02-22 09:15:23,0,0.209,0.20715143,62.78,BTC-27DEC24-60000-C,51776.11,sell,0.1,0.1,,,,
386,285194318,2024-02-22 09:16:29,1,0.209,0.20716318,62.8,BTC-27DEC24-60000-C,51763.2,sell,0.1,0.1,,,,
387,285219660,2024-02-22 13:29:42,2,0.204,0.2036013,62.72,BTC-27DEC24-60000-C,51239.24,buy,0.1,0.1,,,,
388,285219661,2024-02-22 13:29:42,3,0.204,0.2036013,62.72,BTC-27DEC24-60000-C,51239.24,buy,5.0,5.0,,,,
389,285250974,2024-02-22 18:27:41,0,0.2055,0.20597054,62.46,BTC-27DEC24-60000-C,51615.24,buy,1.0,1.0,,,,
390,285356383,2024-02-23 12:49:47,2,0.203,0.20157328,63.11,BTC-27DEC24-60000-C,50999.57,buy,1.0,1.0,,,,
391,285356581,2024-02-23 12:53:43,2,0.202,0.20139364,62.82,BTC-27DEC24-60000-C,51005.64,sell,10.0,10.0,,,,
392,285365128,2024-02-23 14:35:04,3,0.202,0.20138016,62.53,BTC-27DEC24-60000-C,51109.72,sell,9.0,9.0,,,,
393,285388492,2024-02-23 16:15:13,2,0.2,0.20009384,62.91,BTC-27DEC24-60000-C,50691.5,sell,2.5,2.5,,,,
394,285389005,2024-02-23 16:16:39,3,0.2,0.20005212,62.94,BTC-27DEC24-60000-C,50675.22,sell,2.5,2.5,,,,
395,285389006,2024-02-23 16:16:39,3,0.2,0.20005212,62.94,BTC-27DEC24-60000-C,50675.22,sell,0.5,0.5,,,,
396,285389007,2024-02-23 16:16:39,3,0.2,0.20005212,62.94,BTC-27DEC24-60000-C,50675.22,sell,0.1,0.1,,,,
397,285415045,2024-02-23 22:57:26,0,0.2005,0.20053539,62.91,BTC-27DEC24-60000-C,50752.44,sell,4.4,4.4,,,,
398,285420370,2024-02-23 23:55:47,1,0.2005,0.20038135,62.84,BTC-27DEC24-60000-C,50772.07,sell,10.0,10.0,,,,
399,285420371,2024-02-23 23:55:47,1,0.2005,0.20038135,62.84,BTC-27DEC24-60000-C,50772.07,sell,0.5,0.5,,,,
400,285538582,2024-02-25 18:46:06,0,0.206,0.20488374,62.82,BTC-27DEC24-60000-C,51525.99,buy,1.0,1.0,,,,
401,285556682,2024-02-25 23:37:31,0,0.208,0.20593129,62.82,BTC-27DEC24-60000-C,51763.09,sell,11.0,11.0,,,,
402,285556785,2024-02-25 23:44:58,2,0.2075,0.20579181,62.68,BTC-27DEC24-60000-C,51767.15,sell,11.0,11.0,,,,
403,285557050,2024-02-25 23:57:06,3,0.2075,0.20503938,62.77,BTC-27DEC24-60000-C,51727.21,sell,3.5,3.5,,,,
404,285557052,2024-02-25 23:57:10,3,0.2075,0.20507001,62.77,BTC-27DEC24-60000-C,51727.1,sell,3.5,3.5,,,,
405,285565182,2024-02-26 01:40:58,2,0.206,0.20375058,62.75,BTC-27DEC24-60000-C,51504.18,sell,2.0,2.0,,,,
406,285586570,2024-02-26 08:34:46,2,0.2045,0.20453692,62.82,BTC-27DEC24-60000-C,51360.88,sell,3.0,3.0,,,,
407,285587495,2024-02-26 08:52:20,2,0.204,0.20332845,62.83,BTC-27DEC24-60000-C,51278.52,sell,5.0,5.0,,,,
408,285589234,2024-02-26 09:18:14,2,0.2035,0.20193638,62.77,BTC-27DEC24-60000-C,51227.23,sell,5.0,5.0,,,,
409,285593583,2024-02-26 09:37:05,2,0.202,0.20197633,62.86,BTC-27DEC24-60000-C,51002.49,sell,5.0,5.0,,,,
410,285608540,2024-02-26 12:18:39,3,0.202,0.20296628,62.82,BTC-27DEC24-60000-C,51007.65,sell,0.1,0.1,,,,
411,285610117,2024-02-26 12:38:18,0,0.2045,0.20401983,63.26,BTC-27DEC24-60000-C,51151.26,sell,10.0,10.0,,,,
412,285611181,2024-02-26 12:55:25,2,0.203,0.20413126,62.77,BTC-27DEC24-60000-C,51199.32,sell,10.0,10.0,,,,
413,285611247,2024-02-26 12:58:09,3,0.203,0.20360109,62.77,BTC-27DEC24-60000-C,51202.47,buy,1.0,1.0,,,,
414,285701106,2024-02-26 18:39:44,0,0.2185,0.21910428,62.26,BTC-27DEC24-60000-C,53396.74,sell,0.1,0.1,,,,
415,285772328,2024-02-26 23:56:29,0,0.233,0.23266974,63.92,BTC-27DEC24-60000-C,54530.64,sell,3.3,3.3,,,,
416,285772329,2024-02-26 23:56:29,1,0.233,0.23266974,63.92,BTC-27DEC24-60000-C,54530.64,sell,0.7,0.7,,,,
417,285772332,2024-02-26 23:56:29,1,0.233,0.23266974,63.92,BTC-27DEC24-60000-C,54530.64,sell,3.5,3.5,,,,
418,285772333,2024-02-26 23:56:29,1,0.233,0.23266974,63.92,BTC-27DEC24-60000-C,54530.64,sell,0.7,0.7,,,,
419,285772392,2024-02-26 23:58:00,1,0.233,0.23283037,63.93,BTC-27DEC24-60000-C,54536.69,sell,6.8,6.8,,,,
420,285897129,2024-02-27 07:40:49,0,0.241,0.23997434,62.89,BTC-27DEC24-60000-C,56075.66,buy,2.0,2.0,,,,
421,285946260,2024-02-27 12:23:24,0,0.247,0.24380198,63.28,BTC-27DEC24-60000-C,56796.97,sell,7.0,7.0,,,,
422,285946261,2024-02-27 12:23:24,1,0.247,0.24380198,63.28,BTC-27DEC24-60000-C,56796.97,sell,3.0,3.0,,,,
423,285951701,2024-02-27 12:33:59,0,0.2485,0.2467999,62.84,BTC-27DEC24-60000-C,57269.28,buy,2.5,2.5,,,,
424,286007097,2024-02-27 16:01:34,2,0.247,0.24360177,63.38,BTC-27DEC24-60000-C,56839.99,sell,4.5,4.5,,,,
425,286008382,2024-02-27 16:06:50,3,0.247,0.24367862,63.5,BTC-27DEC24-60000-C,56746.94,sell,13.1,13.1,,,,
426,286008628,2024-02-27 16:07:25,2,0.2465,0.2434331,63.39,BTC-27DEC24-60000-C,56720.91,sell,15.1,15.1,,,,
427,286009939,2024-02-27 16:08:29,2,0.246,0.24286712,63.4,BTC-27DEC24-60000-C,56653.42,sell,7.3,7.3,,,,
428,286014516,2024-02-27 16:12:00,2,0.243,0.24168943,62.86,BTC-27DEC24-60000-C,56520.14,buy,2.0,2.0,,,,
429,286014848,2024-02-27 16:12:52,3,0.243,0.24190356,62.75,BTC-27DEC24-60000-C,56564.21,buy,2.0,2.0,,,,
430,286072936,2024-02-28 00:50:10,0,0.2465,0.24586489,62.52,BTC-27DEC24-60000-C,57091.82,sell,1.0,1.0,,,,
431,286072991,2024-02-28 00:51:03,1,0.2465,0.24578091,62.56,BTC-27DEC24-60000-C,57064.82,sell,1.0,1.0,,,,
432,286214849,2024-02-28 13:09:06,0,0.26,0.25896649,60.75,BTC-27DEC24-60000-C,59921.04,buy,0.3,0.3,,,,
433,286214850,2024-02-28 13:09:06,1,0.26,0.25896649,60.75,BTC-27DEC24-60000-C,59921.04,buy,0.3,0.3,,,,
434,286242475,2024-02-28 13:51:38,0,0.266,0.26583663,61.28,BTC-27DEC24-60000-C,60451.79,sell,1.0,1.0,,,,
435,286250402,2024-02-28 14:04:18,0,0.267,0.26701574,61.33,BTC-27DEC24-60000-C,60601.4,sell,1.0,1.0,,,,
436,286320446,2024-02-28 15:31:19,0,0.27,0.26985848,61.81,BTC-27DEC24-60000-C,60959.17,sell,0.1,0.1,,,,
437,286344853,2024-02-28 16:27:18,0,0.275,0.27528671,62.27,BTC-27DEC24-60000-C,61462.04,buy,2.0,2.0,,,,
438,286363695,2024-02-28 16:58:28,0,0.285,0.28284624,63.11,BTC-27DEC24-60000-C,62450.58,sell,2.4,2.4,,,,M
439,286398476,2024-02-28 17:19:57,0,0.2925,0.29184163,63.78,BTC-27DEC24-60000-C,63145.08,sell,0.1,0.1,,,,
440,286497184,2024-02-28 18:19:35,2,0.268,0.27171945,63.04,BTC-27DEC24-60000-C,60367.02,sell,0.1,0.1,,,,
441,286590763,2024-02-28 22:28:09,0,0.277,0.27722443,63.33,BTC-27DEC24-60000-C,61319.93,buy,0.1,0.1,,,,
442,286827598,2024-02-29 15:32:06,0,0.2945,0.29412557,64.8,BTC-27DEC24-60000-C,63212.39,sell,1.0,1.0,,,,
443,287144823,2024-03-01 18:39:16,2,0.286,0.28726599,63.88,BTC-27DEC24-60000-C,62383.31,buy,4.3,4.3,,,,
444,287389783,2024-03-03 16:57:42,0,0.3,0.29963791,66.57,BTC-27DEC24-60000-C,62838.31,buy,1.0,1.0,,,,
445,287442928,2024-03-04 00:36:11,0,0.3135,0.31211683,68.13,BTC-27DEC24-60000-C,63942.73,sell,2.2,2.2,,,,M
446,287506353,2024-03-04 04:36:56,2,0.3094,0.30942346,67.32,BTC-27DEC24-60000-C,63776.17,sell,20.0,20.0,,BTC-CS-27DEC24-60000_80000,129261,
447,287571998,2024-03-04 09:01:13,0,0.326,0.32371952,69.15,BTC-27DEC24-60000-C,65311.71,sell,0.2,0.2,,,,M
448,287583247,2024-03-04 09:24:29,2,0.322,0.32274543,68.32,BTC-27DEC24-60000-C,65076.28,buy,0.1,0.1,,,,
449,287595533,2024-03-04 09:46:35,0,0.325,0.32511125,68.36,BTC-27DEC24-60000-C,65433.9,buy,0.1,0.1,,,,
450,287638571,2024-03-04 12:21:36,2,0.32,0.32572497,67.27,BTC-27DEC24-60000-C,65039.35,sell,0.6,0.6,,,,
451,287685661,2024-03-04 14:29:13,0,0.33,0.3285197,69.87,BTC-27DEC24-60000-C,65396.34,buy,0.1,0.1,,,,
452,287722977,2024-03-04 15:42:20,0,0.3385,0.33809608,70.75,BTC-27DEC24-60000-C,66279.94,sell,0.1,0.1,,,,M
453,288868831,2024-03-06 13:38:37,2,0.325,0.32564186,68.32,BTC-27DEC24-60000-C,66272.23,buy,1.0,1.0,,,,
454,289200776,2024-03-07 15:20:33,0,0.333,0.33546684,67.34,BTC-27DEC24-60000-C,67013.81,buy,0.8,0.8,,,,
455,289422708,2024-03-08 14:05:42,2,0.33,0.33401089,66.35,BTC-27DEC24-60000-C,67970.86,sell,0.3,0.3,,,,
456,289429122,2024-03-08 14:26:45,0,0.3355,0.33535927,67.94,BTC-27DEC24-60000-C,68018.34,sell,0.1,0.1,,,,
457,289429189,2024-03-08 14:27:06,1,0.3355,0.33508891,68.01,BTC-27DEC24-60000-C,67992.3,sell,0.1,0.1,,,,
458,289440143,2024-03-08 14:44:50,0,0.339,0.33870834,68.14,BTC-27DEC24-60000-C,68482.87,sell,0.2,0.2,,,,
459,289545035,2024-03-08 16:41:42,2,0.3295,0.33655351,67.48,BTC-27DEC24-60000-C,67227.32,sell,0.3,0.3,,,,
460,289580357,2024-03-08 18:10:30,0,0.345,0.34396569,70.05,BTC-27DEC24-60000-C,68571.29,buy,0.1,0.1,,,,
461,289583739,2024-03-08 18:23:00,2,0.344,0.34430836,69.57,BTC-27DEC24-60000-C,68599.47,sell,0.1,0.1,,,,
462,290035976,2024-03-11 09:25:22,0,0.3805,0.38156391,72.59,BTC-27DEC24-60000-C,71604.4,buy,2.0,2.0,,,,
463,290427555,2024-03-12 14:01:29,0,0.385,0.38575839,74.41,BTC-27DEC24-60000-C,72236.39,buy,0.5,0.5,,,,
464,290736768,2024-03-13 12:28:51,0,0.394,0.39585148,74.45,BTC-27DEC24-60000-C,73095.93,sell,0.5,0.5,,,,
465,290746614,2024-03-13 13:00:58,0,0.3965,0.39592447,75.89,BTC-27DEC24-60000-C,72894.01,sell,2.0,2.0,,,,
466,290946205,2024-03-14 12:35:32,2,0.3905,0.39132077,75.39,BTC-27DEC24-60000-C,72766.48,buy,1.9,1.9,,,,
467,291010830,2024-03-14 15:39:58,2,0.3765,0.37941238,75.22,BTC-27DEC24-60000-C,70622.0,buy,2.0,2.0,,,,M
468,291233228,2024-03-15 03:21:43,2,0.3725,0.37610478,77.5,BTC-27DEC24-60000-C,68455.12,sell,0.5,0.5,,,,
469,291233250,2024-03-15 03:21:43,3,0.3725,0.37610478,77.5,BTC-27DEC24-60000-C,68455.12,buy,0.5,0.5,,,,
470,291264034,2024-03-15 03:46:18,0,0.3835,0.37485956,81.91,BTC-27DEC24-60000-C,68709.85,buy,1.0,1.0,,,,
471,291417326,2024-03-15 09:36:35,2,0.3633,0.36258597,78.7,BTC-27DEC24-60000-C,67176.35,sell,6.5,6.5,,,132166,
472,291626984,2024-03-16 05:08:45,0,0.379,0.38060109,80.1,BTC-27DEC24-60000-C,68777.81,buy,0.1,0.1,,,,
473,291689753,2024-03-16 15:24:25,2,0.374,0.37296796,79.92,BTC-27DEC24-60000-C,68122.66,sell,1.2,1.2,,,,
474,291700989,2024-03-16 17:42:50,2,0.369,0.36871919,78.74,BTC-27DEC24-60000-C,67787.91,sell,0.5,0.5,,,,
475,291770481,2024-03-16 23:18:13,2,0.353,0.35007953,79.95,BTC-27DEC24-60000-C,64853.47,sell,0.5,0.5,,,,
476,292371573,2024-03-19 09:35:31,2,0.34,0.34028939,79.26,BTC-27DEC24-60000-C,63847.76,buy,0.2,0.2,,,,
477,292491517,2024-03-19 16:11:48,0,0.3445,0.34407048,79.34,BTC-27DEC24-60000-C,64499.54,sell,0.1,0.1,,,,
478,292738230,2024-03-20 10:42:49,2,0.331,0.3352774,79.23,BTC-27DEC24-60000-C,62929.62,sell,0.1,0.1,,,,
479,292875903,2024-03-20 19:13:40,0,0.3595,0.35961997,80.6,BTC-27DEC24-60000-C,65722.36,sell,3.2,3.2,,,,
480,292875978,2024-03-20 19:13:50,1,0.3595,0.35969936,80.57,BTC-27DEC24-60000-C,65708.04,sell,0.8,0.8,,,,
481,292941286,2024-03-20 21:26:18,0,0.3725,0.37258766,80.88,BTC-27DEC24-60000-C,67742.75,buy,0.1,0.1,,,,
482,292941550,2024-03-20 21:26:39,1,0.3725,0.37285189,80.78,BTC-27DEC24-60000-C,67768.83,buy,0.1,0.1,,,,
483,292941701,2024-03-20 21:26:52,1,0.3725,0.37281045,80.79,BTC-27DEC24-60000-C,67762.71,buy,0.1,0.1,,,,
484,292941717,2024-03-20 21:26:58,1,0.3725,0.37295796,80.73,BTC-27DEC24-60000-C,67786.94,buy,0.1,0.1,,,,
485,292942017,2024-03-20 21:27:15,1,0.3725,0.37326584,80.62,BTC-27DEC24-60000-C,67838.3,buy,0.5,0.5,,,,
486,292951002,2024-03-20 21:57:17,1,0.3725,0.37257083,81.03,BTC-27DEC24-60000-C,67647.27,buy,0.1,0.1,,,,
487,292971014,2024-03-20 23:17:38,0,0.3735,0.37372784,80.97,BTC-27DEC24-60000-C,67908.42,buy,0.3,0.3,,,,
488,292973498,2024-03-20 23:32:09,2,0.372,0.37227921,80.82,BTC-27DEC24-60000-C,67755.14,buy,0.7,0.7,,,,
489,292988474,2024-03-21 00:33:51,3,0.372,0.37079513,81.13,BTC-27DEC24-60000-C,67564.6,sell,2.0,2.0,,,,
490,293107465,2024-03-21 13:49:41,2,0.364,0.36342883,81.27,BTC-27DEC24-60000-C,66825.31,sell,1.0,1.0,,,,
491,293108841,2024-03-21 13:55:47,2,0.363,0.36383321,81.09,BTC-27DEC24-60000-C,66702.35,sell,1.0,1.0,,,,
492,293554996,2024-03-23 14:58:11,2,0.346,0.34837726,79.08,BTC-27DEC24-60000-C,65280.95,buy,0.1,0.1,,,,
493,293938250,2024-03-25 21:38:02,0,0.3845,0.37811565,82.63,BTC-27DEC24-60000-C,70062.08,buy,0.6,0.6,,,,
494,294711166,2024-03-30 16:25:09,2,0.377,0.37775208,80.53,BTC-27DEC24-60000-C,70027.79,buy,0.5,0.5,,,,
495,294711196,2024-03-30 16:27:03,3,0.377,0.377877,80.48,BTC-27DEC24-60000-C,70043.08,buy,0.5,0.5,,,,
496,294711212,2024-03-30 16:28:38,2,0.3765,0.377916,80.28,BTC-27DEC24-60000-C,70037.44,buy,0.5,0.5,,,,
497,294711275,2024-03-30 16:29:27,0,0.377,0.37800843,80.43,BTC-27DEC24-60000-C,70054.0,buy,0.5,0.5,,,,
498,294711307,2024-03-30 16:31:09,2,0.3765,0.3779704,80.27,BTC-27DEC24-60000-C,70042.78,buy,0.2,0.2,,,,
499,295236796,2024-04-03 03:13:58,2,0.348,0.34602502,80.69,BTC-27DEC24-60000-C,65872.22,sell,0.1,0.1,,,,
500,295450183,2024-04-04 17:36:11,0,0.3575,0.35732594,79.29,BTC-27DEC24-60000-C,68051.95,sell,10.0,10.0,,,,
501,295453523,2024-04-04 17:48:30,0,0.359,0.35855767,79.27,BTC-27DEC24-60000-C,68363.58,sell,10.0,10.0,,,,
502,295629337,2024-04-05 16:35:20,2,0.352,0.3530046,78.99,BTC-27DEC24-60000-C,67938.26,buy,0.1,0.1,,,,
503,295845940,2024-04-08 08:05:17,0,0.369,0.37001754,78.94,BTC-27DEC24-60000-C,70971.0,buy,0.3,0.3,,,,
504,295848350,2024-04-08 08:13:42,0,0.371,0.37178709,79.07,BTC-27DEC24-60000-C,71204.57,buy,0.3,0.3,,,,
505,295860021,2024-04-08 08:53:50,0,0.373,0.373147,79.3,BTC-27DEC24-60000-C,71450.59,buy,0.3,0.3,,,,
506,295861272,2024-04-08 08:54:09,0,0.375,0.37491308,79.44,BTC-27DEC24-60000-C,71736.62,buy,0.3,0.3,,,,
507,295863850,2024-04-08 08:55:14,0,0.377,0.37692479,79.47,BTC-27DEC24-60000-C,72022.66,buy,0.3,0.3,,,,
508,295905152,2024-04-08 11:12:04,0,0.383,0.38214916,80.61,BTC-27DEC24-60000-C,72257.21,sell,1.0,1.0,,,,
509,296030616,2024-04-09 06:39:59,2,0.371,0.37126317,79.77,BTC-27DEC24-60000-C,70804.66,sell,1.0,1.0,,,,
510,296229460,2024-04-10 13:00:53,2,0.35,0.34919407,79.76,BTC-27DEC24-60000-C,67838.34,sell,1.0,1.0,,,,
511,296229581,2024-04-10 13:01:16,0,0.351,0.34885059,80.23,BTC-27DEC24-60000-C,67792.36,sell,1.0,1.0,,,,
512,296229674,2024-04-10 13:01:45,2,0.349,0.34894277,79.45,BTC-27DEC24-60000-C,67815.75,sell,1.0,1.0,,,,
513,296229811,2024-04-10 13:02:18,0,0.35,0.34872819,79.89,BTC-27DEC24-60000-C,67775.14,sell,1.3,1.3,,,,
514,296320420,2024-04-10 22:26:24,0,0.367,0.36727618,79.1,BTC-27DEC24-60000-C,70970.12,buy,0.2,0.2,,,,
515,296320421,2024-04-10 22:26:24,1,0.367,0.36727618,79.1,BTC-27DEC24-60000-C,70970.12,buy,1.0,1.0,,,,
516,296384403,2024-04-11 09:57:12,1,0.367,0.36644531,79.69,BTC-27DEC24-60000-C,70768.9,sell,1.0,1.0,,,,
517,296451666,2024-04-11 18:02:50,2,0.3575,0.35741408,77.49,BTC-27DEC24-60000-C,70340.68,sell,1.0,1.0,,,,
518,296455213,2024-04-11 18:40:17,2,0.356,0.35549338,77.43,BTC-27DEC24-60000-C,70089.13,sell,1.0,1.0,,,,
519,296583952,2024-04-12 16:49:52,2,0.342,0.34278666,77.11,BTC-27DEC24-60000-C,68678.12,buy,1.0,1.0,,,,
520,296708280,2024-04-13 02:00:16,2,0.323,0.32540858,76.15,BTC-27DEC24-60000-C,65977.81,buy,4.0,4.0,,,,
521,296826292,2024-04-13 20:08:12,2,0.3,0.30225877,78.61,BTC-27DEC24-60000-C,62109.69,sell,0.1,0.1,,,,T
522,296840955,2024-04-13 20:10:47,0,0.305,0.29836105,81.99,BTC-27DEC24-60000-C,62307.54,sell,1.0,1.0,,,,
523,296890923,2024-04-13 20:49:25,2,0.294,0.29544568,78.13,BTC-27DEC24-60000-C,61978.21,buy,1.0,1.0,,,,
524,296922620,2024-04-13 21:38:32,0,0.3,0.30109651,78.94,BTC-27DEC24-60000-C,62143.18,sell,0.1,0.1,,,,
525,296923735,2024-04-13 21:41:43,1,0.3,0.30266236,78.54,BTC-27DEC24-60000-C,62283.03,sell,0.1,0.1,,,,
526,296930183,2024-04-13 21:55:46,0,0.305,0.30494111,79.04,BTC-27DEC24-60000-C,62808.43,sell,0.1,0.1,,,,
527,296939262,2024-04-13 22:17:25,2,0.3025,0.30177433,78.64,BTC-27DEC24-60000-C,62548.67,sell,0.1,0.1,,,,
528,296949452,2024-04-13 22:36:57,0,0.309,0.30923201,78.23,BTC-27DEC24-60000-C,63742.13,sell,0.2,0.2,,,,
529,296949946,2024-04-13 22:37:18,1,0.309,0.30992334,78.08,BTC-27DEC24-60000-C,63819.78,sell,0.4,0.4,,,,
530,296995543,2024-04-14 00:20:37,2,0.305,0.30696104,77.01,BTC-27DEC24-60000-C,63683.14,buy,0.5,0.5,,,,
531,296996316,2024-04-14 00:22:19,2,0.3045,0.30483546,77.46,BTC-27DEC24-60000-C,63450.08,buy,0.2,0.2,,,,
532,296998424,2024-04-14 00:26:09,2,0.303,0.30378202,77.5,BTC-27DEC24-60000-C,63199.31,buy,0.3,0.3,,,,
533,297063660,2024-04-14 06:41:50,0,0.32,0.31804222,79.51,BTC-27DEC24-60000-C,64717.39,sell,1.0,1.0,,,,
534,297079502,2024-04-14 08:33:34,2,0.317,0.31808033,78.13,BTC-27DEC24-60000-C,64793.08,buy,0.5,0.5,,,,
535,297080240,2024-04-14 08:44:32,0,0.3185,0.31799687,78.96,BTC-27DEC24-60000-C,64671.31,sell,0.1,0.1,,,,
536,297081672,2024-04-14 08:52:12,2,0.3115,0.31589721,76.97,BTC-27DEC24-60000-C,64510.57,buy,0.3,0.3,,,,
537,297082721,2024-04-14 08:59:27,0,0.3165,0.31618193,78.57,BTC-27DEC24-60000-C,64602.55,sell,0.2,0.2,,,,
538,297086355,2024-04-14 09:24:17,2,0.311,0.31383396,77.18,BTC-27DEC24-60000-C,64344.49,buy,0.2,0.2,,,,
539,297087697,2024-04-14 09:30:34,0,0.319,0.31517603,79.81,BTC-27DEC24-60000-C,64460.6,buy,0.2,0.2,,,,
540,297088240,2024-04-14 09:34:18,2,0.31,0.31371579,77.02,BTC-27DEC24-60000-C,64243.11,buy,0.2,0.2,,,,
541,297090882,2024-04-14 09:48:23,0,0.315,0.31485588,78.87,BTC-27DEC24-60000-C,64141.72,sell,0.1,0.1,,,,
542,297093523,2024-04-14 10:12:12,1,0.315,0.31415976,78.65,BTC-27DEC24-60000-C,64322.35,sell,0.1,0.1,,,,
543,297094711,2024-04-14 10:25:53,1,0.315,0.31356068,78.81,BTC-27DEC24-60000-C,64234.77,sell,0.1,0.1,,,,
544,297097713,2024-04-14 10:46:32,0,0.316,0.31320583,78.74,BTC-27DEC24-60000-C,64577.65,sell,0.1,0.1,,,,
545,297099520,2024-04-14 11:07:32,2,0.314,0.31225119,78.57,BTC-27DEC24-60000-C,64345.95,sell,1.0,1.0,,,,
546,297117295,2024-04-14 14:03:40,2,0.3,0.31035266,74.38,BTC-27DEC24-60000-C,64195.8,buy,0.2,0.2,,,,
547,297155508,2024-04-14 17:32:15,0,0.311,0.30917242,78.85,BTC-27DEC24-60000-C,63833.44,sell,0.1,0.1,,,,
548,297183705,2024-04-14 21:23:26,2,0.305,0.30645866,77.62,BTC-27DEC24-60000-C,63390.64,buy,0.1,0.1,,,,
549,297259712,2024-04-15 05:01:55,0,0.319,0.31794489,78.4,BTC-27DEC24-60000-C,64987.56,sell,0.1,0.1,,,,
550,297260197,2024-04-15 05:07:35,0,0.3195,0.31835355,78.42,BTC-27DEC24-60000-C,65016.82,sell,0.1,0.1,,,,
551,297260455,2024-04-15 05:14:04,2,0.319,0.31806489,78.32,BTC-27DEC24-60000-C,65005.78,sell,0.3,0.3,,,,
552,297275856,2024-04-15 06:46:22,0,0.33,0.33022443,79.09,BTC-27DEC24-60000-C,66261.24,sell,4.1,4.1,,,,
553,297275857,2024-04-15 06:46:22,1,0.33,0.33022443,79.09,BTC-27DEC24-60000-C,66261.24,sell,0.9,0.9,,,,
554,297384778,2024-04-15 17:51:04,2,0.3045,0.30440441,77.24,BTC-27DEC24-60000-C,63544.54,buy,0.3,0.3,,,,
555,297406754,2024-04-15 19:11:01,2,0.301,0.30117349,77.46,BTC-27DEC24-60000-C,62907.87,buy,0.5,0.5,,,,
556,297418423,2024-04-15 20:02:42,0,0.309,0.30819699,78.82,BTC-27DEC24-60000-C,63479.39,sell,0.3,0.3,,,,
557,297421402,2024-04-15 20:23:04,2,0.303,0.30206969,77.38,BTC-27DEC24-60000-C,63216.49,buy,0.5,0.5,,,,
558,297474560,2024-04-16 04:41:08,2,0.3,0.30161721,77.9,BTC-27DEC24-60000-C,62469.3,buy,0.5,0.5,,,,
559,297476502,2024-04-16 04:45:12,3,0.3,0.29937107,78.92,BTC-27DEC24-60000-C,61972.16,sell,0.5,0.5,,,,
560,297483237,2024-04-16 05:13:46,0,0.3045,0.3042332,79.17,BTC-27DEC24-60000-C,62584.46,sell,0.5,0.5,,,,
561,297519938,2024-04-16 08:55:55,1,0.3045,0.30553447,77.57,BTC-27DEC24-60000-C,63298.82,buy,0.5,0.5,,,,
562,297522966,2024-04-16 09:25:56,0,0.3095,0.30717974,78.84,BTC-27DEC24-60000-C,63496.07,buy,0.5,0.5,,,,
563,297524259,2024-04-16 09:40:10,2,0.306,0.30667893,77.61,BTC-27DEC24-60000-C,63536.28,buy,0.1,0.1,,,,
564,297532462,2024-04-16 10:25:45,2,0.2985,0.29783299,78.23,BTC-27DEC24-60000-C,62109.49,sell,0.1,0.1,,,,
565,297583568,2024-04-16 14:47:01,2,0.2975,0.29942906,77.61,BTC-27DEC24-60000-C,62443.7,buy,0.5,0.5,,,,
566,297584144,2024-04-16 14:50:22,0,0.2995,0.29918732,78.41,BTC-27DEC24-60000-C,62387.08,sell,0.1,0.1,,,,
567,297609676,2024-04-16 16:50:36,1,0.2995,0.29842654,78.67,BTC-27DEC24-60000-C,62421.66,sell,0.1,0.1,,,,
568,297609795,2024-04-16 16:50:53,1,0.2995,0.29875325,78.57,BTC-27DEC24-60000-C,62475.87,sell,0.3,0.3,,,,
569,297676355,2024-04-17 04:28:39,0,0.306,0.30566766,77.38,BTC-27DEC24-60000-C,63759.79,sell,0.1,0.1,,,,
570,297702046,2024-04-17 08:18:14,2,0.3,0.30192485,76.03,BTC-27DEC24-60000-C,63423.5,buy,0.5,0.5,,,,
571,297703414,2024-04-17 08:28:02,0,0.305,0.30325938,77.44,BTC-27DEC24-60000-C,63589.68,sell,0.2,0.2,,,,
572,297714108,2024-04-17 10:17:52,2,0.3,0.29976391,77.1,BTC-27DEC24-60000-C,63062.83,sell,0.3,0.3,,,,
573,297748378,2024-04-17 14:20:45,2,0.281,0.2848322,74.73,BTC-27DEC24-60000-C,61457.48,sell,0.4,0.4,,,,
574,297761011,2024-04-17 14:42:08,0,0.29,0.28758796,77.1,BTC-27DEC24-60000-C,61791.0,sell,0.4,0.4,,,,
575,297781648,2024-04-17 15:29:51,2,0.275,0.27735455,75.44,BTC-27DEC24-60000-C,60488.0,buy,0.5,0.5,,,,
576,297792027,2024-04-17 15:39:10,0,0.276,0.27582893,76.58,BTC-27DEC24-60000-C,60366.32,sell,0.1,0.1,,,,
577,297798579,2024-04-17 15:45:37,0,0.278,0.27727397,76.77,BTC-27DEC24-60000-C,60561.83,sell,0.2,0.2,,,,
578,297807495,2024-04-17 16:06:04,2,0.272,0.27231442,76.26,BTC-27DEC24-60000-C,59897.41,buy,0.3,0.3,,,,
579,297813464,2024-04-17 16:12:00,0,0.278,0.27810926,76.75,BTC-27DEC24-60000-C,60627.34,sell,0.1,0.1,,,,
580,297815793,2024-04-17 16:15:17,0,0.28,0.28049134,76.62,BTC-27DEC24-60000-C,60919.71,sell,0.2,0.2,,,,
581,297821268,2024-04-17 16:30:23,2,0.276,0.27751457,75.87,BTC-27DEC24-60000-C,60594.79,buy,0.3,0.3,,,,
582,297828984,2024-04-17 16:52:40,3,0.276,0.27588864,76.54,BTC-27DEC24-60000-C,60265.68,sell,0.1,0.1,,,,
583,297834418,2024-04-17 17:19:24,0,0.278,0.27726827,76.56,BTC-27DEC24-60000-C,60646.15,sell,0.1,0.1,,,,
584,297836701,2024-04-17 17:35:40,2,0.277,0.27783757,76.21,BTC-27DEC24-60000-C,60658.42,buy,0.2,0.2,,,,
585,297837194,2024-04-17 17:39:18,0,0.28,0.27930748,76.73,BTC-27DEC24-60000-C,60882.7,sell,0.2,0.2,,,,
586,297839501,2024-04-17 17:50:10,0,0.283,0.28013323,77.5,BTC-27DEC24-60000-C,60961.33,buy,0.2,0.2,,,,
587,297840194,2024-04-17 17:52:32,2,0.2805,0.28005842,76.75,BTC-27DEC24-60000-C,60928.12,sell,0.1,0.1,,,,
588,297849931,2024-04-17 18:26:54,0,0.289,0.28599979,77.58,BTC-27DEC24-60000-C,61810.04,buy,0.1,0.1,,,,
589,297908057,2024-04-18 05:13:57,2,0.283,0.28296483,75.7,BTC-27DEC24-60000-C,61635.8,buy,0.5,0.5,,,,
590,297912346,2024-04-18 05:44:16,2,0.282,0.28185742,75.87,BTC-27DEC24-60000-C,61433.04,buy,0.3,0.3,,,,
591,297920817,2024-04-18 06:41:41,2,0.2785,0.27833095,75.97,BTC-27DEC24-60000-C,60857.25,buy,0.2,0.2,,,,
592,297920887,2024-04-18 06:41:50,3,0.2785,0.27839522,75.97,BTC-27DEC24-60000-C,60863.5,buy,0.2,0.2,,,,
593,297920915,2024-04-18 06:42:01,3,0.2785,0.27856424,75.91,BTC-27DEC24-60000-C,60888.24,buy,0.2,0.2,,,,
594,297921223,2024-04-18 06:44:06,0,0.279,0.27891223,76.01,BTC-27DEC24-60000-C,60909.02,buy,0.1,0.1,,,,
595,298159183,2024-04-19 05:48:16,0,0.2815,0.28209007,74.09,BTC-27DEC24-60000-C,62283.33,buy,0.7,0.7,,,,
596,298159290,2024-04-19 05:48:52,1,0.2815,0.28235653,73.95,BTC-27DEC24-60000-C,62347.26,buy,0.3,0.3,,,,
597,298159755,2024-04-19 05:53:38,2,0.2795,0.28033058,73.85,BTC-27DEC24-60000-C,62099.74,buy,3.0,3.0,,,,
598,298361535,2024-04-19 21:21:59,0,0.291,0.29160787,73.22,BTC-27DEC24-60000-C,64274.63,buy,0.5,0.5,,,,
599,298880321,2024-04-24 13:00:50,0,0.3,0.30067345,71.45,BTC-27DEC24-60000-C,66317.5,sell,1.0,1.0,,,,
600,298946898,2024-04-24 19:09:19,2,0.287,0.28501552,71.98,BTC-27DEC24-60000-C,64144.16,buy,3.0,3.0,,,,
601,298946976,2024-04-24 19:09:51,0,0.2875,0.28518617,72.09,BTC-27DEC24-60000-C,64182.86,buy,1.2,1.2,,,,
602,299005208,2024-04-25 08:16:21,2,0.2785,0.27865154,69.85,BTC-27DEC24-60000-C,64070.01,buy,0.1,0.1,,,,
603,299226553,2024-04-26 17:49:44,2,0.266,0.26688981,66.75,BTC-27DEC24-60000-C,63975.17,buy,0.1,0.1,,,,
604,299502840,2024-04-29 21:38:14,2,0.2505,0.2523878,64.84,BTC-27DEC24-60000-C,62959.5,sell,1.1,1.1,,,,
605,299502841,2024-04-29 21:38:14,3,0.2505,0.2523878,64.84,BTC-27DEC24-60000-C,62959.5,buy,1.0,1.0,,,,
606,299502842,2024-04-29 21:38:14,3,0.2505,0.2523878,64.84,BTC-27DEC24-60000-C,62959.5,buy,7.0,7.0,,,,
607,299502849,2024-04-29 21:38:15,3,0.2505,0.25238339,64.84,BTC-27DEC24-60000-C,62959.87,buy,7.0,7.0,,,,
608,299503315,2024-04-29 21:51:50,0,0.251,0.25063077,64.93,BTC-27DEC24-60000-C,63011.68,buy,5.0,5.0,,,,
609,299503944,2024-04-29 22:00:17,1,0.251,0.25079915,64.8,BTC-27DEC24-60000-C,63071.31,buy,7.0,7.0,,,,
610,299504068,2024-04-29 22:01:29,1,0.251,0.25071818,64.8,BTC-27DEC24-60000-C,63069.65,buy,2.2,2.2,,,,
611,299504711,2024-04-29 22:12:33,0,0.252,0.25114744,64.93,BTC-27DEC24-60000-C,63155.31,buy,19.7,19.7,,,,
612,299568086,2024-04-30 08:33:03,2,0.244,0.24585385,64.11,BTC-27DEC24-60000-C,62482.92,buy,20.0,20.0,,,,M
613,299673273,2024-04-30 18:14:09,2,0.2325,0.23263636,65.68,BTC-27DEC24-60000-C,60446.77,sell,0.1,0.1,,,,
614,299792002,2024-05-01 07:24:26,2,0.209,0.2124965,63.61,BTC-27DEC24-60000-C,58115.83,sell,0.1,0.1,,,,
615,299806670,2024-05-01 07:37:51,2,0.2055,0.20483804,64.95,BTC-27DEC24-60000-C,57254.34,sell,0.1,0.1,,,,
616,299810148,2024-05-01 07:43:59,0,0.208,0.20870975,64.75,BTC-27DEC24-60000-C,57613.21,sell,0.1,0.1,,,,
617,299824904,2024-05-01 08:18:11,2,0.205,0.20469396,64.92,BTC-27DEC24-60000-C,57133.06,sell,0.1,0.1,,,,
618,299859093,2024-05-01 09:05:51,3,0.205,0.20475812,64.91,BTC-27DEC24-60000-C,57293.95,sell,0.1,0.1,,,,
619,299860427,2024-05-01 09:08:58,0,0.207,0.20672967,65.02,BTC-27DEC24-60000-C,57484.06,sell,0.1,0.1,,,,
620,299862933,2024-05-01 09:15:39,2,0.2035,0.20495469,64.45,BTC-27DEC24-60000-C,57179.5,sell,0.1,0.1,,,,
621,299863838,2024-05-01 09:19:09,2,0.203,0.20430768,64.49,BTC-27DEC24-60000-C,57081.38,sell,0.1,0.1,,,,
622,299864963,2024-05-01 09:22:13,0,0.204,0.20521867,64.54,BTC-27DEC24-60000-C,57187.16,sell,0.1,0.1,,,,
623,299865021,2024-05-01 09:22:17,1,0.204,0.20503521,64.59,BTC-27DEC24-60000-C,57158.48,sell,0.1,0.1,,,,
624,299865142,2024-05-01 09:22:38,1,0.204,0.205401,64.51,BTC-27DEC24-60000-C,57197.21,sell,0.1,0.1,,,,
625,299865170,2024-05-01 09:22:42,1,0.204,0.20516637,64.61,BTC-27DEC24-60000-C,57169.44,sell,0.1,0.1,,,,
626,299865175,2024-05-01 09:22:45,1,0.204,0.2051127,64.59,BTC-27DEC24-60000-C,57180.56,sell,0.1,0.1,,,,
627,299865198,2024-05-01 09:22:50,1,0.204,0.20511067,64.59,BTC-27DEC24-60000-C,57172.74,sell,0.1,0.1,,,,
628,299867096,2024-05-01 09:28:43,1,0.204,0.20566473,64.44,BTC-27DEC24-60000-C,57232.72,sell,0.1,0.1,,,,
629,299871400,2024-05-01 09:45:30,0,0.207,0.20567411,65.44,BTC-27DEC24-60000-C,57215.91,sell,0.1,0.1,,,,
630,299871607,2024-05-01 09:46:14,2,0.204,0.2054607,64.6,BTC-27DEC24-60000-C,57150.6,sell,0.1,0.1,,,,
631,299874058,2024-05-01 10:02:58,2,0.2035,0.20409459,64.95,BTC-27DEC24-60000-C,56969.52,sell,0.1,0.1,,,,
632,299874267,2024-05-01 10:04:19,2,0.203,0.20388973,64.87,BTC-27DEC24-60000-C,56928.28,sell,0.1,0.1,,,,
633,299874433,2024-05-01 10:05:12,2,0.2025,0.20365249,64.8,BTC-27DEC24-60000-C,56885.48,sell,0.1,0.1,,,,
634,299877491,2024-05-01 10:20:33,0,0.2055,0.20563316,65.06,BTC-27DEC24-60000-C,57186.76,buy,0.1,0.1,,,,
635,299884007,2024-05-01 11:06:19,0,0.209,0.20841131,64.73,BTC-27DEC24-60000-C,57804.19,buy,0.1,0.1,,,,
636,299894871,2024-05-01 12:21:54,0,0.2115,0.21168451,64.62,BTC-27DEC24-60000-C,58099.88,buy,0.1,0.1,,,,
637,299941334,2024-05-01 17:24:05,2,0.204,0.20445947,64.63,BTC-27DEC24-60000-C,56980.51,buy,3.2,3.2,,,,
638,299941335,2024-05-01 17:24:05,3,0.204,0.20445733,64.63,BTC-27DEC24-60000-C,56980.51,buy,0.1,0.1,,,,
639,299941336,2024-05-01 17:24:05,3,0.204,0.20445733,64.63,BTC-27DEC24-60000-C,56980.51,buy,1.7,1.7,,,,
640,299950067,2024-05-01 18:04:22,0,0.21,0.21080263,64.47,BTC-27DEC24-60000-C,57842.74,buy,0.1,0.1,,,,
641,299950068,2024-05-01 18:04:22,1,0.21,0.21080263,64.47,BTC-27DEC24-60000-C,57842.74,buy,0.7,0.7,,,,
642,299950069,2024-05-01 18:04:22,1,0.21,0.21080263,64.47,BTC-27DEC24-60000-C,57842.74,buy,4.3,4.3,,,,
643,299952902,2024-05-01 18:10:58,1,0.21,0.21077503,64.4,BTC-27DEC24-60000-C,57859.29,sell,1.0,1.0,,,,
644,299958689,2024-05-01 18:34:16,0,0.2125,0.21297491,64.6,BTC-27DEC24-60000-C,58133.29,buy,0.1,0.1,,,,
645,299962850,2024-05-01 18:42:17,0,0.2155,0.21538057,64.67,BTC-27DEC24-60000-C,58526.28,buy,0.1,0.1,,,,
646,300003735,2024-05-01 20:32:06,2,0.2084,0.20858815,65.56,BTC-27DEC24-60000-C,57174.21,sell,100.0,100.0,,BTC-CSR12-27DEC24-60000_100000,139089,
647,300034861,2024-05-02 01:37:14,2,0.205,0.20545235,64.85,BTC-27DEC24-60000-C,56979.31,sell,1.0,1.0,,,,
648,300123882,2024-05-02 15:12:15,0,0.218,0.21787201,63.84,BTC-27DEC24-60000-C,59208.73,sell,1.0,1.0,,,,
649,300237353,2024-05-03 11:41:32,2,0.214,0.21305523,62.75,BTC-27DEC24-60000-C,59128.17,sell,1.8,1.8,,,,
650,300426149,2024-05-04 11:00:01,0,0.258,0.25713342,64.06,BTC-27DEC24-60000-C,64428.73,sell,1.0,1.0,,,,
651,300505883,2024-05-05 11:19:57,2,0.252,0.25094862,63.61,BTC-27DEC24-60000-C,63759.88,buy,0.1,0.1,,,,
652,300616013,2024-05-06 14:46:21,3,0.252,0.25188382,63.85,BTC-27DEC24-60000-C,63649.43,sell,1.0,1.0,,,,
653,300616030,2024-05-06 14:46:30,3,0.252,0.25209826,63.81,BTC-27DEC24-60000-C,63671.87,sell,1.0,1.0,,,,
654,300616041,2024-05-06 14:46:38,3,0.252,0.25218003,63.77,BTC-27DEC24-60000-C,63689.14,sell,1.0,1.0,,,,
655,300616659,2024-05-06 14:50:34,3,0.252,0.25231863,63.81,BTC-27DEC24-60000-C,63682.69,sell,1.0,1.0,,,,
656,300616725,2024-05-06 14:51:34,3,0.252,0.25213265,63.87,BTC-27DEC24-60000-C,63668.96,sell,1.0,1.0,,,,
657,300617105,2024-05-06 14:55:51,2,0.2515,0.25168687,63.93,BTC-27DEC24-60000-C,63613.11,sell,1.0,1.0,,,,
658,300622993,2024-05-06 15:15:27,2,0.248,0.2483281,63.8,BTC-27DEC24-60000-C,63174.57,sell,1.0,1.0,,,,
659,300631299,2024-05-06 16:43:32,3,0.248,0.24819716,63.3,BTC-27DEC24-60000-C,63391.87,sell,1.0,1.0,,,,
660,300631863,2024-05-06 16:48:22,2,0.2475,0.24781787,63.25,BTC-27DEC24-60000-C,63310.81,sell,0.1,0.1,,,,
661,300632220,2024-05-06 16:53:07,3,0.2475,0.24780762,63.45,BTC-27DEC24-60000-C,63289.55,sell,0.9,0.9,,,,
662,300632561,2024-05-06 16:57:51,2,0.2465,0.24695935,63.37,BTC-27DEC24-60000-C,63166.33,sell,1.0,1.0,,,,
663,300806544,2024-05-08 10:12:35,2,0.2375,0.23745876,62.5,BTC-27DEC24-60000-C,62302.25,buy,1.0,1.0,,,,
664,300980115,2024-05-09 22:05:25,2,0.235,0.23543095,61.55,BTC-27DEC24-60000-C,62549.3,buy,0.1,0.1,,,,
665,301253046,2024-05-13 09:30:37,0,0.239,0.23894708,62.29,BTC-27DEC24-60000-C,63083.9,sell,0.1,0.1,,,,
666,301648172,2024-05-15 21:13:15,0,0.2695,0.26820786,65.62,BTC-27DEC24-60000-C,65889.0,buy,100.0,100.0,,BTC-CS-27DEC24-60000_120000,140568,
667,301715561,2024-05-16 08:46:16,0,0.274,0.27309417,65.87,BTC-27DEC24-60000-C,66235.63,buy,100.0,100.0,,BTC-CS-27DEC24-60000_120000,140637,
668,301972863,2024-05-18 02:50:30,0,0.2825,0.28175694,66.91,BTC-27DEC24-60000-C,66904.94,sell,0.1,0.1,,,,
669,302276122,2024-05-20 23:13:07,0,0.305,0.3057336,67.29,BTC-27DEC24-60000-C,69922.72,buy,1.0,1.0,,,,
670,302449582,2024-05-21 15:20:04,0,0.308,0.30790695,67.56,BTC-27DEC24-60000-C,70350.27,buy,1.0,1.0,,,,
671,302449590,2024-05-21 15:20:26,1,0.308,0.30798008,67.54,BTC-27DEC24-60000-C,70344.63,buy,1.0,1.0,,,,
672,302585344,2024-05-22 14:17:24,2,0.2985,0.29827353,65.88,BTC-27DEC24-60000-C,69670.5,buy,5.2,5.2,,,,
673,303496100,2024-05-29 20:09:38,2,0.279,0.27920088,65.46,BTC-27DEC24-60000-C,67102.9,sell,0.3,0.3,,,,
674,303523079,2024-05-30 03:52:29,0,0.2855,0.28611884,65.54,BTC-27DEC24-60000-C,68039.95,sell,0.5,0.5,,,,
675,303604711,2024-05-30 17:57:41,0,0.293,0.2939072,64.73,BTC-27DEC24-60000-C,69486.87,sell,0.1,0.1,,,,
676,303604714,2024-05-30 17:57:42,1,0.293,0.2939072,64.73,BTC-27DEC24-60000-C,69486.25,sell,0.1,0.1,,,,
677,303823580,2024-06-02 10:58:30,2,0.276,0.2770952,63.92,BTC-27DEC24-60000-C,67480.7,buy,5.0,5.0,,,,
678,303826962,2024-06-02 11:53:14,0,0.28,0.28213773,63.72,BTC-27DEC24-60000-C,68128.49,buy,3.9,3.9,,,,
679,303826978,2024-06-02 11:53:19,1,0.28,0.28223788,63.68,BTC-27DEC24-60000-C,68129.56,buy,1.1,1.1,,,,
680,304043698,2024-06-04 05:57:45,0,0.285,0.28532089,63.46,BTC-27DEC24-60000-C,68939.36,sell,0.6,0.6,,,,
681,304047090,2024-06-04 06:56:34,1,0.285,0.28473547,63.65,BTC-27DEC24-60000-C,68895.08,sell,0.4,0.4,,,,
682,304103295,2024-06-04 16:06:29,0,0.2945,0.29485819,63.46,BTC-27DEC24-60000-C,70478.39,buy,1.8,1.8,,,,
683,304191173,2024-06-05 04:15:33,0,0.3,0.29965089,63.96,BTC-27DEC24-60000-C,70984.72,sell,2.1,2.1,,,,
684,304191174,2024-06-05 04:15:33,1,0.3,0.29965089,63.96,BTC-27DEC24-60000-C,70984.72,sell,0.4,0.4,,,,
685,304191619,2024-06-05 04:18:04,1,0.3,0.29987616,63.99,BTC-27DEC24-60000-C,70974.4,sell,2.5,2.5,,,,
686,304219149,2024-06-05 09:45:52,2,0.299,0.29841092,63.96,BTC-27DEC24-60000-C,70869.48,buy,1.0,1.0,,,,
687,304254517,2024-06-05 15:19:00,0,0.301,0.30165052,63.72,BTC-27DEC24-60000-C,71335.83,buy,1.0,1.0,,,,
688,304374408,2024-06-06 17:26:19,2,0.2975,0.29863443,63.02,BTC-27DEC24-60000-C,71174.07,buy,5.5,5.5,,,,
689,304384242,2024-06-06 19:37:25,2,0.2935,0.29374188,62.63,BTC-27DEC24-60000-C,70733.37,sell,2.0,2.0,,,,
690,304450479,2024-06-07 11:52:47,0,0.301,0.30095355,63.1,BTC-27DEC24-60000-C,71603.73,sell,2.0,2.0,,,,
691,304515280,2024-06-07 17:09:44,2,0.292,0.29197463,61.99,BTC-27DEC24-60000-C,70749.75,sell,0.5,0.5,,,,
692,304520257,2024-06-07 17:24:44,2,0.289,0.2893391,61.79,BTC-27DEC24-60000-C,70355.98,sell,0.5,0.5,,,,
693,304525986,2024-06-07 17:56:40,2,0.287,0.28714606,61.85,BTC-27DEC24-60000-C,70061.1,sell,0.5,0.5,,,,
694,304526602,2024-06-07 17:58:17,2,0.286,0.28629863,61.77,BTC-27DEC24-60000-C,69934.69,sell,0.5,0.5,,,,
695,304531360,2024-06-07 18:02:50,2,0.283,0.28264079,62.1,BTC-27DEC24-60000-C,69388.0,sell,6.0,6.0,,,,
696,304534472,2024-06-07 18:05:01,2,0.28,0.28022381,61.88,BTC-27DEC24-60000-C,69039.86,sell,0.5,0.5,,,,
697,304540473,2024-06-07 18:13:13,3,0.28,0.28012286,61.8,BTC-27DEC24-60000-C,69043.09,sell,0.5,0.5,,,,
698,304555932,2024-06-07 19:01:27,3,0.28,0.27987173,62.11,BTC-27DEC24-60000-C,68988.1,sell,1.8,1.8,,,,
699,304555933,2024-06-07 19:01:27,3,0.28,0.27987173,62.11,BTC-27DEC24-60000-C,68988.1,sell,0.2,0.2,,,,
700,304631634,2024-06-09 15:31:21,0,0.282,0.28277847,61.94,BTC-27DEC24-60000-C,69499.43,buy,0.5,0.5,,,,
701,304659102,2024-06-10 07:13:31,2,0.278,0.28034681,61.14,BTC-27DEC24-60000-C,69362.82,sell,6.0,6.0,,,,
702,304659103,2024-06-10 07:13:31,3,0.278,0.28034681,61.14,BTC-27DEC24-60000-C,69362.82,sell,1.8,1.8,,,,
703,304659104,2024-06-10 07:13:31,3,0.278,0.28034681,61.14,BTC-27DEC24-60000-C,69362.82,buy,2.2,2.2,,,,
704,304710516,2024-06-10 14:45:08,0,0.281,0.28058175,62.36,BTC-27DEC24-60000-C,69565.62,buy,0.1,0.1,,,,
705,304851117,2024-06-11 08:19:43,2,0.26,0.25752294,63.18,BTC-27DEC24-60000-C,67366.5,buy,1.4,1.4,,,,
706,304863433,2024-06-11 09:49:06,2,0.255,0.25502597,61.93,BTC-27DEC24-60000-C,67121.72,sell,0.1,0.1,,,,
707,304869920,2024-06-11 10:07:45,2,0.254,0.2530175,62.41,BTC-27DEC24-60000-C,67030.68,buy,1.0,1.0,,,,
708,304869965,2024-06-11 10:08:12,0,0.2545,0.25298435,62.61,BTC-27DEC24-60000-C,67019.09,buy,1.0,1.0,,,,
709,304869968,2024-06-11 10:08:14,1,0.2545,0.2530163,62.58,BTC-27DEC24-60000-C,67028.06,buy,1.0,1.0,,,,
710,304870079,2024-06-11 10:08:42,1,0.2545,0.25335563,62.49,BTC-27DEC24-60000-C,67050.99,buy,4.0,4.0,,,,
711,304870094,2024-06-11 10:08:44,1,0.2545,0.2532945,62.47,BTC-27DEC24-60000-C,67063.52,buy,4.0,4.0,,,,
712,304870116,2024-06-11 10:08:50,0,0.255,0.25352961,62.6,BTC-27DEC24-60000-C,67089.73,buy,1.0,1.0,,,,
713,305020141,2024-06-12 12:30:00,0,0.2695,0.27020253,63.36,BTC-27DEC24-60000-C,67971.69,buy,0.1,0.1,,,,
714,305250163,2024-06-13 15:41:50,2,0.255,0.25508925,61.82,BTC-27DEC24-60000-C,66566.24,sell,0.1,0.1,,,,
715,305363077,2024-06-14 16:35:30,2,0.243,0.24114548,61.78,BTC-27DEC24-60000-C,65260.99,buy,1.6,1.6,,,,
716,305373269,2024-06-14 17:11:54,2,0.24,0.24092382,60.48,BTC-27DEC24-60000-C,65302.98,buy,0.1,0.1,,,,
717,305434858,2024-06-15 20:19:35,0,0.245,0.24674428,60.92,BTC-27DEC24-60000-C,65912.71,sell,0.1,0.1,,,,
718,305752473,2024-06-18 19:23:20,2,0.228,0.22620307,61.38,BTC-27DEC24-60000-C,64446.7,buy,0.1,0.1,,,,
719,305760002,2024-06-18 19:49:46,2,0.225,0.22322422,61.52,BTC-27DEC24-60000-C,64183.24,buy,0.1,0.1,,,,
720,306002965,2024-06-21 00:55:05,0,0.234,0.2334183,61.75,BTC-27DEC24-60000-C,64779.72,sell,0.1,0.1,,,,
721,306082237,2024-06-21 14:38:19,2,0.2275,0.22682962,61.45,BTC-27DEC24-60000-C,64149.82,sell,0.5,0.5,,,,
722,306082429,2024-06-21 14:40:20,3,0.2275,0.22667826,61.58,BTC-27DEC24-60000-C,64116.32,sell,0.5,0.5,,,,
723,306154426,2024-06-23 14:28:04,0,0.228,0.22594124,61.7,BTC-27DEC24-60000-C,64244.97,buy,0.1,0.1,,,,
724,306200103,2024-06-24 05:26:23,2,0.2125,0.21230138,61.05,BTC-27DEC24-60000-C,62523.68,buy,0.4,0.4,,,,
725,306201880,2024-06-24 05:43:23,0,0.213,0.21240418,61.43,BTC-27DEC24-60000-C,62434.14,sell,0.1,0.1,,,,
726,306209437,2024-06-24 07:01:18,2,0.2115,0.21132557,61.0,BTC-27DEC24-60000-C,62370.26,sell,0.1,0.1,,,,
727,306213527,2024-06-24 07:39:16,0,0.212,0.21198825,60.89,BTC-27DEC24-60000-C,62508.98,sell,0.1,0.1,,,,
728,306322059,2024-06-24 16:53:22,2,0.1935,0.19519169,60.31,BTC-27DEC24-60000-C,60100.77,sell,1.0,1.0,,,,
729,306326915,2024-06-24 17:09:00,0,0.197,0.19669899,61.11,BTC-27DEC24-60000-C,60285.92,sell,0.2,0.2,,,,
730,306326926,2024-06-24 17:09:02,1,0.197,0.196662,61.12,BTC-27DEC24-60000-C,60274.31,sell,0.6,0.6,,,,
731,306326952,2024-06-24 17:09:04,1,0.197,0.19654042,61.17,BTC-27DEC24-60000-C,60252.98,sell,0.1,0.1,,,,
732,306327039,2024-06-24 17:09:43,1,0.197,0.19690966,61.06,BTC-27DEC24-60000-C,60308.35,sell,0.1,0.1,,,,
733,306327235,2024-06-24 17:10:16,1,0.197,0.19642019,61.29,BTC-27DEC24-60000-C,60211.55,sell,0.5,0.5,,,,
734,306327255,2024-06-24 17:10:19,1,0.197,0.19630665,61.31,BTC-27DEC24-60000-C,60200.89,sell,2.9,2.9,,,,
735,306327267,2024-06-24 17:10:22,1,0.197,0.1961882,61.38,BTC-27DEC24-60000-C,60181.7,sell,0.6,0.6,,,,
736,306383513,2024-06-24 21:37:13,0,0.1995,0.19709253,62.98,BTC-27DEC24-60000-C,59901.55,buy,0.1,0.1,,,,
737,306383514,2024-06-24 21:37:18,1,0.1995,0.19708756,62.98,BTC-27DEC24-60000-C,59902.35,buy,0.1,0.1,,,,
738,306450993,2024-06-25 11:00:38,0,0.2065,0.20588727,61.83,BTC-27DEC24-60000-C,61296.21,buy,0.1,0.1,,,,
739,306456484,2024-06-25 12:08:43,2,0.203,0.20308335,61.22,BTC-27DEC24-60000-C,61016.12,buy,0.1,0.1,,,,
740,306466890,2024-06-25 13:52:56,0,0.204,0.2043161,60.95,BTC-27DEC24-60000-C,61254.89,buy,0.1,0.1,,,,
741,306585033,2024-06-26 14:36:51,0,0.205,0.20473436,60.63,BTC-27DEC24-60000-C,61667.66,buy,0.1,0.1,,,,
742,306585573,2024-06-26 14:41:52,2,0.2045,0.20393363,60.7,BTC-27DEC24-60000-C,61587.56,buy,0.1,0.1,,,,
743,306586008,2024-06-26 14:47:21,0,0.206,0.20545766,60.69,BTC-27DEC24-60000-C,61789.47,buy,0.1,0.1,,,,
744,306586405,2024-06-26 14:52:41,1,0.206,0.20570882,60.62,BTC-27DEC24-60000-C,61801.19,buy,0.1,0.1,,,,
745,306597467,2024-06-26 16:49:51,2,0.2015,0.20103081,60.64,BTC-27DEC24-60000-C,61200.72,buy,0.1,0.1,,,,
746,306603252,2024-06-26 17:16:22,2,0.2,0.19953747,60.66,BTC-27DEC24-60000-C,60999.0,buy,0.1,0.1,,,,
747,306605108,2024-06-26 17:30:46,0,0.201,0.20057875,60.61,BTC-27DEC24-60000-C,61162.69,buy,0.1,0.1,,,,
748,306646103,2024-06-27 05:49:00,2,0.2,0.19822078,61.06,BTC-27DEC24-60000-C,60935.53,sell,0.8,0.8,,,,
749,306674991,2024-06-27 12:09:52,0,0.2005,0.20055079,60.2,BTC-27DEC24-60000-C,61308.4,buy,0.1,0.1,,,,
750,306678216,2024-06-27 12:29:46,0,0.201,0.20073997,60.16,BTC-27DEC24-60000-C,61407.05,buy,0.1,0.1,,,,
751,306681667,2024-06-27 12:39:30,2,0.199,0.19867436,60.17,BTC-27DEC24-60000-C,61155.25,buy,0.1,0.1,,,,
752,306684093,2024-06-27 13:05:10,0,0.2015,0.20150092,60.07,BTC-27DEC24-60000-C,61481.98,buy,0.1,0.1,,,,
753,306707760,2024-06-27 15:31:24,2,0.2,0.1998768,59.53,BTC-27DEC24-60000-C,61479.45,buy,0.1,0.1,,,,
754,306714549,2024-06-27 17:00:12,0,0.2015,0.20167511,59.57,BTC-27DEC24-60000-C,61661.88,buy,1.0,1.0,,,,
755,306717991,2024-06-27 17:54:56,0,0.2025,0.20274631,59.47,BTC-27DEC24-60000-C,61831.02,sell,0.3,0.3,,,,
756,306719228,2024-06-27 18:19:04,2,0.2015,0.2014965,59.51,BTC-27DEC24-60000-C,61704.11,sell,0.1,0.1,,,,
757,306719724,2024-06-27 18:29:51,0,0.202,0.2020003,59.48,BTC-27DEC24-60000-C,61776.7,sell,0.1,0.1,,,,
758,306719949,2024-06-27 18:35:18,0,0.2025,0.20248599,59.47,BTC-27DEC24-60000-C,61827.38,sell,0.4,0.4,,,,
759,306720022,2024-06-27 18:36:58,1,0.2025,0.20255622,59.45,BTC-27DEC24-60000-C,61834.43,sell,0.1,0.1,,,,
760,306720125,2024-06-27 18:39:41,1,0.2025,0.2024687,59.5,BTC-27DEC24-60000-C,61826.74,sell,0.1,0.1,,,,
761,306759679,2024-06-28 04:51:22,2,0.2,0.20031189,59.35,BTC-27DEC24-60000-C,61592.0,sell,0.1,0.1,,,,
762,306786499,2024-06-28 08:01:48,2,0.197,0.1964247,59.55,BTC-27DEC24-60000-C,61306.46,buy,1.9,1.9,,,,
763,306786500,2024-06-28 08:01:48,3,0.197,0.1964247,59.55,BTC-27DEC24-60000-C,61306.46,buy,0.3,0.3,,,,
764,306786574,2024-06-28 08:02:01,3,0.197,0.19653297,59.49,BTC-27DEC24-60000-C,61323.5,buy,1.9,1.9,,,,
765,306787033,2024-06-28 08:04:17,2,0.1965,0.1960438,59.38,BTC-27DEC24-60000-C,61299.56,buy,1.9,1.9,,,,
766,306790274,2024-06-28 08:18:26,3,0.1965,0.19436401,59.79,BTC-27DEC24-60000-C,61305.92,buy,0.1,0.1,,,,
767,306803415,2024-06-28 10:35:47,0,0.198,0.19898384,59.11,BTC-27DEC24-60000-C,61477.58,sell,1.0,1.0,,,,
768,306803440,2024-06-28 10:36:40,1,0.198,0.19893472,59.12,BTC-27DEC24-60000-C,61471.74,sell,1.0,1.0,,,,
769,306803448,2024-06-28 10:37:01,1,0.198,0.19889552,59.13,BTC-27DEC24-60000-C,61470.51,sell,1.0,1.0,,,,
770,307089872,2024-07-02 04:16:12,0,0.2055,0.20526064,57.58,BTC-27DEC24-60000-C,63141.37,buy,0.1,0.1,,,,
771,307187062,2024-07-03 03:46:46,2,0.182,0.18168158,56.22,BTC-27DEC24-60000-C,60908.15,buy,0.1,0.1,,,,
772,307196083,2024-07-03 06:00:23,2,0.1815,0.18139573,55.93,BTC-27DEC24-60000-C,61028.86,sell,0.5,0.5,,,,
773,307199479,2024-07-03 06:41:02,2,0.179,0.17955589,55.19,BTC-27DEC24-60000-C,60964.9,buy,17.4,17.4,,,,M
774,307300912,2024-07-03 21:04:23,2,0.1695,0.17072971,55.93,BTC-27DEC24-60000-C,59445.78,sell,1.0,1.0,,,,
775,307320605,2024-07-04 01:49:02,2,0.169,0.16778524,57.01,BTC-27DEC24-60000-C,59087.2,buy,6.0,6.0,,,,
776,307347590,2024-07-04 03:35:25,3,0.169,0.16877345,57.52,BTC-27DEC24-60000-C,58929.49,sell,0.1,0.1,,,,
777,307365368,2024-07-04 07:26:27,2,0.166,0.16720356,57.27,BTC-27DEC24-60000-C,58588.19,sell,5.0,5.0,,,,
778,307365699,2024-07-04 07:29:33,2,0.1645,0.16567543,57.08,BTC-27DEC24-60000-C,58476.95,buy,1.0,1.0,,,,
779,307369276,2024-07-04 07:44:26,3,0.1645,0.16515046,57.09,BTC-27DEC24-60000-C,58476.82,sell,5.0,5.0,,,,
780,307376704,2024-07-04 08:17:22,2,0.162,0.16247814,57.1,BTC-27DEC24-60000-C,58129.11,buy,0.1,0.1,,,,
781,307431658,2024-07-04 13:06:34,2,0.156,0.15525976,57.73,BTC-27DEC24-60000-C,57133.85,buy,0.1,0.1,,,,
782,307521667,2024-07-05 02:53:57,2,0.1525,0.15233477,58.22,BTC-27DEC24-60000-C,56541.03,sell,0.1,0.1,,,,
783,307535722,2024-07-05 03:04:08,2,0.1475,0.14506746,59.24,BTC-27DEC24-60000-C,55596.43,sell,0.2,0.2,,,,
784,307572664,2024-07-05 04:33:57,2,0.1414,0.14117109,60.37,BTC-27DEC24-60000-C,54330.53,buy,12.5,12.5,,BTC-CS-27DEC24-60000_80000,147021,
785,307575304,2024-07-05 04:47:17,0,0.1425,0.1427615,60.73,BTC-27DEC24-60000-C,54298.94,buy,0.1,0.1,,,,
786,307578998,2024-07-05 05:01:57,2,0.14,0.14121618,60.66,BTC-27DEC24-60000-C,53980.93,sell,0.2,0.2,,,,T
787,307587060,2024-07-05 05:19:19,0,0.1455,0.14479291,61.72,BTC-27DEC24-60000-C,54313.31,sell,0.1,0.1,,,,
788,307594826,2024-07-05 06:00:43,0,0.1475,0.14715351,61.37,BTC-27DEC24-60000-C,54720.17,sell,0.1,0.1,,,,
789,307596678,2024-07-05 06:09:37,2,0.143,0.14526278,60.15,BTC-27DEC24-60000-C,54551.64,buy,4.0,4.0,,,,
790,307596679,2024-07-05 06:09:37,3,0.143,0.14526278,60.15,BTC-27DEC24-60000-C,54551.64,buy,4.0,4.0,,,,
791,307596680,2024-07-05 06:09:37,3,0.143,0.14526278,60.15,BTC-27DEC24-60000-C,54551.64,buy,4.0,4.0,,,,
792,307596681,2024-07-05 06:09:37,3,0.143,0.14526278,60.15,BTC-27DEC24-60000-C,54551.64,buy,4.0,4.0,,,,
793,307602676,2024-07-05 06:33:10,2,0.14,0.13957135,60.64,BTC-27DEC24-60000-C,53955.92,sell,0.1,0.1,,,,
794,307607706,2024-07-05 06:49:33,0,0.143,0.14371807,60.54,BTC-27DEC24-60000-C,54377.95,buy,5.0,5.0,,,,
795,307640676,2024-07-05 08:30:04,1,0.143,0.14348128,60.75,BTC-27DEC24-60000-C,54296.76,sell,0.1,0.1,,,,
796,307720844,2024-07-05 16:07:10,0,0.156,0.15593624,59.28,BTC-27DEC24-60000-C,56521.98,sell,2.1,2.1,,,,
797,307735004,2024-07-05 17:54:32,0,0.1565,0.15690225,59.36,BTC-27DEC24-60000-C,56548.1,buy,4.0,4.0,,,,
798,307735005,2024-07-05 17:54:32,1,0.1565,0.15690225,59.36,BTC-27DEC24-60000-C,56548.1,buy,4.0,4.0,,,,
799,307735006,2024-07-05 17:54:32,1,0.1565,0.15690225,59.36,BTC-27DEC24-60000-C,56548.1,buy,2.0,2.0,,,,
800,307742582,2024-07-05 18:39:03,2,0.156,0.15648178,59.01,BTC-27DEC24-60000-C,56582.08,sell,1.0,1.0,,,,
801,307778123,2024-07-06 04:35:41,2,0.1535,0.1539353,59.3,BTC-27DEC24-60000-C,56226.6,sell,0.2,0.2,,,,
802,307778124,2024-07-06 04:35:41,3,0.1535,0.1539353,59.3,BTC-27DEC24-60000-C,56226.6,sell,0.2,0.2,,,,
803,307778305,2024-07-06 04:36:57,2,0.153,0.15339531,59.32,BTC-27DEC24-60000-C,56150.89,sell,0.2,0.2,,,,
804,307905240,2024-07-07 21:26:30,0,0.1546,0.15457834,59.72,BTC-27DEC24-60000-C,56363.58,sell,0.1,0.1,307905237,BTC-CBUT-27DEC24-60000_75000_85000,,
805,307922334,2024-07-08 00:38:18,2,0.1495,0.14910505,60.23,BTC-27DEC24-60000-C,55519.72,sell,0.5,0.5,,,,
806,307942572,2024-07-08 01:56:12,2,0.145,0.14458584,60.65,BTC-27DEC24-60000-C,54821.41,buy,0.1,0.1,,,,
807,307947223,2024-07-08 02:27:26,0,0.148,0.14735278,60.48,BTC-27DEC24-60000-C,55278.19,buy,0.1,0.1,,,,
808,307953469,2024-07-08 03:29:14,2,0.1443,0.14487402,59.91,BTC-27DEC24-60000-C,54969.04,sell,12.5,12.5,,BTC-CS-27DEC24-60000_80000,147321,
809,307999624,2024-07-08 09:09:46,0,0.165,0.16519771,59.77,BTC-27DEC24-60000-C,57734.95,buy,0.1,0.1,,,,
810,308004440,2024-07-08 09:37:51,0,0.1655,0.16579013,60.14,BTC-27DEC24-60000-C,57661.17,sell,0.1,0.1,,,,
811,308005747,2024-07-08 09:43:19,2,0.164,0.1636507,60.25,BTC-27DEC24-60000-C,57418.33,sell,0.1,0.1,,,,
812,308009122,2024-07-08 10:06:05,0,0.1645,0.16413513,60.07,BTC-27DEC24-60000-C,57551.47,buy,0.1,0.1,,,,
813,308022011,2024-07-08 11:42:49,2,0.161,0.16140491,59.72,BTC-27DEC24-60000-C,57187.22,sell,0.1,0.1,,,,
814,308024505,2024-07-08 12:12:00,2,0.159,0.15862487,59.78,BTC-27DEC24-60000-C,56911.41,buy,0.1,0.1,,,,
815,308024593,2024-07-08 12:12:48,3,0.159,0.15845417,59.9,BTC-27DEC24-60000-C,56864.79,buy,0.8,0.8,,,,
816,308024977,2024-07-08 12:17:00,0,0.16,0.15968281,59.88,BTC-27DEC24-60000-C,57000.71,buy,0.1,0.1,,,,
817,308025441,2024-07-08 12:22:16,0,0.1615,0.16125456,59.83,BTC-27DEC24-60000-C,57221.21,buy,0.1,0.1,,,,
818,308025922,2024-07-08 12:28:19,1,0.1615,0.16137838,59.92,BTC-27DEC24-60000-C,57183.52,buy,0.1,0.1,,,,
819,308026348,2024-07-08 12:34:00,2,0.161,0.16048857,60.07,BTC-27DEC24-60000-C,57073.02,buy,0.1,0.1,,,,
820,308027943,2024-07-08 12:51:53,0,0.164,0.16325617,60.25,BTC-27DEC24-60000-C,57484.6,buy,0.1,0.1,,,,
821,308032995,2024-07-08 13:32:35,2,0.163,0.1623323,60.4,BTC-27DEC24-60000-C,57240.28,buy,0.1,0.1,,,,
822,308057893,2024-07-08 14:37:48,2,0.152,0.15090715,61.07,BTC-27DEC24-60000-C,55543.32,buy,0.1,0.1,,,,
823,308061719,2024-07-08 14:42:53,0,0.1565,0.15580673,60.87,BTC-27DEC24-60000-C,56183.95,buy,0.1,0.1,,,,
824,308090517,2024-07-08 18:07:52,2,0.1548,0.15752516,60.1,BTC-27DEC24-60000-C,56212.34,sell,100.0,100.0,,,147409,
825,308094215,2024-07-08 18:58:30,0,0.1565,0.15791632,60.56,BTC-27DEC24-60000-C,56270.51,sell,100.0,100.0,,,147412,
826,308121885,2024-07-09 01:41:21,0,0.158,0.15741296,60.64,BTC-27DEC24-60000-C,56470.99,buy,0.1,0.1,,,,
827,308122425,2024-07-09 01:48:21,0,0.159,0.15861993,60.62,BTC-27DEC24-60000-C,56632.56,buy,0.1,0.1,,,,
828,308123670,2024-07-09 02:07:02,2,0.158,0.15748119,60.63,BTC-27DEC24-60000-C,56498.9,buy,0.1,0.1,,,,
829,308124120,2024-07-09 02:18:04,0,0.1595,0.15871689,60.69,BTC-27DEC24-60000-C,56669.07,buy,0.1,0.1,,,,
830,308124487,2024-07-09 02:23:05,1,0.1595,0.1590675,60.58,BTC-27DEC24-60000-C,56713.5,buy,0.1,0.1,,,,
831,308124672,2024-07-09 02:28:55,2,0.159,0.15872526,60.46,BTC-27DEC24-60000-C,56698.34,buy,0.9,0.9,,,,
832,308124673,2024-07-09 02:29:10,3,0.159,0.15857958,60.51,BTC-27DEC24-60000-C,56689.81,buy,0.4,0.4,,,,
833,308124677,2024-07-09 02:29:18,3,0.159,0.15856078,60.52,BTC-27DEC24-60000-C,56684.41,buy,0.1,0.1,,,,
834,308124855,2024-07-09 02:34:27,0,0.16,0.15928591,60.55,BTC-27DEC24-60000-C,56793.56,buy,0.1,0.1,,,,
835,308125216,2024-07-09 02:39:28,1,0.16,0.15942332,60.46,BTC-27DEC24-60000-C,56843.36,buy,0.1,0.1,,,,
836,308125330,2024-07-09 02:40:25,0,0.1605,0.1598748,60.46,BTC-27DEC24-60000-C,56902.24,buy,0.4,0.4,,,,
837,308126176,2024-07-09 02:49:12,0,0.1615,0.16076119,60.39,BTC-27DEC24-60000-C,57070.24,buy,0.1,0.1,,,,
838,308126177,2024-07-09 02:49:12,1,0.1615,0.16076119,60.39,BTC-27DEC24-60000-C,57070.24,buy,3.9,3.9,,,,
839,308164616,2024-07-09 12:43:25,0,0.164,0.16385299,60.69,BTC-27DEC24-60000-C,57331.43,sell,0.8,0.8,,,,
840,308164748,2024-07-09 12:47:43,0,0.1645,0.16390084,60.88,BTC-27DEC24-60000-C,57328.98,buy,0.1,0.1,,,,
841,308164749,2024-07-09 12:47:43,0,0.165,0.16390084,61.07,BTC-27DEC24-60000-C,57328.98,buy,0.4,0.4,,,,
842,308164857,2024-07-09 12:49:12,0,0.166,0.16474555,61.14,BTC-27DEC24-60000-C,57438.19,buy,0.1,0.1,,,,
843,308203164,2024-07-09 18:28:30,2,0.163,0.16337132,58.83,BTC-27DEC24-60000-C,57758.56,sell,1.0,1.0,,,,
844,308249792,2024-07-10 04:27:00,0,0.173,0.17095263,59.21,BTC-27DEC24-60000-C,58995.32,buy,0.1,0.1,,,,
845,308249793,2024-07-10 04:27:00,0,0.1735,0.17095263,59.4,BTC-27DEC24-60000-C,58995.32,buy,0.9,0.9,,,,
846,308278405,2024-07-10 08:15:21,2,0.1675,0.16775983,57.88,BTC-27DEC24-60000-C,58733.81,buy,0.2,0.2,,,,
847,308306018,2024-07-10 13:44:01,2,0.161,0.15991973,58.77,BTC-27DEC24-60000-C,57614.06,buy,0.1,0.1,,,,
848,308333730,2024-07-10 20:40:33,2,0.157,0.15718993,58.31,BTC-27DEC24-60000-C,57252.56,buy,0.2,0.2,,,,
849,308334617,2024-07-10 20:59:13,0,0.158,0.15815257,58.37,BTC-27DEC24-60000-C,57365.22,buy,0.3,0.3,,,,
850,308378986,2024-07-11 09:47:30,0,0.165,0.16489213,58.89,BTC-27DEC24-60000-C,58120.18,sell,1.6,1.6,,,,
851,308378996,2024-07-11 09:47:30,1,0.165,0.16492764,58.89,BTC-27DEC24-60000-C,58116.77,buy,1.3,1.3,,,,
852,308379052,2024-07-11 09:48:30,0,0.1655,0.16511737,58.99,BTC-27DEC24-60000-C,58150.89,buy,5.0,5.0,,,,
853,308379063,2024-07-11 09:48:32,1,0.1655,0.1651095,58.99,BTC-27DEC24-60000-C,58153.86,buy,5.0,5.0,,,,
854,308379064,2024-07-11 09:48:32,1,0.1655,0.1651095,58.99,BTC-27DEC24-60000-C,58153.86,buy,7.1,7.1,,,,
855,308379461,2024-07-11 09:55:38,1,0.1655,0.16596399,58.75,BTC-27DEC24-60000-C,58232.17,buy,10.0,10.0,,,,
856,308386852,2024-07-11 11:15:23,0,0.169,0.16889449,59.32,BTC-27DEC24-60000-C,58484.1,sell,1.8,1.8,,,,
857,308411975,2024-07-11 13:09:53,2,0.1675,0.16704556,58.8,BTC-27DEC24-60000-C,58554.84,sell,1.0,1.0,,,,
858,308429924,2024-07-11 14:48:04,2,0.1595,0.15964386,58.4,BTC-27DEC24-60000-C,57716.17,buy,1.8,1.8,,,,
859,308442626,2024-07-11 16:25:17,2,0.1585,0.15857874,58.41,BTC-27DEC24-60000-C,57566.37,sell,0.1,0.1,,,,
860,308442714,2024-07-11 16:26:16,0,0.159,0.15855908,58.61,BTC-27DEC24-60000-C,57581.78,sell,0.7,0.7,,,,
861,308442718,2024-07-11 16:26:38,1,0.159,0.15862319,58.59,BTC-27DEC24-60000-C,57585.57,sell,1.0,1.0,,,,
862,308469899,2024-07-12 00:57:39,2,0.1555,0.15548123,58.15,BTC-27DEC24-60000-C,57291.86,sell,0.2,0.2,,,,
863,308488773,2024-07-12 03:46:28,2,0.153,0.15278415,58.29,BTC-27DEC24-60000-C,56917.38,sell,1.0,1.0,,,,
864,308488814,2024-07-12 03:47:11,3,0.153,0.15280451,58.28,BTC-27DEC24-60000-C,56915.08,sell,1.0,1.0,,,,
865,308489033,2024-07-12 03:54:57,2,0.1525,0.15280365,58.04,BTC-27DEC24-60000-C,56928.94,sell,0.1,0.1,,,,
866,308497591,2024-07-12 07:20:16,0,0.154,0.15402032,58.03,BTC-27DEC24-60000-C,57148.29,sell,0.1,0.1,,,,
867,308526444,2024-07-12 10:16:30,2,0.153,0.15207607,58.2,BTC-27DEC24-60000-C,56949.32,buy,0.1,0.1,,,,
868,308698504,2024-07-14 02:30:40,0,0.179,0.17569577,59.66,BTC-27DEC24-60000-C,59348.48,buy,1.0,1.0,,,,
869,308757330,2024-07-14 11:24:03,2,0.1775,0.17720796,57.54,BTC-27DEC24-60000-C,60013.37,buy,0.2,0.2,,,,
870,308935958,2024-07-15 13:41:33,0,0.2005,0.19963296,58.72,BTC-27DEC24-60000-C,62779.36,buy,0.1,0.1,,,,
871,308935959,2024-07-15 13:41:33,1,0.2005,0.19963296,58.72,BTC-27DEC24-60000-C,62779.36,buy,1.0,1.0,,,,
872,308936988,2024-07-15 13:47:04,0,0.201,0.20029951,58.68,BTC-27DEC24-60000-C,62860.98,buy,0.1,0.1,,,,
873,308940035,2024-07-15 14:13:38,0,0.202,0.20170672,58.74,BTC-27DEC24-60000-C,62976.78,buy,0.1,0.1,,,,
874,308940812,2024-07-15 14:20:30,2,0.201,0.2007154,58.79,BTC-27DEC24-60000-C,62838.09,buy,0.1,0.1,,,,
875,308941657,2024-07-15 14:34:07,0,0.202,0.20180255,58.82,BTC-27DEC24-60000-C,62952.79,buy,0.1,0.1,,,,
876,308942724,2024-07-15 14:43:21,0,0.2025,0.20226558,58.88,BTC-27DEC24-60000-C,63012.44,buy,0.1,0.1,,,,
877,308958129,2024-07-15 16:36:35,0,0.205,0.20447582,58.82,BTC-27DEC24-60000-C,63368.05,buy,0.1,0.1,,,,
878,308962091,2024-07-15 16:54:23,0,0.207,0.20658189,58.88,BTC-27DEC24-60000-C,63621.17,buy,0.1,0.1,,,,
879,308965631,2024-07-15 17:07:11,0,0.2075,0.20704311,58.98,BTC-27DEC24-60000-C,63639.98,buy,0.1,0.1,,,,
880,308982149,2024-07-15 19:07:12,2,0.2065,0.206094,59.06,BTC-27DEC24-60000-C,63513.4,buy,0.1,0.1,,,,
881,308982168,2024-07-15 19:07:14,3,0.2065,0.20611054,59.06,BTC-27DEC24-60000-C,63513.15,sell,0.1,0.1,,,,
882,308984735,2024-07-15 19:21:59,0,0.2085,0.20740003,59.18,BTC-27DEC24-60000-C,63790.71,buy,0.1,0.1,,,,
883,308992021,2024-07-15 19:49:02,2,0.2055,0.20477379,59.04,BTC-27DEC24-60000-C,63468.43,buy,0.1,0.1,,,,
884,308992810,2024-07-15 19:54:56,2,0.205,0.20437889,59.0,BTC-27DEC24-60000-C,63415.33,buy,0.1,0.1,,,,
885,308994097,2024-07-15 20:00:29,0,0.2055,0.20464574,59.16,BTC-27DEC24-60000-C,63434.39,buy,0.1,0.1,,,,
886,309028875,2024-07-16 00:05:29,0,0.22,0.21962086,60.33,BTC-27DEC24-60000-C,64914.7,buy,0.1,0.1,,,,
887,309073873,2024-07-16 06:22:46,2,0.2115,0.21124898,60.08,BTC-27DEC24-60000-C,63779.95,buy,0.1,0.1,,,,
888,309081223,2024-07-16 06:58:24,2,0.2015,0.20304997,58.69,BTC-27DEC24-60000-C,62902.85,sell,1.0,1.0,,,,
889,309081562,2024-07-16 06:59:12,2,0.2,0.20240513,58.38,BTC-27DEC24-60000-C,62820.56,sell,1.0,1.0,,,,
890,309100069,2024-07-16 08:34:47,0,0.2005,0.19970949,59.74,BTC-27DEC24-60000-C,62504.36,buy,0.1,0.1,,,,
891,309124160,2024-07-16 11:50:30,0,0.21,0.20950518,59.75,BTC-27DEC24-60000-C,63765.31,sell,0.1,0.1,,,,
892,309124621,2024-07-16 11:57:42,1,0.21,0.20918891,59.76,BTC-27DEC24-60000-C,63743.46,sell,0.1,0.1,,,,
893,309307152,2024-07-17 07:53:24,0,0.229,0.22871973,62.37,BTC-27DEC24-60000-C,65372.14,sell,1.8,1.8,,,,
894,309307153,2024-07-17 07:53:24,1,0.229,0.22871973,62.37,BTC-27DEC24-60000-C,65372.14,sell,1.2,1.2,,,,
895,309342996,2024-07-17 12:36:03,2,0.226,0.22567886,62.52,BTC-27DEC24-60000-C,65003.93,sell,0.1,0.1,,,,
896,309378722,2024-07-17 16:34:40,2,0.218,0.2190556,61.92,BTC-27DEC24-60000-C,64193.97,sell,0.1,0.1,,,,
897,309391934,2024-07-17 18:42:06,0,0.2215,0.22077704,62.39,BTC-27DEC24-60000-C,64523.03,buy,0.1,0.1,,,,
898,309407908,2024-07-17 22:16:53,2,0.219,0.21864333,62.16,BTC-27DEC24-60000-C,64253.3,sell,2.4,2.4,,,,
899,309407910,2024-07-17 22:16:53,3,0.219,0.21864333,62.16,BTC-27DEC24-60000-C,64253.3,sell,0.6,0.6,,,,
900,309412575,2024-07-17 22:52:35,2,0.2185,0.21831724,61.94,BTC-27DEC24-60000-C,64241.68,sell,0.2,0.2,,,,
901,309449941,2024-07-18 07:19:36,0,0.22,0.21972685,60.94,BTC-27DEC24-60000-C,64854.93,sell,0.1,0.1,,,,
902,309480365,2024-07-18 14:14:49,2,0.2175,0.21779527,60.94,BTC-27DEC24-60000-C,64510.29,sell,1.6,1.6,,,,
903,309480366,2024-07-18 14:14:49,3,0.2175,0.21779527,60.94,BTC-27DEC24-60000-C,64510.29,sell,0.1,0.1,,,,
904,309480367,2024-07-18 14:14:49,3,0.2175,0.21779527,60.94,BTC-27DEC24-60000-C,64510.29,sell,0.3,0.3,,,,
905,309480377,2024-07-18 14:14:51,3,0.2175,0.21771049,60.94,BTC-27DEC24-60000-C,64510.29,sell,8.0,8.0,,,,
906,309621402,2024-07-19 13:35:43,0,0.22,0.21973972,62.57,BTC-27DEC24-60000-C,64348.14,buy,1.0,1.0,,,,
907,309682736,2024-07-19 17:14:43,0,0.238,0.23783601,63.55,BTC-27DEC24-60000-C,66386.81,sell,1.8,1.8,,,,
908,309720581,2024-07-19 19:59:06,0,0.248,0.24695152,65.36,BTC-27DEC24-60000-C,67236.07,sell,1.0,1.0,,,,
909,309812660,2024-07-20 18:46:47,0,0.249,0.24979617,64.78,BTC-27DEC24-60000-C,67565.07,buy,0.5,0.5,,,,
910,309816188,2024-07-20 19:11:03,0,0.251,0.24974412,65.75,BTC-27DEC24-60000-C,67540.76,sell,2.0,2.0,,,,M
911,309821073,2024-07-20 20:14:34,2,0.249,0.24848745,65.46,BTC-27DEC24-60000-C,67372.33,sell,0.1,0.1,,,,
912,309911748,2024-07-21 18:14:19,2,0.2345,0.24284427,62.76,BTC-27DEC24-60000-C,66272.27,sell,0.1,0.1,,,,
913,309938411,2024-07-21 20:44:28,0,0.26,0.2585489,68.34,BTC-27DEC24-60000-C,68004.31,sell,2.0,2.0,,,,M
914,309946934,2024-07-21 21:46:08,2,0.259,0.25898254,67.65,BTC-27DEC24-60000-C,68069.99,sell,0.1,0.1,,,,
915,310277526,2024-07-23 19:48:18,2,0.235,0.23570135,66.24,BTC-27DEC24-60000-C,65651.51,buy,1.0,1.0,,,,
916,310295712,2024-07-23 23:32:35,0,0.237,0.23725527,66.22,BTC-27DEC24-60000-C,65887.84,buy,1.0,1.0,,,,
917,310295786,2024-07-23 23:33:45,1,0.237,0.23727478,66.22,BTC-27DEC24-60000-C,65884.76,buy,1.0,1.0,,,,
918,310381419,2024-07-24 19:12:17,2,0.233,0.23333883,64.85,BTC-27DEC24-60000-C,65891.65,buy,1.0,1.0,,,,
919,310537097,2024-07-25 14:13:16,2,0.207,0.20697644,63.36,BTC-27DEC24-60000-C,63465.86,buy,0.3,0.3,,,,
920,310558455,2024-07-25 15:27:53,0,0.218,0.21899058,63.81,BTC-27DEC24-60000-C,64689.44,sell,1.0,1.0,,,,
921,310615738,2024-07-25 23:33:06,0,0.225,0.22665726,63.28,BTC-27DEC24-60000-C,65675.79,buy,1.4,1.4,,,,
922,310615739,2024-07-25 23:33:18,1,0.225,0.22660362,63.29,BTC-27DEC24-60000-C,65673.52,buy,1.7,1.7,,,,
923,310615751,2024-07-25 23:33:32,0,0.2255,0.22653012,63.55,BTC-27DEC24-60000-C,65663.85,buy,1.7,1.7,,,,
924,310615811,2024-07-25 23:34:12,1,0.2255,0.22650592,63.54,BTC-27DEC24-60000-C,65668.02,buy,1.7,1.7,,,,
925,310615823,2024-07-25 23:34:20,1,0.2255,0.22657505,63.5,BTC-27DEC24-60000-C,65678.2,buy,1.7,1.7,,,,
926,310615829,2024-07-25 23:34:27,1,0.2255,0.22657439,63.52,BTC-27DEC24-60000-C,65674.3,buy,1.0,1.0,,,,
927,310615830,2024-07-25 23:34:27,1,0.2255,0.22657439,63.52,BTC-27DEC24-60000-C,65674.3,buy,0.7,0.7,,,,
928,310615832,2024-07-25 23:34:39,1,0.2255,0.22650109,63.53,BTC-27DEC24-60000-C,65670.24,buy,1.7,1.7,,,,
929,310616085,2024-07-25 23:36:05,1,0.2255,0.22641042,63.56,BTC-27DEC24-60000-C,65667.28,buy,6.0,6.0,,,,
930,310616087,2024-07-25 23:36:08,1,0.2255,0.22639101,63.56,BTC-27DEC24-60000-C,65666.87,buy,1.1,1.1,,,,
931,310616097,2024-07-25 23:36:16,1,0.2255,0.22637614,63.58,BTC-27DEC24-60000-C,65662.41,buy,0.1,0.1,,,,
932,310616103,2024-07-25 23:36:18,1,0.2255,0.22646268,63.52,BTC-27DEC24-60000-C,65673.72,buy,0.9,0.9,,,,
933,310616111,2024-07-25 23:36:21,1,0.2255,0.22651398,63.52,BTC-27DEC24-60000-C,65678.37,buy,0.8,0.8,,,,
934,310616127,2024-07-25 23:36:31,1,0.2255,0.22653026,63.52,BTC-27DEC24-60000-C,65675.95,buy,0.1,0.1,,,,
935,310616135,2024-07-25 23:36:31,1,0.2255,0.22653026,63.52,BTC-27DEC24-60000-C,65675.95,buy,1.0,1.0,,,,
936,310616432,2024-07-25 23:43:18,2,0.225,0.22644602,63.3,BTC-27DEC24-60000-C,65673.5,buy,1.0,1.0,,,,
937,310616433,2024-07-25 23:43:18,3,0.225,0.22644602,63.3,BTC-27DEC24-60000-C,65673.5,buy,0.1,0.1,,,,
938,310616434,2024-07-25 23:43:23,3,0.225,0.22641585,63.31,BTC-27DEC24-60000-C,65670.31,buy,8.9,8.9,,,,
939,310759278,2024-07-26 16:17:52,0,0.2382,0.23873468,63.13,BTC-27DEC24-60000-C,67554.74,sell,50.0,50.0,,,149893,
940,310788916,2024-07-26 21:27:37,0,0.242,0.24126619,63.46,BTC-27DEC24-60000-C,67970.53,buy,100.0,100.0,,BTC-CS-27DEC24-60000_70000,149911,
941,311169867,2024-07-29 08:11:41,0,0.25,0.24849914,60.72,BTC-27DEC24-60000-C,69552.56,sell,0.4,0.4,,,,
942,311193400,2024-07-29 12:49:35,1,0.25,0.24997844,59.79,BTC-27DEC24-60000-C,69835.28,buy,0.1,0.1,,,,
