trade_seq,trade_id,timestamp,tick_direction,price,mark_price,iv,instrument_name,index_price,direction,amount,block_trade_id,combo_id,combo_trade_id,liquidation
1,197928603,2022-01-05 22:57:37,1,0.629,0.60924069,93.31,BTC-30DEC22-20000-C,43273.57,buy,0.1,,,,
2,198159722,2022-01-07 07:15:35,2,0.599,0.58922908,84.01,BTC-30DEC22-20000-C,41304.58,buy,0.1,,,,
3,198160387,2022-01-07 07:21:00,3,0.599,0.58992203,83.65,BTC-30DEC22-20000-C,41426.6,buy,0.1,,,,
4,200016648,2022-01-22 09:48:13,2,0.52,0.51962032,77.39,BTC-30DEC22-20000-C,34892.33,sell,0.2,,,,
5,203826066,2022-02-18 10:07:05,0,0.563,0.56433311,74.16,BTC-30DEC22-20000-C,40814.74,buy,10.0,,,,
6,203826109,2022-02-18 10:07:51,1,0.563,0.56425249,74.18,BTC-30DEC22-20000-C,40802.43,buy,10.4,,,,
7,209941793,2022-04-12 12:30:11,2,0.5515,0.55082878,77.68,BTC-30DEC22-20000-C,40630.08,buy,0.1,,,,
8,211878876,2022-05-04 09:18:52,2,0.5235,0.52334174,72.99,BTC-30DEC22-20000-C,38951.57,buy,0.1,,,,
9,212086746,2022-05-05 16:12:58,2,0.499,0.50014459,71.0,BTC-30DEC22-20000-C,36969.04,buy,2.0,,,,
10,212770666,2022-05-09 11:54:05,2,0.445,0.4470343,68.43,BTC-30DEC22-20000-C,33031.75,buy,1.0,,,,
11,212815440,2022-05-09 14:39:51,2,0.4405,0.44204871,69.39,BTC-30DEC22-20000-C,32518.32,sell,0.1,,,,
12,212815484,2022-05-09 14:39:52,3,0.4405,0.44176353,69.39,BTC-30DEC22-20000-C,32518.32,sell,0.3,,,,
13,212815490,2022-05-09 14:39:52,3,0.4405,0.44176353,69.39,BTC-30DEC22-20000-C,32518.32,sell,0.9,,,,
14,212815491,2022-05-09 14:39:52,3,0.4405,0.44176353,69.39,BTC-30DEC22-20000-C,32518.32,sell,0.4,,,,
15,212815496,2022-05-09 14:39:52,3,0.4405,0.44176353,69.39,BTC-30DEC22-20000-C,32518.32,sell,0.5,,,,
16,212866019,2022-05-09 17:04:35,2,0.4265,0.42795605,70.42,BTC-30DEC22-20000-C,31430.42,sell,8.0,,,,
17,212948823,2022-05-09 19:17:10,2,0.421,0.42094107,71.86,BTC-30DEC22-20000-C,30879.27,buy,0.1,,,,
18,215532551,2022-05-24 18:02:39,2,0.408,0.40806777,80.21,BTC-30DEC22-20000-C,29304.49,buy,2.0,,,,
19,218086997,2022-06-13 10:31:21,2,0.322,0.31690446,81.97,BTC-30DEC22-20000-C,24241.12,buy,0.5,,,,
20,218275631,2022-06-13 19:29:17,2,0.292,0.29151108,78.33,BTC-30DEC22-20000-C,23107.83,sell,0.9,,,,
21,218276705,2022-06-13 19:32:09,3,0.292,0.29166668,78.4,BTC-30DEC22-20000-C,23098.12,sell,0.1,,,,
22,218428640,2022-06-14 02:30:15,2,0.26,0.25998596,80.43,BTC-30DEC22-20000-C,21139.96,buy,0.2,,,,
23,218430313,2022-06-14 02:33:32,0,0.267,0.26123778,83.0,BTC-30DEC22-20000-C,21154.15,buy,0.2,,,,
24,218839666,2022-06-15 05:20:41,2,0.253,0.2522741,79.81,BTC-30DEC22-20000-C,20952.24,sell,0.2,,,,
25,218888626,2022-06-15 08:15:18,2,0.244,0.24405102,80.84,BTC-30DEC22-20000-C,20380.62,buy,21.2,,,,
26,219030544,2022-06-15 16:40:19,2,0.2435,0.24336662,77.79,BTC-30DEC22-20000-C,20768.53,buy,1.0,,,,
27,219168834,2022-06-15 22:45:59,0,0.275,0.26252344,77.66,BTC-30DEC22-20000-C,22465.6,buy,0.1,,,,
28,219508669,2022-06-17 11:55:09,2,0.242,0.24308573,76.47,BTC-30DEC22-20000-C,20934.54,buy,0.1,,,,
29,219583559,2022-06-17 21:53:08,2,0.237,0.23676961,77.73,BTC-30DEC22-20000-C,20519.45,sell,1.0,,,,
30,219583560,2022-06-17 21:53:08,2,0.2365,0.23676961,77.55,BTC-30DEC22-20000-C,20519.45,sell,1.0,,,,
31,219585526,2022-06-17 22:13:08,0,0.237,0.2367941,77.7,BTC-30DEC22-20000-C,20530.36,sell,1.0,,,,
32,219680285,2022-06-18 08:22:05,2,0.216,0.2143413,82.64,BTC-30DEC22-20000-C,18813.45,buy,1.5,,,,
33,219759186,2022-06-18 16:54:05,3,0.216,0.21039234,82.25,BTC-30DEC22-20000-C,18850.99,sell,0.1,,,,
34,219887015,2022-06-18 23:20:02,2,0.207,0.20402956,78.39,BTC-30DEC22-20000-C,18954.04,sell,0.5,,,,
35,219890708,2022-06-18 23:44:57,2,0.206,0.20673892,77.81,BTC-30DEC22-20000-C,18959.48,sell,0.5,,,,
36,219893049,2022-06-19 00:02:02,2,0.205,0.2060068,77.7,BTC-30DEC22-20000-C,18930.92,sell,1.0,,,,
37,219904676,2022-06-19 01:16:02,0,0.208,0.20017563,79.1,BTC-30DEC22-20000-C,18895.37,buy,0.1,,,,
38,220086337,2022-06-19 17:05:11,0,0.213,0.21235129,76.89,BTC-30DEC22-20000-C,19541.7,buy,7.0,,,,
39,220622092,2022-06-22 19:35:23,2,0.2225,0.22233183,77.46,BTC-30DEC22-20000-C,20069.22,sell,0.4,,,,
40,220622393,2022-06-22 19:37:26,2,0.2215,0.22143886,77.27,BTC-30DEC22-20000-C,20034.09,sell,0.4,,,,
41,220626960,2022-06-22 20:17:37,0,0.2235,0.22375528,77.07,BTC-30DEC22-20000-C,20162.42,buy,0.1,,,,
42,220626961,2022-06-22 20:17:37,1,0.2235,0.22375528,77.07,BTC-30DEC22-20000-C,20162.42,buy,0.3,,,,
43,220626964,2022-06-22 20:17:38,1,0.2235,0.22380525,77.03,BTC-30DEC22-20000-C,20167.52,buy,0.1,,,,
44,220626966,2022-06-22 20:17:38,1,0.2235,0.22380525,77.03,BTC-30DEC22-20000-C,20167.52,buy,0.1,,,,
45,220626967,2022-06-22 20:17:38,1,0.2235,0.22380525,77.03,BTC-30DEC22-20000-C,20167.52,buy,0.1,,,,
46,220626968,2022-06-22 20:17:39,1,0.2235,0.22383473,77.03,BTC-30DEC22-20000-C,20168.67,buy,0.1,,,,
47,220626969,2022-06-22 20:17:39,1,0.2235,0.22383473,77.03,BTC-30DEC22-20000-C,20168.67,buy,0.3,,,,
48,220626970,2022-06-22 20:17:39,1,0.2235,0.22383473,77.03,BTC-30DEC22-20000-C,20168.67,buy,0.1,,,,
49,220626971,2022-06-22 20:17:39,1,0.2235,0.22383473,77.03,BTC-30DEC22-20000-C,20168.67,buy,0.1,,,,
50,220626972,2022-06-22 20:17:40,1,0.2235,0.22383473,77.03,BTC-30DEC22-20000-C,20168.67,buy,0.2,,,,
51,220626973,2022-06-22 20:17:40,1,0.2235,0.22383473,77.02,BTC-30DEC22-20000-C,20171.83,buy,0.1,,,,
52,220626974,2022-06-22 20:17:40,1,0.2235,0.22385193,77.02,BTC-30DEC22-20000-C,20171.83,buy,0.1,,,,
53,220626975,2022-06-22 20:17:40,1,0.2235,0.22385193,77.02,BTC-30DEC22-20000-C,20171.83,buy,0.1,,,,
54,220626976,2022-06-22 20:17:41,1,0.2235,0.22385193,77.02,BTC-30DEC22-20000-C,20171.83,buy,0.1,,,,
55,220626977,2022-06-22 20:17:41,1,0.2235,0.22385193,77.02,BTC-30DEC22-20000-C,20171.83,buy,0.1,,,,
56,220628805,2022-06-22 20:36:07,2,0.2175,0.21779002,77.37,BTC-30DEC22-20000-C,19821.6,sell,0.6,,,,
57,220719243,2022-06-23 13:00:07,0,0.2285,0.22878176,76.22,BTC-30DEC22-20000-C,20558.55,buy,0.3,,,,
58,220721569,2022-06-23 13:30:56,0,0.2295,0.23003438,76.11,BTC-30DEC22-20000-C,20608.05,buy,0.3,,,,
59,220770204,2022-06-23 19:28:19,0,0.231,0.23062824,75.79,BTC-30DEC22-20000-C,20734.93,buy,0.3,,,,
60,220791458,2022-06-23 21:49:23,2,0.228,0.22772171,74.76,BTC-30DEC22-20000-C,20709.86,buy,0.6,,,,
61,220817015,2022-06-24 02:36:09,0,0.24,0.23978291,75.81,BTC-30DEC22-20000-C,21206.82,buy,0.5,,,,
62,220885379,2022-06-24 12:58:02,2,0.238,0.23834529,75.01,BTC-30DEC22-20000-C,21181.9,buy,2.0,,,,
63,221165354,2022-06-28 10:55:58,2,0.2325,0.23321493,74.96,BTC-30DEC22-20000-C,20997.34,buy,0.3,,,,
64,221165412,2022-06-28 11:00:22,0,0.233,0.23337413,75.11,BTC-30DEC22-20000-C,21006.95,buy,0.1,,,,
65,221219589,2022-06-28 20:46:48,2,0.216,0.21619796,74.33,BTC-30DEC22-20000-C,20259.5,buy,0.1,,,,
66,221220070,2022-06-28 20:54:54,3,0.216,0.21643668,74.25,BTC-30DEC22-20000-C,20280.34,buy,0.2,,,,
67,221299820,2022-06-29 12:15:12,2,0.2145,0.214755,75.37,BTC-30DEC22-20000-C,20086.59,buy,0.2,,,,
68,221408068,2022-06-30 07:26:53,2,0.205,0.20672838,76.98,BTC-30DEC22-20000-C,19411.47,sell,0.2,,,,
69,221441194,2022-06-30 12:25:31,2,0.201,0.19953348,77.77,BTC-30DEC22-20000-C,19107.99,buy,0.1,,,,
70,221441298,2022-06-30 12:25:57,3,0.201,0.19976116,77.67,BTC-30DEC22-20000-C,19122.44,buy,0.1,,,,
71,221459687,2022-06-30 14:22:20,2,0.197,0.19589741,77.79,BTC-30DEC22-20000-C,18903.3,sell,0.1,,,,
72,221466564,2022-06-30 15:25:47,0,0.202,0.20067109,77.54,BTC-30DEC22-20000-C,19182.54,buy,0.1,,,,
73,221470040,2022-06-30 16:17:58,2,0.2,0.19861796,77.59,BTC-30DEC22-20000-C,19078.99,buy,0.1,,,,
74,221615512,2022-07-01 08:48:41,0,0.207,0.20890569,76.58,BTC-30DEC22-20000-C,19564.72,sell,0.1,,,,
75,221671484,2022-07-01 20:43:59,2,0.205,0.205987,76.87,BTC-30DEC22-20000-C,19468.69,sell,2.0,,,,
76,221672006,2022-07-01 20:47:46,3,0.205,0.20620532,76.78,BTC-30DEC22-20000-C,19473.58,sell,2.3,,,,
77,221764858,2022-07-03 12:49:33,2,0.185,0.18494971,73.11,BTC-30DEC22-20000-C,19008.78,buy,0.1,,,,
78,221807468,2022-07-04 09:25:02,0,0.2,0.19986824,77.45,BTC-30DEC22-20000-C,19174.86,buy,2.7,,,,
79,221807472,2022-07-04 09:25:08,1,0.2,0.19988323,77.44,BTC-30DEC22-20000-C,19176.45,buy,3.0,,,,
80,221807473,2022-07-04 09:25:08,1,0.2,0.19988323,77.44,BTC-30DEC22-20000-C,19176.45,buy,0.2,,,,
81,221807474,2022-07-04 09:25:08,1,0.2,0.19988323,77.44,BTC-30DEC22-20000-C,19176.45,buy,0.1,,,,
82,221807481,2022-07-04 09:25:19,1,0.2,0.19994361,77.39,BTC-30DEC22-20000-C,19181.74,buy,1.2,,,,
83,221957114,2022-07-05 08:22:01,0,0.2155,0.21465044,76.45,BTC-30DEC22-20000-C,20074.49,sell,0.1,,,,
84,222130215,2022-07-06 08:48:49,2,0.211,0.21280033,74.36,BTC-30DEC22-20000-C,20147.92,buy,0.2,,,,
85,222138934,2022-07-06 10:29:25,0,0.214,0.21299993,75.7,BTC-30DEC22-20000-C,20129.34,sell,0.1,,,,
86,222186036,2022-07-06 19:46:16,0,0.217,0.21748224,75.46,BTC-30DEC22-20000-C,20314.19,buy,0.1,,,,
87,222292920,2022-07-07 21:08:25,0,0.245,0.24601532,76.86,BTC-30DEC22-20000-C,21608.97,buy,0.2,,,,
88,222347929,2022-07-08 09:19:11,2,0.2375,0.24099107,75.95,BTC-30DEC22-20000-C,21369.29,sell,0.1,,,,
89,222628204,2022-07-12 00:04:34,2,0.203,0.20313799,74.63,BTC-30DEC22-20000-C,19925.21,sell,1.5,,,,
90,222651287,2022-07-12 07:06:55,2,0.199,0.19864722,74.5,BTC-30DEC22-20000-C,19746.59,buy,2.0,,,,
91,222657614,2022-07-12 07:48:04,0,0.2,0.19996156,75.04,BTC-30DEC22-20000-C,19727.01,buy,1.0,,,,
92,222659447,2022-07-12 08:05:55,2,0.1995,0.19958666,74.96,BTC-30DEC22-20000-C,19725.24,buy,1.0,,,,
93,222659456,2022-07-12 08:06:05,0,0.2,0.19962299,75.14,BTC-30DEC22-20000-C,19726.24,buy,1.0,,,,
94,222659457,2022-07-12 08:06:05,1,0.2,0.19962299,75.14,BTC-30DEC22-20000-C,19726.24,buy,0.7,,,,
95,222660647,2022-07-12 08:15:34,2,0.1995,0.19927715,75.1,BTC-30DEC22-20000-C,19701.25,sell,0.3,,,,
96,222660648,2022-07-12 08:15:34,3,0.1995,0.19927715,75.1,BTC-30DEC22-20000-C,19701.25,sell,0.4,,,,
97,222662424,2022-07-12 09:02:45,3,0.1995,0.19932041,74.67,BTC-30DEC22-20000-C,19756.43,buy,0.5,,,,
98,222662667,2022-07-12 09:10:15,3,0.1995,0.19975896,74.57,BTC-30DEC22-20000-C,19777.02,buy,1.0,,,,
99,222662810,2022-07-12 09:14:28,2,0.199,0.199171,74.62,BTC-30DEC22-20000-C,19741.45,buy,1.0,,,,
100,222675873,2022-07-12 12:20:06,0,0.2015,0.20089152,74.92,BTC-30DEC22-20000-C,19830.62,buy,0.6,,,,
101,222677725,2022-07-12 12:34:40,0,0.203,0.20315648,75.03,BTC-30DEC22-20000-C,19883.44,buy,1.0,,,,
102,222679345,2022-07-12 13:26:00,1,0.203,0.20308076,75.39,BTC-30DEC22-20000-C,19840.02,sell,0.8,,,,
103,222686161,2022-07-12 14:45:06,1,0.203,0.20346031,75.24,BTC-30DEC22-20000-C,19863.83,buy,0.5,,,,
104,222686929,2022-07-12 15:02:47,0,0.204,0.20460953,75.16,BTC-30DEC22-20000-C,19922.76,buy,0.5,,,,
105,222688339,2022-07-12 15:32:04,0,0.205,0.20485919,75.46,BTC-30DEC22-20000-C,19933.59,buy,2.0,,,,
106,222688364,2022-07-12 15:32:54,1,0.205,0.20471453,75.51,BTC-30DEC22-20000-C,19927.95,buy,0.5,,,,
107,222688517,2022-07-12 15:38:09,2,0.2045,0.20377838,75.68,BTC-30DEC22-20000-C,19877.21,buy,2.0,,,,
108,222688782,2022-07-12 15:42:01,3,0.2045,0.20363578,75.81,BTC-30DEC22-20000-C,19863.64,buy,2.0,,,,
109,222690775,2022-07-12 16:23:08,0,0.2057,0.20640724,75.76,BTC-30DEC22-20000-C,19936.89,sell,50.0,44657,,,
110,222691732,2022-07-12 16:37:24,0,0.208,0.20731054,76.43,BTC-30DEC22-20000-C,19955.86,sell,1.8,,,,
111,222691741,2022-07-12 16:37:25,2,0.2,0.20724728,73.42,BTC-30DEC22-20000-C,19952.4,buy,15.8,44658,,,
112,222693864,2022-07-12 17:24:51,0,0.205,0.20504244,76.28,BTC-30DEC22-20000-C,19826.86,sell,0.1,,,,
113,222705824,2022-07-12 19:27:42,2,0.1965,0.1954727,76.88,BTC-30DEC22-20000-C,19346.74,sell,50.0,44672,,,
114,222709164,2022-07-12 19:49:02,0,0.197,0.19803322,76.16,BTC-30DEC22-20000-C,19460.22,buy,5.0,,,,
115,222709167,2022-07-12 19:49:02,1,0.197,0.19803322,76.16,BTC-30DEC22-20000-C,19460.22,buy,5.0,,,,
116,222709169,2022-07-12 19:49:02,1,0.197,0.19803322,76.16,BTC-30DEC22-20000-C,19460.22,buy,5.0,,,,
117,222709178,2022-07-12 19:49:02,1,0.197,0.19803322,76.16,BTC-30DEC22-20000-C,19460.22,buy,1.5,,,,
118,222709201,2022-07-12 19:49:03,1,0.197,0.19802819,76.16,BTC-30DEC22-20000-C,19459.98,buy,5.0,,,,
119,222709203,2022-07-12 19:49:03,1,0.197,0.19802819,76.16,BTC-30DEC22-20000-C,19459.98,buy,5.0,,,,
120,222709214,2022-07-12 19:49:04,1,0.197,0.19797395,76.17,BTC-30DEC22-20000-C,19458.32,buy,5.0,,,,
121,222709215,2022-07-12 19:49:04,1,0.197,0.19797395,76.17,BTC-30DEC22-20000-C,19458.32,sell,2.1,,,,
122,222709216,2022-07-12 19:49:04,1,0.197,0.19797395,76.17,BTC-30DEC22-20000-C,19458.32,buy,2.9,,,,
123,222709226,2022-07-12 19:49:05,1,0.197,0.19797395,76.17,BTC-30DEC22-20000-C,19458.32,buy,5.0,,,,
124,222709288,2022-07-12 19:49:15,1,0.197,0.19810455,76.12,BTC-30DEC22-20000-C,19465.78,buy,1.8,,,,
125,222709474,2022-07-12 19:50:06,1,0.197,0.19822944,76.0,BTC-30DEC22-20000-C,19483.77,buy,0.2,,,,
126,222709487,2022-07-12 19:50:08,1,0.197,0.19830842,75.95,BTC-30DEC22-20000-C,19490.22,buy,0.2,,,,
127,222709857,2022-07-12 19:51:44,0,0.1975,0.19813736,76.14,BTC-30DEC22-20000-C,19474.28,buy,5.0,,,,
128,222709858,2022-07-12 19:51:44,1,0.1975,0.19813736,76.14,BTC-30DEC22-20000-C,19474.28,buy,0.2,,,,
129,222710115,2022-07-12 19:53:43,2,0.1965,0.19716738,76.03,BTC-30DEC22-20000-C,19456.54,buy,0.2,,,,
130,222710544,2022-07-12 19:58:30,2,0.1955,0.19637507,75.84,BTC-30DEC22-20000-C,19418.79,buy,0.2,,,,
131,222710915,2022-07-12 20:00:22,2,0.195,0.19559639,75.93,BTC-30DEC22-20000-C,19392.38,buy,0.2,,,,
132,222710918,2022-07-12 20:00:22,3,0.195,0.19564622,75.91,BTC-30DEC22-20000-C,19395.26,buy,0.2,,,,
133,222711104,2022-07-12 20:02:18,0,0.196,0.19656275,75.94,BTC-30DEC22-20000-C,19445.4,buy,0.2,,,,
134,222711347,2022-07-12 20:05:26,2,0.1955,0.19580989,76.01,BTC-30DEC22-20000-C,19412.62,buy,0.2,,,,
135,222711528,2022-07-12 20:09:32,3,0.1955,0.19612457,75.91,BTC-30DEC22-20000-C,19415.37,buy,0.2,,,,
136,222711536,2022-07-12 20:09:47,3,0.1955,0.19611192,75.91,BTC-30DEC22-20000-C,19417.93,buy,0.2,,,,
137,222711537,2022-07-12 20:09:47,3,0.1955,0.19611192,75.91,BTC-30DEC22-20000-C,19417.93,buy,0.2,,,,
138,222711665,2022-07-12 20:11:13,0,0.196,0.19648686,75.96,BTC-30DEC22-20000-C,19439.65,buy,0.2,,,,
139,222711666,2022-07-12 20:11:13,1,0.196,0.19648686,75.96,BTC-30DEC22-20000-C,19439.65,buy,0.2,,,,
140,222711690,2022-07-12 20:11:57,1,0.196,0.19648296,75.96,BTC-30DEC22-20000-C,19447.27,buy,0.2,,,,
141,222712258,2022-07-12 20:22:08,1,0.196,0.19668265,75.93,BTC-30DEC22-20000-C,19448.07,buy,0.2,,,,
142,222712264,2022-07-12 20:22:12,1,0.196,0.19684872,75.89,BTC-30DEC22-20000-C,19452.71,buy,0.2,,,,
143,222712270,2022-07-12 20:22:19,1,0.196,0.19687578,75.88,BTC-30DEC22-20000-C,19453.49,buy,0.2,,,,
144,222712480,2022-07-12 20:25:23,0,0.197,0.19746274,76.04,BTC-30DEC22-20000-C,19480.79,buy,0.2,,,,
145,222712894,2022-07-12 20:32:52,1,0.197,0.19750701,75.96,BTC-30DEC22-20000-C,19493.61,buy,0.2,,,,
146,222713411,2022-07-12 20:41:07,0,0.1975,0.19772404,76.1,BTC-30DEC22-20000-C,19501.03,buy,0.2,,,,
147,222714048,2022-07-12 20:52:46,2,0.1955,0.19602846,75.97,BTC-30DEC22-20000-C,19402.89,buy,0.2,,,,
148,222714075,2022-07-12 20:53:06,0,0.196,0.19620159,76.09,BTC-30DEC22-20000-C,19413.1,buy,1.7,,,,
149,222714900,2022-07-12 21:18:48,0,0.1995,0.1980805,77.17,BTC-30DEC22-20000-C,19465.01,buy,0.2,,,,
150,222714902,2022-07-12 21:18:49,1,0.1995,0.19809624,77.17,BTC-30DEC22-20000-C,19465.05,buy,0.2,,,,
151,222739355,2022-07-13 07:09:17,2,0.197,0.19737489,75.61,BTC-30DEC22-20000-C,19534.69,buy,0.2,,,,
152,222739672,2022-07-13 07:19:04,2,0.196,0.19653441,75.54,BTC-30DEC22-20000-C,19497.02,buy,0.2,,,,
153,222739958,2022-07-13 07:25:31,3,0.196,0.19635443,75.58,BTC-30DEC22-20000-C,19491.15,buy,0.2,,,,
154,222740194,2022-07-13 07:29:17,3,0.196,0.19644788,75.54,BTC-30DEC22-20000-C,19496.93,buy,0.2,,,,
155,222740199,2022-07-13 07:29:23,3,0.196,0.19654094,75.53,BTC-30DEC22-20000-C,19498.67,buy,0.2,,,,
156,222740717,2022-07-13 07:39:05,3,0.196,0.19622151,75.6,BTC-30DEC22-20000-C,19484.87,buy,0.2,,,,
157,222740868,2022-07-13 07:39:12,3,0.196,0.1970499,75.21,BTC-30DEC22-20000-C,19536.58,buy,0.2,,,,
158,222753036,2022-07-13 09:26:31,0,0.2045,0.20311166,76.03,BTC-30DEC22-20000-C,19850.19,buy,0.5,,,,
159,222782103,2022-07-13 12:43:29,2,0.19,0.18841841,76.55,BTC-30DEC22-20000-C,19084.61,buy,0.2,,,,
160,222782157,2022-07-13 12:43:30,3,0.19,0.18902912,76.34,BTC-30DEC22-20000-C,19114.06,buy,0.2,,,,
161,222785568,2022-07-13 12:48:58,3,0.19,0.19021254,75.93,BTC-30DEC22-20000-C,19158.97,buy,0.2,,,,
162,222785665,2022-07-13 12:49:14,3,0.19,0.19024194,75.87,BTC-30DEC22-20000-C,19166.64,buy,0.2,,,,
163,222791463,2022-07-13 13:10:55,0,0.1905,0.19100729,75.83,BTC-30DEC22-20000-C,19197.92,buy,0.2,,,,
164,222792103,2022-07-13 13:15:35,2,0.19,0.19047518,75.79,BTC-30DEC22-20000-C,19175.3,buy,0.2,,,,
165,222798847,2022-07-13 13:36:07,2,0.188,0.18809437,75.87,BTC-30DEC22-20000-C,19065.98,buy,0.2,,,,
166,222798907,2022-07-13 13:36:13,3,0.188,0.18848515,75.82,BTC-30DEC22-20000-C,19075.03,buy,0.2,,,,
167,222800571,2022-07-13 13:39:56,0,0.191,0.19180797,75.47,BTC-30DEC22-20000-C,19259.51,buy,0.2,,,,
168,222800885,2022-07-13 13:40:21,1,0.191,0.19218918,75.38,BTC-30DEC22-20000-C,19278.34,buy,0.2,,,,
169,222818560,2022-07-13 15:06:36,0,0.1985,0.19788112,75.43,BTC-30DEC22-20000-C,19646.29,buy,2.0,,,,
170,222902804,2022-07-14 07:22:42,0,0.2015,0.20157234,73.88,BTC-30DEC22-20000-C,20008.54,buy,0.6,,,,
171,222902805,2022-07-14 07:22:42,1,0.2015,0.20157234,73.88,BTC-30DEC22-20000-C,20008.54,buy,0.5,,,,
172,222902815,2022-07-14 07:22:43,1,0.2015,0.20157476,73.88,BTC-30DEC22-20000-C,20008.28,buy,0.4,,,,
173,222902816,2022-07-14 07:22:43,1,0.2015,0.20157476,73.88,BTC-30DEC22-20000-C,20008.28,buy,0.3,,,,
174,222902817,2022-07-14 07:22:43,1,0.2015,0.20157476,73.88,BTC-30DEC22-20000-C,20008.28,buy,0.2,,,,
175,222905570,2022-07-14 08:04:19,0,0.202,0.20205285,74.14,BTC-30DEC22-20000-C,20013.02,buy,0.8,,,,
176,222905571,2022-07-14 08:04:20,1,0.202,0.20205285,74.14,BTC-30DEC22-20000-C,20013.02,buy,0.1,,,,
177,222905573,2022-07-14 08:04:20,1,0.202,0.20205285,74.14,BTC-30DEC22-20000-C,20013.02,buy,0.6,,,,
178,222905574,2022-07-14 08:04:20,1,0.202,0.20205285,74.14,BTC-30DEC22-20000-C,20013.02,buy,0.1,,,,
179,222905575,2022-07-14 08:04:20,1,0.202,0.20205285,74.14,BTC-30DEC22-20000-C,20013.02,buy,0.4,,,,
180,222905598,2022-07-14 08:04:33,0,0.2025,0.20218808,74.25,BTC-30DEC22-20000-C,20020.24,buy,0.2,,,,
181,222905616,2022-07-14 08:04:50,1,0.2025,0.20229335,74.23,BTC-30DEC22-20000-C,20023.8,buy,0.2,,,,
182,222906116,2022-07-14 08:08:59,2,0.201,0.20075553,74.28,BTC-30DEC22-20000-C,19947.02,buy,0.6,,,,
183,222909138,2022-07-14 08:43:08,2,0.1995,0.19910493,74.31,BTC-30DEC22-20000-C,19869.12,buy,2.0,,,,
184,223185162,2022-07-17 03:53:47,0,0.2295,0.22937066,75.06,BTC-30DEC22-20000-C,21321.43,buy,0.3,,,,
185,223321541,2022-07-18 09:02:51,0,0.248,0.247952,74.92,BTC-30DEC22-20000-C,22316.39,buy,0.3,,,,
186,223656660,2022-07-19 20:01:44,2,0.243,0.27051962,63.85,BTC-30DEC22-20000-C,23354.06,sell,0.2,,,,
187,223665939,2022-07-19 21:11:41,0,0.268,0.26922634,75.63,BTC-30DEC22-20000-C,23295.44,buy,0.1,,,,
188,224147388,2022-07-22 14:59:11,0,0.2745,0.27881312,76.14,BTC-30DEC22-20000-C,23657.93,sell,0.1,,,,
189,224696546,2022-07-27 13:39:12,2,0.2285,0.22750251,76.96,BTC-30DEC22-20000-C,21355.63,sell,15.0,,,,
190,224697641,2022-07-27 13:46:50,0,0.229,0.22830592,77.01,BTC-30DEC22-20000-C,21367.9,sell,0.1,,,,
191,224697648,2022-07-27 13:46:51,1,0.229,0.22798511,77.01,BTC-30DEC22-20000-C,21367.9,sell,0.1,,,,
192,224697649,2022-07-27 13:46:51,1,0.229,0.22798511,77.01,BTC-30DEC22-20000-C,21367.9,sell,0.1,,,,
193,224697650,2022-07-27 13:46:51,1,0.229,0.22798511,77.01,BTC-30DEC22-20000-C,21367.9,sell,0.1,,,,
194,224697651,2022-07-27 13:46:51,1,0.229,0.22798511,77.01,BTC-30DEC22-20000-C,21367.9,sell,0.1,,,,
195,224697652,2022-07-27 13:46:51,1,0.229,0.22798511,77.01,BTC-30DEC22-20000-C,21367.9,sell,0.1,,,,
196,224697653,2022-07-27 13:46:51,1,0.229,0.22798511,77.01,BTC-30DEC22-20000-C,21367.9,sell,0.1,,,,
197,224697744,2022-07-27 13:47:25,1,0.229,0.22841587,76.84,BTC-30DEC22-20000-C,21391.98,sell,17.0,,,,
198,224697745,2022-07-27 13:47:26,1,0.229,0.22840027,76.85,BTC-30DEC22-20000-C,21391.39,buy,8.0,,,,
199,224698172,2022-07-27 13:48:05,0,0.23,0.22919818,77.02,BTC-30DEC22-20000-C,21415.97,sell,0.1,,,,
200,224698197,2022-07-27 13:48:07,1,0.23,0.22909914,77.02,BTC-30DEC22-20000-C,21415.25,sell,0.3,,,,
201,224698203,2022-07-27 13:48:07,1,0.23,0.22909914,77.03,BTC-30DEC22-20000-C,21413.74,sell,0.1,,,,
202,224698204,2022-07-27 13:48:07,1,0.23,0.22909914,77.03,BTC-30DEC22-20000-C,21413.74,sell,0.1,,,,
203,224698205,2022-07-27 13:48:07,1,0.23,0.22910077,77.03,BTC-30DEC22-20000-C,21413.74,sell,0.1,,,,
204,224698212,2022-07-27 13:48:08,1,0.23,0.22910077,77.06,BTC-30DEC22-20000-C,21409.88,sell,0.1,,,,
205,224698213,2022-07-27 13:48:08,1,0.23,0.22910077,77.06,BTC-30DEC22-20000-C,21409.88,sell,0.1,,,,
206,224698214,2022-07-27 13:48:08,1,0.23,0.22910077,77.06,BTC-30DEC22-20000-C,21409.88,sell,0.1,,,,
207,224698316,2022-07-27 13:49:20,2,0.2295,0.22891649,76.92,BTC-30DEC22-20000-C,21399.75,buy,13.3,,,,
208,224698434,2022-07-27 13:49:47,3,0.2295,0.22925558,76.7,BTC-30DEC22-20000-C,21426.66,buy,2.6,,,,
209,224698439,2022-07-27 13:49:47,3,0.2295,0.22925558,76.7,BTC-30DEC22-20000-C,21426.66,buy,1.8,,,,
210,224698622,2022-07-27 13:49:56,3,0.2295,0.22927603,76.75,BTC-30DEC22-20000-C,21426.73,buy,7.3,,,,
211,225697991,2022-08-03 11:47:43,0,0.26,0.26278489,74.33,BTC-30DEC22-20000-C,23376.43,sell,1.0,,,,
212,225697992,2022-08-03 11:47:47,1,0.26,0.26280841,74.33,BTC-30DEC22-20000-C,23376.37,sell,1.0,,,,
213,226856836,2022-08-18 10:57:14,2,0.2485,0.25023787,72.79,BTC-30DEC22-20000-C,23493.23,sell,2.5,,,,
214,227073965,2022-08-19 21:54:43,2,0.2015,0.2019444,74.37,BTC-30DEC22-20000-C,21112.47,buy,0.2,,,,
215,227081505,2022-08-19 22:32:24,2,0.201,0.20091032,74.46,BTC-30DEC22-20000-C,21086.77,buy,0.1,,,,
216,227120803,2022-08-20 11:56:38,3,0.201,0.20219804,73.1,BTC-30DEC22-20000-C,21252.64,buy,0.1,,,,
217,227125530,2022-08-20 14:26:02,0,0.205,0.20412168,74.45,BTC-30DEC22-20000-C,21295.53,sell,0.3,,,,
218,227191808,2022-08-21 17:13:20,0,0.2065,0.20556654,73.79,BTC-30DEC22-20000-C,21467.16,sell,0.1,,,,
219,227276949,2022-08-22 21:40:13,2,0.2,0.2004729,74.71,BTC-30DEC22-20000-C,21115.24,buy,0.1,,,,
220,227276966,2022-08-22 21:41:32,3,0.2,0.20066836,74.63,BTC-30DEC22-20000-C,21121.47,buy,0.1,,,,
221,227277494,2022-08-22 22:02:46,2,0.1995,0.2001706,74.62,BTC-30DEC22-20000-C,21099.87,buy,0.6,,,,
222,227320658,2022-08-23 12:04:44,0,0.2095,0.20714079,75.62,BTC-30DEC22-20000-C,21481.71,buy,0.5,,,,
223,227643232,2022-08-27 00:14:23,2,0.1645,0.16454758,69.44,BTC-30DEC22-20000-C,20162.96,buy,2.8,,,,
224,227643233,2022-08-27 00:14:23,3,0.1645,0.16454758,69.44,BTC-30DEC22-20000-C,20162.96,buy,0.1,,,,
225,227643234,2022-08-27 00:14:23,3,0.1645,0.16454758,69.44,BTC-30DEC22-20000-C,20162.96,buy,1.2,,,,
226,227643251,2022-08-27 00:14:26,3,0.1645,0.16490325,69.29,BTC-30DEC22-20000-C,20179.83,buy,2.7,,,,
227,227643256,2022-08-27 00:14:28,3,0.1645,0.16502053,69.23,BTC-30DEC22-20000-C,20185.09,buy,2.7,,,,
228,227643257,2022-08-27 00:14:28,3,0.1645,0.16502053,69.23,BTC-30DEC22-20000-C,20185.09,buy,0.2,,,,
229,227643305,2022-08-27 00:14:36,3,0.1645,0.16524422,69.14,BTC-30DEC22-20000-C,20195.5,buy,0.3,,,,
230,227683845,2022-08-27 15:39:22,2,0.16,0.15899862,69.62,BTC-30DEC22-20000-C,19948.74,sell,0.1,,,,
231,227689037,2022-08-27 15:59:55,2,0.159,0.16046002,68.72,BTC-30DEC22-20000-C,19984.85,sell,0.1,,,,
232,227690312,2022-08-27 16:15:31,2,0.1565,0.15888471,68.25,BTC-30DEC22-20000-C,19933.05,sell,0.1,,,,
233,227690313,2022-08-27 16:15:32,3,0.1565,0.15901006,68.23,BTC-30DEC22-20000-C,19935.85,sell,0.1,,,,
234,227699206,2022-08-27 20:25:55,0,0.161,0.15954874,69.9,BTC-30DEC22-20000-C,19969.07,sell,0.1,,,,
235,227702781,2022-08-27 22:39:16,0,0.1615,0.16151039,69.45,BTC-30DEC22-20000-C,20045.21,buy,0.8,,,,
236,227702782,2022-08-27 22:39:16,1,0.1615,0.16151039,69.45,BTC-30DEC22-20000-C,20045.21,buy,0.9,,,,
237,227702783,2022-08-27 22:39:16,1,0.1615,0.16151039,69.45,BTC-30DEC22-20000-C,20045.21,buy,0.9,,,,
238,227711383,2022-08-28 04:48:41,1,0.1615,0.16028827,70.0,BTC-30DEC22-20000-C,19993.94,sell,10.0,,,,
239,227735796,2022-08-28 17:25:18,0,0.1635,0.16262693,70.41,BTC-30DEC22-20000-C,20051.83,buy,0.3,,,,
240,227742165,2022-08-28 22:10:45,2,0.16,0.16069553,70.06,BTC-30DEC22-20000-C,19936.46,buy,20.0,48108,,,
241,227752572,2022-08-29 00:03:06,2,0.154,0.15433313,70.5,BTC-30DEC22-20000-C,19602.51,sell,1.7,,,,
242,227752573,2022-08-29 00:03:06,3,0.154,0.15433313,70.5,BTC-30DEC22-20000-C,19602.51,sell,1.2,,,,
243,227752574,2022-08-29 00:03:06,3,0.154,0.15433313,70.5,BTC-30DEC22-20000-C,19602.51,sell,0.9,,,,
244,227752575,2022-08-29 00:03:06,3,0.154,0.15433313,70.5,BTC-30DEC22-20000-C,19602.51,sell,0.7,,,,
245,227752576,2022-08-29 00:03:06,3,0.154,0.15433313,70.5,BTC-30DEC22-20000-C,19602.51,sell,0.5,,,,
246,227773336,2022-08-29 08:08:07,0,0.162,0.16180859,71.56,BTC-30DEC22-20000-C,19876.39,sell,1.0,,,,
247,227773696,2022-08-29 08:16:06,2,0.1615,0.16165506,71.48,BTC-30DEC22-20000-C,19862.09,sell,1.0,,,,
248,227826131,2022-08-30 00:32:20,0,0.1665,0.16466322,70.37,BTC-30DEC22-20000-C,20237.89,buy,0.1,,,,
249,227854054,2022-08-30 11:53:14,0,0.168,0.16845594,69.59,BTC-30DEC22-20000-C,20399.11,buy,0.1,,,,
250,227884360,2022-08-30 16:15:19,2,0.156,0.15646505,69.89,BTC-30DEC22-20000-C,19819.98,buy,0.2,,,,
251,227890766,2022-08-30 17:14:13,2,0.152,0.15272762,69.88,BTC-30DEC22-20000-C,19637.03,buy,5.0,,,,
252,227894564,2022-08-30 18:04:00,0,0.1545,0.15492562,70.22,BTC-30DEC22-20000-C,19705.68,buy,5.0,,,,
253,227907679,2022-08-30 21:09:00,0,0.16,0.15984195,70.44,BTC-30DEC22-20000-C,19949.84,buy,0.1,,,,
254,227927266,2022-08-31 03:38:07,0,0.1675,0.16817766,69.4,BTC-30DEC22-20000-C,20408.51,sell,0.3,,,,
255,227927267,2022-08-31 03:38:07,1,0.1675,0.16817766,69.4,BTC-30DEC22-20000-C,20408.51,sell,0.3,,,,
256,227927268,2022-08-31 03:38:07,1,0.1675,0.16817766,69.4,BTC-30DEC22-20000-C,20408.51,sell,0.2,,,,
257,227927269,2022-08-31 03:38:07,1,0.1675,0.16817766,69.4,BTC-30DEC22-20000-C,20408.51,sell,0.1,,,,
258,227927270,2022-08-31 03:38:07,1,0.1675,0.16817766,69.4,BTC-30DEC22-20000-C,20408.51,sell,0.1,,,,
259,227927271,2022-08-31 03:38:07,1,0.1675,0.16817766,69.4,BTC-30DEC22-20000-C,20408.51,sell,0.1,,,,
260,227927272,2022-08-31 03:38:07,1,0.1675,0.16823386,69.4,BTC-30DEC22-20000-C,20408.51,sell,0.1,,,,
261,227928484,2022-08-31 04:06:21,1,0.1675,0.16850393,69.37,BTC-30DEC22-20000-C,20409.07,sell,0.1,,,,
262,227928490,2022-08-31 04:06:53,1,0.1675,0.16848228,69.38,BTC-30DEC22-20000-C,20407.09,sell,0.1,,,,
263,227928492,2022-08-31 04:06:54,1,0.1675,0.1684729,69.38,BTC-30DEC22-20000-C,20406.65,sell,0.2,,,,
264,227928493,2022-08-31 04:06:54,1,0.1675,0.1684729,69.38,BTC-30DEC22-20000-C,20406.65,sell,0.2,,,,
265,227928494,2022-08-31 04:06:54,1,0.1675,0.1684729,69.38,BTC-30DEC22-20000-C,20406.65,sell,0.1,,,,
266,227928495,2022-08-31 04:06:54,1,0.1675,0.1684729,69.38,BTC-30DEC22-20000-C,20406.65,sell,0.1,,,,
267,227928496,2022-08-31 04:06:54,1,0.1675,0.1684729,69.38,BTC-30DEC22-20000-C,20406.65,sell,0.1,,,,
268,227928497,2022-08-31 04:06:54,1,0.1675,0.1684729,69.38,BTC-30DEC22-20000-C,20406.65,sell,0.1,,,,
269,227928518,2022-08-31 04:07:41,1,0.1675,0.16846407,69.4,BTC-30DEC22-20000-C,20405.18,sell,0.1,,,,
270,227928519,2022-08-31 04:07:41,1,0.1675,0.16846407,69.4,BTC-30DEC22-20000-C,20405.18,sell,0.1,,,,
271,227932346,2022-08-31 06:15:00,1,0.1675,0.16840452,69.4,BTC-30DEC22-20000-C,20409.17,sell,0.1,,,,
272,227932348,2022-08-31 06:15:00,1,0.1675,0.16840452,69.4,BTC-30DEC22-20000-C,20409.17,sell,0.1,,,,
273,227932351,2022-08-31 06:15:00,1,0.1675,0.16840452,69.4,BTC-30DEC22-20000-C,20409.17,sell,0.1,,,,
274,227932352,2022-08-31 06:15:00,1,0.1675,0.16840452,69.4,BTC-30DEC22-20000-C,20409.17,sell,0.1,,,,
275,227932353,2022-08-31 06:15:00,1,0.1675,0.16840452,69.4,BTC-30DEC22-20000-C,20409.17,sell,0.1,,,,
276,227932357,2022-08-31 06:15:00,1,0.1675,0.16840452,69.4,BTC-30DEC22-20000-C,20409.17,sell,0.1,,,,
277,227932401,2022-08-31 06:16:01,2,0.1665,0.16741473,69.4,BTC-30DEC22-20000-C,20364.49,sell,0.1,,,,
278,227932402,2022-08-31 06:16:01,3,0.1665,0.16741473,69.4,BTC-30DEC22-20000-C,20364.49,sell,0.1,,,,
279,227932403,2022-08-31 06:16:02,3,0.1665,0.16741473,69.4,BTC-30DEC22-20000-C,20364.49,sell,0.1,,,,
280,227932446,2022-08-31 06:16:22,3,0.1665,0.1674406,69.39,BTC-30DEC22-20000-C,20365.24,sell,0.2,,,,
281,227932447,2022-08-31 06:16:22,3,0.1665,0.1674406,69.39,BTC-30DEC22-20000-C,20365.24,sell,0.2,,,,
282,227932448,2022-08-31 06:16:22,3,0.1665,0.1674406,69.39,BTC-30DEC22-20000-C,20365.24,sell,0.2,,,,
283,227932449,2022-08-31 06:16:23,3,0.1665,0.1674406,69.39,BTC-30DEC22-20000-C,20365.24,sell,0.1,,,,
284,227932450,2022-08-31 06:16:23,3,0.1665,0.1674406,69.39,BTC-30DEC22-20000-C,20365.24,sell,0.1,,,,
285,227932453,2022-08-31 06:16:23,3,0.1665,0.1674406,69.39,BTC-30DEC22-20000-C,20365.24,sell,0.1,,,,
286,227932454,2022-08-31 06:16:23,3,0.1665,0.1674406,69.39,BTC-30DEC22-20000-C,20365.24,sell,0.1,,,,
287,227932842,2022-08-31 06:19:05,2,0.165,0.16572126,69.39,BTC-30DEC22-20000-C,20296.57,sell,0.1,,,,
288,227932849,2022-08-31 06:19:06,3,0.165,0.16572126,69.43,BTC-30DEC22-20000-C,20292.85,sell,0.1,,,,
289,227933892,2022-08-31 06:30:41,2,0.1635,0.16420389,69.25,BTC-30DEC22-20000-C,20223.42,sell,0.2,,,,
290,227933895,2022-08-31 06:30:41,3,0.1635,0.16420389,69.25,BTC-30DEC22-20000-C,20223.42,sell,0.1,,,,
291,227933896,2022-08-31 06:30:41,3,0.1635,0.16420389,69.25,BTC-30DEC22-20000-C,20223.42,sell,0.2,,,,
292,227979545,2022-08-31 19:16:09,0,0.1645,0.16470326,69.85,BTC-30DEC22-20000-C,20250.2,buy,0.1,,,,
293,227982335,2022-08-31 19:48:38,1,0.1645,0.1653938,69.52,BTC-30DEC22-20000-C,20285.67,buy,0.9,,,,
294,227994330,2022-08-31 23:59:44,2,0.1595,0.15920608,69.7,BTC-30DEC22-20000-C,20052.91,buy,0.1,,,,
295,227994331,2022-08-31 23:59:50,3,0.1595,0.15917027,69.71,BTC-30DEC22-20000-C,20051.83,buy,0.1,,,,
296,227994332,2022-08-31 23:59:50,3,0.1595,0.15917027,69.71,BTC-30DEC22-20000-C,20051.85,buy,0.1,,,,
297,227994333,2022-08-31 23:59:50,3,0.1595,0.15917027,69.71,BTC-30DEC22-20000-C,20051.85,buy,0.1,,,,
298,227994770,2022-09-01 00:02:47,3,0.1595,0.15915894,69.68,BTC-30DEC22-20000-C,20051.68,buy,0.2,,,,
299,227994772,2022-09-01 00:02:47,3,0.1595,0.15915894,69.68,BTC-30DEC22-20000-C,20051.68,buy,0.1,,,,
300,227994774,2022-09-01 00:02:47,3,0.1595,0.15915894,69.68,BTC-30DEC22-20000-C,20051.68,buy,0.2,,,,
301,227994777,2022-09-01 00:02:47,3,0.1595,0.15915894,69.68,BTC-30DEC22-20000-C,20053.45,buy,0.1,,,,
302,228013551,2022-09-01 07:22:14,2,0.156,0.15702052,69.3,BTC-30DEC22-20000-C,19934.19,buy,0.1,,,,
303,228041840,2022-09-01 14:47:40,0,0.1586,0.1546485,72.15,BTC-30DEC22-20000-C,19764.34,buy,15.0,48353,BTC-CCAL-30DEC22_30SEP22-20000,,
304,228057289,2022-09-01 16:52:49,2,0.15,0.15028183,70.14,BTC-30DEC22-20000-C,19577.92,sell,0.1,,,,
305,228070327,2022-09-01 19:48:30,0,0.1555,0.15590217,70.29,BTC-30DEC22-20000-C,19817.77,buy,0.1,,,,
306,228070328,2022-09-01 19:48:30,1,0.1555,0.15590576,70.29,BTC-30DEC22-20000-C,19817.77,buy,0.1,,,,
307,228101358,2022-09-02 08:02:25,0,0.1605,0.1604223,69.8,BTC-30DEC22-20000-C,20115.11,sell,1.0,,,,
308,228101364,2022-09-02 08:02:27,1,0.1605,0.16042665,69.8,BTC-30DEC22-20000-C,20114.75,sell,1.0,,,,
309,228101365,2022-09-02 08:02:28,1,0.1605,0.16042067,69.8,BTC-30DEC22-20000-C,20114.83,sell,1.0,,,,
310,228101369,2022-09-02 08:02:29,1,0.1605,0.16042263,69.8,BTC-30DEC22-20000-C,20114.84,sell,1.0,,,,
311,228101378,2022-09-02 08:02:31,1,0.1605,0.16042354,69.8,BTC-30DEC22-20000-C,20114.82,sell,1.0,,,,
312,228101380,2022-09-02 08:02:32,1,0.1605,0.16042847,69.8,BTC-30DEC22-20000-C,20114.83,sell,1.0,,,,
313,228101384,2022-09-02 08:02:35,1,0.1605,0.16045947,69.79,BTC-30DEC22-20000-C,20116.36,sell,1.0,,,,
314,228101398,2022-09-02 08:02:40,1,0.1605,0.16046156,69.79,BTC-30DEC22-20000-C,20116.37,sell,1.0,,,,
315,228101926,2022-09-02 08:06:14,2,0.16,0.16038615,69.56,BTC-30DEC22-20000-C,20115.49,sell,0.1,,,,
316,228101927,2022-09-02 08:06:14,3,0.16,0.16038615,69.56,BTC-30DEC22-20000-C,20115.49,sell,0.1,,,,
317,228101931,2022-09-02 08:06:14,3,0.16,0.16038615,69.56,BTC-30DEC22-20000-C,20115.49,sell,0.1,,,,
318,228101933,2022-09-02 08:06:14,3,0.16,0.16038615,69.56,BTC-30DEC22-20000-C,20115.49,sell,0.1,,,,
319,228101936,2022-09-02 08:06:14,3,0.16,0.16038615,69.56,BTC-30DEC22-20000-C,20115.28,sell,0.1,,,,
320,228101942,2022-09-02 08:06:19,3,0.16,0.16034385,69.57,BTC-30DEC22-20000-C,20113.29,sell,0.1,,,,
321,228101943,2022-09-02 08:06:19,3,0.16,0.16034385,69.57,BTC-30DEC22-20000-C,20113.29,sell,0.2,,,,
322,228101946,2022-09-02 08:06:19,3,0.16,0.16034385,69.57,BTC-30DEC22-20000-C,20113.29,sell,0.1,,,,
323,228101948,2022-09-02 08:06:19,3,0.16,0.16034385,69.57,BTC-30DEC22-20000-C,20113.29,sell,0.1,,,,
324,228111478,2022-09-02 11:26:11,2,0.157,0.15744714,69.3,BTC-30DEC22-20000-C,20010.38,buy,0.4,,,,
325,228155490,2022-09-02 17:43:28,2,0.153,0.15336781,69.18,BTC-30DEC22-20000-C,19847.56,buy,1.0,,,,
326,228155491,2022-09-02 17:43:29,3,0.153,0.15336781,69.18,BTC-30DEC22-20000-C,19847.56,buy,4.0,,,,
327,228159075,2022-09-02 18:06:46,3,0.153,0.15324977,69.56,BTC-30DEC22-20000-C,19821.63,buy,0.2,,,,
328,228168507,2022-09-02 20:23:19,0,0.1545,0.15571449,69.11,BTC-30DEC22-20000-C,19908.92,sell,0.1,,,,
329,228169904,2022-09-02 20:56:00,0,0.1555,0.15577533,69.47,BTC-30DEC22-20000-C,19919.94,buy,0.2,,,,
330,228169905,2022-09-02 20:56:01,1,0.1555,0.15577533,69.47,BTC-30DEC22-20000-C,19919.94,buy,0.1,,,,
331,228187606,2022-09-03 08:01:10,2,0.152,0.15172319,69.16,BTC-30DEC22-20000-C,19818.06,sell,1.0,,,,
332,228187611,2022-09-03 08:01:14,0,0.1525,0.15165533,69.43,BTC-30DEC22-20000-C,19813.25,sell,1.0,,,,
333,228187637,2022-09-03 08:01:28,2,0.152,0.15150507,69.25,BTC-30DEC22-20000-C,19808.3,sell,1.0,,,,
334,228187724,2022-09-03 08:02:22,3,0.152,0.1516809,69.21,BTC-30DEC22-20000-C,19807.26,sell,1.0,,,,
335,228189681,2022-09-03 08:59:45,3,0.152,0.15240201,69.35,BTC-30DEC22-20000-C,19789.26,sell,1.0,,,,
336,228189682,2022-09-03 08:59:52,0,0.1525,0.15248044,69.58,BTC-30DEC22-20000-C,19788.8,sell,1.0,,,,
337,228189684,2022-09-03 08:59:53,1,0.1525,0.15249383,69.58,BTC-30DEC22-20000-C,19788.8,sell,1.0,,,,
338,228189685,2022-09-03 08:59:55,1,0.1525,0.15252582,69.58,BTC-30DEC22-20000-C,19788.07,sell,1.0,,,,
339,228189686,2022-09-03 08:59:58,1,0.1525,0.15253014,69.59,BTC-30DEC22-20000-C,19787.25,sell,1.0,,,,
340,228189687,2022-09-03 08:59:59,1,0.1525,0.15254249,69.6,BTC-30DEC22-20000-C,19787.17,sell,1.0,,,,
341,228189981,2022-09-03 09:01:43,2,0.1515,0.15272538,69.39,BTC-30DEC22-20000-C,19760.39,sell,1.0,,,,
342,228189982,2022-09-03 09:01:43,3,0.1515,0.15272538,69.39,BTC-30DEC22-20000-C,19760.39,sell,1.0,,,,
343,228192220,2022-09-03 11:08:57,0,0.152,0.15282534,68.76,BTC-30DEC22-20000-C,19842.82,buy,0.2,,,,
344,228192229,2022-09-03 11:11:45,1,0.152,0.15283025,68.76,BTC-30DEC22-20000-C,19845.38,buy,0.1,,,,
345,228198754,2022-09-03 18:45:41,1,0.152,0.15411619,69.3,BTC-30DEC22-20000-C,19805.09,sell,0.1,,,,
346,228209870,2022-09-04 06:32:55,0,0.153,0.15234033,70.85,BTC-30DEC22-20000-C,19725.39,sell,0.4,,,,
347,228265595,2022-09-05 13:54:09,2,0.152,0.15164055,70.55,BTC-30DEC22-20000-C,19733.86,sell,1.0,,,,
348,228265749,2022-09-05 14:01:29,0,0.1525,0.15189844,70.68,BTC-30DEC22-20000-C,19745.12,buy,1.0,,,,
349,228265750,2022-09-05 14:01:31,1,0.1525,0.15187046,70.69,BTC-30DEC22-20000-C,19743.68,buy,1.0,,,,
350,228265763,2022-09-05 14:02:36,1,0.1525,0.1518526,70.72,BTC-30DEC22-20000-C,19740.81,buy,0.6,,,,
351,228265764,2022-09-05 14:02:36,1,0.1525,0.1518526,70.72,BTC-30DEC22-20000-C,19740.81,sell,0.4,,,,
352,228265765,2022-09-05 14:02:37,1,0.1525,0.15185263,70.72,BTC-30DEC22-20000-C,19740.56,sell,1.0,,,,
353,228265766,2022-09-05 14:02:38,1,0.1525,0.15185435,70.72,BTC-30DEC22-20000-C,19740.62,sell,1.0,,,,
354,228265789,2022-09-05 14:03:45,2,0.152,0.15183961,70.58,BTC-30DEC22-20000-C,19732.29,sell,0.5,,,,
355,228265790,2022-09-05 14:03:45,3,0.152,0.15176359,70.58,BTC-30DEC22-20000-C,19732.29,sell,0.5,,,,
356,228265791,2022-09-05 14:03:45,3,0.152,0.15176359,70.58,BTC-30DEC22-20000-C,19732.29,sell,0.1,,,,
357,228265792,2022-09-05 14:03:46,3,0.152,0.15176359,70.59,BTC-30DEC22-20000-C,19730.61,sell,0.3,,,,
358,228265793,2022-09-05 14:03:46,3,0.152,0.15176359,70.59,BTC-30DEC22-20000-C,19730.61,sell,0.2,,,,
359,228265794,2022-09-05 14:03:46,3,0.152,0.15176359,70.59,BTC-30DEC22-20000-C,19730.61,sell,0.3,,,,
360,228265795,2022-09-05 14:03:46,3,0.152,0.15176359,70.59,BTC-30DEC22-20000-C,19730.61,sell,0.1,,,,
361,228266664,2022-09-05 14:39:56,0,0.153,0.15268117,70.6,BTC-30DEC22-20000-C,19775.64,sell,1.0,,,,
362,228266865,2022-09-05 14:50:03,2,0.1525,0.15270269,70.37,BTC-30DEC22-20000-C,19775.83,sell,0.1,,,,
363,228266866,2022-09-05 14:50:03,3,0.1525,0.15270269,70.37,BTC-30DEC22-20000-C,19775.83,sell,0.1,,,,
364,228266867,2022-09-05 14:50:03,3,0.1525,0.15270269,70.37,BTC-30DEC22-20000-C,19775.83,sell,0.1,,,,
365,228266875,2022-09-05 14:50:04,3,0.1525,0.15270269,70.44,BTC-30DEC22-20000-C,19768.9,sell,0.3,,,,
366,228266876,2022-09-05 14:50:04,3,0.1525,0.15254856,70.44,BTC-30DEC22-20000-C,19768.9,sell,0.2,,,,
367,228266877,2022-09-05 14:50:04,3,0.1525,0.15254856,70.44,BTC-30DEC22-20000-C,19768.9,sell,0.1,,,,
368,228266879,2022-09-05 14:50:08,3,0.1525,0.1524242,70.5,BTC-30DEC22-20000-C,19763.79,sell,0.1,,,,
369,228284523,2022-09-05 22:23:43,0,0.1535,0.15306034,71.0,BTC-30DEC22-20000-C,19767.55,sell,0.4,,,,
370,228317262,2022-09-06 07:09:06,0,0.157,0.15717089,71.45,BTC-30DEC22-20000-C,19891.34,buy,4.0,,,,
371,228319871,2022-09-06 07:54:23,0,0.158,0.15671445,71.89,BTC-30DEC22-20000-C,19893.74,buy,19.0,,,,
372,228319872,2022-09-06 07:54:23,1,0.158,0.15671445,71.89,BTC-30DEC22-20000-C,19893.74,buy,6.0,,,,
373,228326103,2022-09-06 09:21:36,2,0.1575,0.15752288,71.49,BTC-30DEC22-20000-C,19914.36,sell,0.1,,,,
374,228331884,2022-09-06 11:23:14,2,0.157,0.1576217,71.22,BTC-30DEC22-20000-C,19919.54,sell,0.1,,,,
375,228331885,2022-09-06 11:23:14,3,0.157,0.1576217,71.22,BTC-30DEC22-20000-C,19919.54,sell,0.1,,,,
376,228331893,2022-09-06 11:23:16,3,0.157,0.15762355,71.22,BTC-30DEC22-20000-C,19919.61,sell,0.2,,,,
377,228331894,2022-09-06 11:23:16,3,0.157,0.15762355,71.22,BTC-30DEC22-20000-C,19919.61,sell,0.2,,,,
378,228331897,2022-09-06 11:23:16,3,0.157,0.15762355,71.22,BTC-30DEC22-20000-C,19919.61,sell,0.1,,,,
379,228331898,2022-09-06 11:23:16,3,0.157,0.15762355,71.22,BTC-30DEC22-20000-C,19919.61,sell,0.1,,,,
380,228331899,2022-09-06 11:23:16,3,0.157,0.15762355,71.22,BTC-30DEC22-20000-C,19919.61,sell,0.1,,,,
381,228331900,2022-09-06 11:23:16,3,0.157,0.15762355,71.22,BTC-30DEC22-20000-C,19919.61,sell,0.1,,,,
382,228331901,2022-09-06 11:23:16,3,0.157,0.15762355,71.22,BTC-30DEC22-20000-C,19919.61,sell,0.1,,,,
383,228331912,2022-09-06 11:23:18,3,0.157,0.15759605,71.28,BTC-30DEC22-20000-C,19914.62,sell,0.1,,,,
384,228331913,2022-09-06 11:23:18,3,0.157,0.15759605,71.28,BTC-30DEC22-20000-C,19914.62,sell,0.1,,,,
385,228331915,2022-09-06 11:23:20,3,0.157,0.15748667,71.28,BTC-30DEC22-20000-C,19914.6,sell,5.9,,,,
386,228341100,2022-09-06 13:30:50,2,0.1555,0.15527208,70.93,BTC-30DEC22-20000-C,19888.41,buy,15.0,,,,
387,228375583,2022-09-06 17:05:33,2,0.148,0.1493625,70.48,BTC-30DEC22-20000-C,19593.74,sell,1.0,,,,
388,228376098,2022-09-06 17:05:38,2,0.146,0.14590283,70.98,BTC-30DEC22-20000-C,19439.44,sell,2.9,,,,
389,228376104,2022-09-06 17:05:38,3,0.146,0.14590283,70.98,BTC-30DEC22-20000-C,19439.44,sell,2.1,,,,
390,228383247,2022-09-06 17:08:20,2,0.1415,0.14181929,70.39,BTC-30DEC22-20000-C,19315.56,buy,0.2,,,,
391,228383525,2022-09-06 17:08:31,3,0.1415,0.14217757,70.47,BTC-30DEC22-20000-C,19304.24,buy,0.2,,,,
392,228391713,2022-09-06 17:16:31,3,0.1415,0.14187552,70.78,BTC-30DEC22-20000-C,19276.09,buy,0.2,,,,
393,228391724,2022-09-06 17:16:32,3,0.1415,0.14192427,70.75,BTC-30DEC22-20000-C,19278.34,buy,0.2,,,,
394,228391765,2022-09-06 17:16:43,3,0.1415,0.14199812,70.68,BTC-30DEC22-20000-C,19282.75,buy,0.2,,,,
395,228398319,2022-09-06 17:26:11,2,0.1395,0.1395628,71.03,BTC-30DEC22-20000-C,19141.39,buy,0.2,,,,
396,228400173,2022-09-06 17:30:17,2,0.138,0.13810217,71.16,BTC-30DEC22-20000-C,19052.38,buy,0.3,,,,
397,228409077,2022-09-06 17:50:14,3,0.138,0.13867675,71.13,BTC-30DEC22-20000-C,19056.73,buy,0.2,,,,
398,228412903,2022-09-06 18:13:01,0,0.1395,0.13957268,71.18,BTC-30DEC22-20000-C,19116.74,sell,3.7,,,,
399,228412904,2022-09-06 18:13:01,1,0.1395,0.13957268,71.18,BTC-30DEC22-20000-C,19116.74,sell,0.1,,,,
400,228414255,2022-09-06 18:22:26,2,0.1385,0.13841355,71.44,BTC-30DEC22-20000-C,19037.27,sell,1.2,,,,
401,228416826,2022-09-06 18:39:45,0,0.139,0.13817103,71.6,BTC-30DEC22-20000-C,19043.28,buy,0.2,,,,
402,228416827,2022-09-06 18:39:45,1,0.139,0.13817103,71.6,BTC-30DEC22-20000-C,19043.28,sell,0.8,,,,
403,228416830,2022-09-06 18:39:46,2,0.1385,0.13815517,71.4,BTC-30DEC22-20000-C,19040.28,sell,1.0,,,,
404,228416892,2022-09-06 18:40:50,3,0.1385,0.13787619,71.53,BTC-30DEC22-20000-C,19025.56,sell,0.1,,,,
405,228416894,2022-09-06 18:40:51,3,0.1385,0.13792673,71.51,BTC-30DEC22-20000-C,19027.88,sell,0.1,,,,
406,228416897,2022-09-06 18:40:53,3,0.1385,0.13793117,71.51,BTC-30DEC22-20000-C,19028.15,sell,0.1,,,,
407,228416985,2022-09-06 18:41:42,2,0.138,0.13756683,71.47,BTC-30DEC22-20000-C,19010.66,sell,0.2,,,,
408,228417109,2022-09-06 18:42:14,3,0.138,0.13759497,71.47,BTC-30DEC22-20000-C,19009.39,sell,0.8,,,,
409,228417527,2022-09-06 18:44:05,2,0.137,0.13735783,71.12,BTC-30DEC22-20000-C,18998.5,buy,1.0,,,,
410,228423813,2022-09-06 19:30:49,2,0.1335,0.13301008,71.22,BTC-30DEC22-20000-C,18825.73,buy,1.0,,,,
411,228425988,2022-09-06 19:37:02,0,0.134,0.13371621,71.21,BTC-30DEC22-20000-C,18847.83,buy,0.2,,,,
412,228442376,2022-09-06 22:25:17,0,0.136,0.13647062,71.36,BTC-30DEC22-20000-C,18935.16,sell,0.1,,,,
413,228442435,2022-09-06 22:30:18,1,0.136,0.13663447,71.33,BTC-30DEC22-20000-C,18931.39,buy,0.1,,,,
414,228443107,2022-09-06 22:41:34,2,0.1355,0.13596122,71.39,BTC-30DEC22-20000-C,18914.93,buy,0.2,,,,
415,228450268,2022-09-07 01:37:22,0,0.1365,0.1363202,72.51,BTC-30DEC22-20000-C,18841.55,sell,0.2,,,,
416,228454821,2022-09-07 02:31:43,2,0.1325,0.13266632,72.28,BTC-30DEC22-20000-C,18678.57,buy,0.2,,,,
417,228472932,2022-09-07 09:46:32,0,0.1335,0.1340853,71.71,BTC-30DEC22-20000-C,18787.81,sell,10.0,,,,
418,228483306,2022-09-07 14:17:01,0,0.134,0.1349286,71.48,BTC-30DEC22-20000-C,18833.03,sell,0.1,,,,
419,228483307,2022-09-07 14:17:03,2,0.1335,0.1349454,71.25,BTC-30DEC22-20000-C,18833.45,sell,0.1,,,,
420,228483308,2022-09-07 14:17:05,3,0.1335,0.13495097,71.24,BTC-30DEC22-20000-C,18833.92,sell,0.1,,,,
421,228483313,2022-09-07 14:17:06,0,0.134,0.13500496,71.44,BTC-30DEC22-20000-C,18836.47,sell,0.1,,,,
422,228488506,2022-09-07 16:38:56,0,0.1365,0.13646369,71.65,BTC-30DEC22-20000-C,18942.82,buy,0.2,,,,
423,228491319,2022-09-07 17:06:27,2,0.135,0.13545533,70.86,BTC-30DEC22-20000-C,18954.28,buy,0.7,,,,
424,228491320,2022-09-07 17:06:27,3,0.135,0.13545533,70.86,BTC-30DEC22-20000-C,18954.28,buy,0.5,,,,
425,228491321,2022-09-07 17:06:28,3,0.135,0.1354611,70.86,BTC-30DEC22-20000-C,18954.63,buy,0.5,,,,
426,228491322,2022-09-07 17:06:28,3,0.135,0.1354611,70.86,BTC-30DEC22-20000-C,18954.69,buy,0.3,,,,
427,228491330,2022-09-07 17:06:32,3,0.135,0.1354343,70.87,BTC-30DEC22-20000-C,18953.59,buy,0.1,,,,
428,228491709,2022-09-07 17:18:13,3,0.135,0.13501644,70.82,BTC-30DEC22-20000-C,18956.52,buy,0.1,,,,
429,228491716,2022-09-07 17:18:16,3,0.135,0.13501066,70.81,BTC-30DEC22-20000-C,18958.34,buy,0.1,,,,
430,228491717,2022-09-07 17:18:17,3,0.135,0.13504465,70.81,BTC-30DEC22-20000-C,18958.61,buy,0.1,,,,
431,228491718,2022-09-07 17:18:17,3,0.135,0.13504465,70.81,BTC-30DEC22-20000-C,18959.06,buy,0.1,,,,
432,228491719,2022-09-07 17:18:18,3,0.135,0.13504465,70.81,BTC-30DEC22-20000-C,18959.06,buy,0.1,,,,
433,228493180,2022-09-07 17:42:57,3,0.135,0.13498257,70.68,BTC-30DEC22-20000-C,18972.57,buy,0.1,,,,
434,228493187,2022-09-07 17:43:00,3,0.135,0.13504276,70.65,BTC-30DEC22-20000-C,18975.82,buy,0.4,,,,
435,228493188,2022-09-07 17:43:00,3,0.135,0.13504276,70.65,BTC-30DEC22-20000-C,18975.82,buy,0.2,,,,
436,228493189,2022-09-07 17:43:00,3,0.135,0.13504276,70.65,BTC-30DEC22-20000-C,18975.82,buy,0.1,,,,
437,228493190,2022-09-07 17:43:00,3,0.135,0.13504276,70.65,BTC-30DEC22-20000-C,18975.82,buy,0.1,,,,
438,228493192,2022-09-07 17:43:00,3,0.135,0.13505723,70.64,BTC-30DEC22-20000-C,18976.37,buy,0.3,,,,
439,228493193,2022-09-07 17:43:01,3,0.135,0.13505723,70.64,BTC-30DEC22-20000-C,18976.37,buy,0.3,,,,
440,228493201,2022-09-07 17:43:01,3,0.135,0.13507249,70.64,BTC-30DEC22-20000-C,18976.37,buy,0.1,,,,
441,228493202,2022-09-07 17:43:02,3,0.135,0.13507249,70.64,BTC-30DEC22-20000-C,18978.49,buy,0.2,,,,
442,228493205,2022-09-07 17:43:02,3,0.135,0.1351191,70.64,BTC-30DEC22-20000-C,18978.49,buy,0.1,,,,
443,228493206,2022-09-07 17:43:02,3,0.135,0.1351191,70.64,BTC-30DEC22-20000-C,18978.49,buy,0.1,,,,
444,228493207,2022-09-07 17:43:02,3,0.135,0.1351191,70.61,BTC-30DEC22-20000-C,18979.32,buy,6.5,,,,
445,228493208,2022-09-07 17:43:02,3,0.135,0.1351191,70.61,BTC-30DEC22-20000-C,18979.32,buy,0.2,,,,
446,228497766,2022-09-07 18:48:33,0,0.139,0.13888382,70.73,BTC-30DEC22-20000-C,19159.75,buy,0.2,,,,
447,228498039,2022-09-07 18:50:15,1,0.139,0.13942803,70.55,BTC-30DEC22-20000-C,19172.76,buy,0.1,,,,
448,228502231,2022-09-07 20:17:17,2,0.136,0.13609145,70.49,BTC-30DEC22-20000-C,19049.69,buy,0.2,,,,
449,228504552,2022-09-07 20:31:39,0,0.141,0.14101062,70.69,BTC-30DEC22-20000-C,19265.72,buy,0.8,,,,
450,228504553,2022-09-07 20:31:39,1,0.141,0.14101062,70.69,BTC-30DEC22-20000-C,19265.72,buy,0.2,,,,
451,228510941,2022-09-07 21:38:23,0,0.143,0.14227982,70.96,BTC-30DEC22-20000-C,19325.74,sell,0.1,,,,
452,228511094,2022-09-07 21:38:29,2,0.1425,0.14193031,70.89,BTC-30DEC22-20000-C,19308.51,sell,0.1,,,,
453,228511256,2022-09-07 21:40:29,3,0.1425,0.14188195,70.92,BTC-30DEC22-20000-C,19307.04,sell,0.1,,,,
454,228511587,2022-09-07 21:58:25,0,0.143,0.14315578,70.62,BTC-30DEC22-20000-C,19383.36,buy,0.2,,,,
455,228515552,2022-09-08 00:04:05,2,0.1425,0.14245325,70.6,BTC-30DEC22-20000-C,19345.15,buy,0.2,,,,
456,228515624,2022-09-08 00:04:18,3,0.1425,0.14280653,70.62,BTC-30DEC22-20000-C,19345.9,buy,0.2,,,,
457,228515655,2022-09-08 00:04:29,3,0.1425,0.14265029,70.69,BTC-30DEC22-20000-C,19336.61,buy,0.2,,,,
458,228522397,2022-09-08 04:34:11,2,0.1415,0.14145542,70.22,BTC-30DEC22-20000-C,19346.7,buy,0.2,,,,
459,228533658,2022-09-08 09:19:37,2,0.139,0.13834763,70.27,BTC-30DEC22-20000-C,19232.95,buy,0.1,,,,
460,228533661,2022-09-08 09:19:41,3,0.139,0.13834376,70.27,BTC-30DEC22-20000-C,19232.96,sell,0.1,,,,
461,228533673,2022-09-08 09:20:02,3,0.139,0.13833749,70.27,BTC-30DEC22-20000-C,19233.21,buy,0.1,,,,
462,228533677,2022-09-08 09:20:30,2,0.1385,0.13836162,70.03,BTC-30DEC22-20000-C,19234.15,sell,0.1,,,,
463,228533843,2022-09-08 09:22:42,3,0.1385,0.13828184,70.08,BTC-30DEC22-20000-C,19220.98,sell,0.1,,,,
464,228534115,2022-09-08 09:35:26,2,0.138,0.13782528,70.06,BTC-30DEC22-20000-C,19206.98,sell,0.1,,,,
465,228540884,2022-09-08 12:22:47,0,0.139,0.138851,70.03,BTC-30DEC22-20000-C,19273.82,buy,0.2,,,,
466,228540888,2022-09-08 12:22:48,1,0.139,0.13890904,70.0,BTC-30DEC22-20000-C,19282.06,buy,0.2,,,,
467,228540969,2022-09-08 12:22:55,1,0.139,0.13915185,69.9,BTC-30DEC22-20000-C,19287.78,buy,0.2,,,,
468,228541362,2022-09-08 12:28:42,2,0.138,0.13817199,69.85,BTC-30DEC22-20000-C,19235.23,buy,0.2,,,,
469,228544112,2022-09-08 13:06:57,2,0.136,0.13608772,69.98,BTC-30DEC22-20000-C,19136.64,buy,0.2,,,,
470,228547708,2022-09-08 13:26:35,2,0.1345,0.13495018,69.75,BTC-30DEC22-20000-C,19082.76,buy,0.2,,,,
471,228550754,2022-09-08 13:41:45,0,0.137,0.13748699,69.61,BTC-30DEC22-20000-C,19217.26,buy,0.2,,,,
472,228563653,2022-09-08 14:17:16,2,0.1365,0.13676106,69.58,BTC-30DEC22-20000-C,19203.57,buy,0.2,,,,
473,228563676,2022-09-08 14:17:19,3,0.1365,0.13688962,69.5,BTC-30DEC22-20000-C,19211.28,buy,0.2,,,,
474,228577104,2022-09-08 16:40:59,3,0.1365,0.13643534,69.75,BTC-30DEC22-20000-C,19183.61,buy,0.2,,,,
475,228588456,2022-09-08 20:27:07,0,0.1425,0.14208938,70.4,BTC-30DEC22-20000-C,19390.61,sell,0.1,,,,
476,228588457,2022-09-08 20:27:08,1,0.1425,0.1421141,70.39,BTC-30DEC22-20000-C,19391.95,sell,0.1,,,,
477,228588458,2022-09-08 20:27:10,1,0.1425,0.14210061,70.39,BTC-30DEC22-20000-C,19391.75,sell,0.1,,,,
478,228588481,2022-09-08 20:27:19,2,0.142,0.14202895,70.2,BTC-30DEC22-20000-C,19388.91,sell,0.1,,,,
479,228588596,2022-09-08 20:28:18,2,0.1415,0.14164321,70.2,BTC-30DEC22-20000-C,19360.91,sell,0.1,,,,
480,228620033,2022-09-09 04:11:20,0,0.16,0.16012963,70.72,BTC-30DEC22-20000-C,20196.99,buy,0.4,,,,
481,228627475,2022-09-09 04:56:54,0,0.166,0.16577886,71.27,BTC-30DEC22-20000-C,20416.23,buy,0.1,,,,
482,228643129,2022-09-09 06:25:03,0,0.1725,0.17261637,71.65,BTC-30DEC22-20000-C,20682.32,buy,0.1,,,,
483,228665294,2022-09-09 08:48:54,0,0.1735,0.17379893,71.33,BTC-30DEC22-20000-C,20763.62,buy,0.1,,,,
484,228665560,2022-09-09 08:52:08,0,0.174,0.17382815,71.57,BTC-30DEC22-20000-C,20760.42,buy,0.1,,,,
485,228665574,2022-09-09 08:52:31,1,0.174,0.17388304,71.55,BTC-30DEC22-20000-C,20764.11,sell,0.1,,,,
486,228668234,2022-09-09 09:02:10,2,0.173,0.17385776,71.21,BTC-30DEC22-20000-C,20738.37,sell,0.1,,,,
487,228680347,2022-09-09 11:18:50,0,0.1785,0.17884903,71.46,BTC-30DEC22-20000-C,20979.04,sell,0.2,,,,
488,228680365,2022-09-09 11:19:03,1,0.1785,0.17877325,71.5,BTC-30DEC22-20000-C,20975.93,sell,0.2,,,,
489,228681931,2022-09-09 11:56:22,2,0.177,0.17740806,71.1,BTC-30DEC22-20000-C,20938.24,sell,0.2,,,,
490,228683592,2022-09-09 12:19:28,0,0.1785,0.17929951,70.94,BTC-30DEC22-20000-C,21042.96,sell,0.1,,,,
491,228687307,2022-09-09 13:00:43,0,0.18,0.18015513,71.33,BTC-30DEC22-20000-C,21059.74,sell,0.2,,,,
492,228688460,2022-09-09 13:20:37,2,0.1795,0.17950687,71.26,BTC-30DEC22-20000-C,21052.57,sell,1.0,,,,
493,228688462,2022-09-09 13:20:40,3,0.1795,0.17953958,71.25,BTC-30DEC22-20000-C,21053.98,sell,1.0,,,,
494,228688464,2022-09-09 13:20:44,3,0.1795,0.17955395,71.24,BTC-30DEC22-20000-C,21054.74,sell,0.3,,,,
495,228688557,2022-09-09 13:23:26,2,0.179,0.17921712,71.14,BTC-30DEC22-20000-C,21041.23,sell,1.0,,,,
496,228688558,2022-09-09 13:23:26,3,0.179,0.17921712,71.14,BTC-30DEC22-20000-C,21041.23,sell,0.2,,,,
497,228690682,2022-09-09 13:45:13,2,0.178,0.17806938,71.36,BTC-30DEC22-20000-C,20967.26,sell,0.2,,,,
498,228691760,2022-09-09 13:55:20,3,0.178,0.17832402,71.51,BTC-30DEC22-20000-C,20960.08,sell,0.2,,,,
499,228694874,2022-09-09 14:18:19,0,0.1805,0.18053447,71.62,BTC-30DEC22-20000-C,21067.0,sell,0.2,,,,
500,228697802,2022-09-09 15:09:59,0,0.181,0.18099332,71.46,BTC-30DEC22-20000-C,21103.63,sell,0.2,,,,
501,228699738,2022-09-09 15:28:07,0,0.183,0.18308243,71.37,BTC-30DEC22-20000-C,21209.97,sell,0.2,,,,
502,228707000,2022-09-09 16:41:04,0,0.1845,0.18438144,71.26,BTC-30DEC22-20000-C,21297.83,sell,0.2,,,,
503,228709201,2022-09-09 17:11:03,1,0.1845,0.18630636,70.24,BTC-30DEC22-20000-C,21396.07,sell,0.1,,,,
504,228736635,2022-09-10 00:34:13,2,0.183,0.18382641,71.82,BTC-30DEC22-20000-C,21176.33,sell,0.2,,,,
505,228821870,2022-09-11 17:45:16,0,0.1945,0.19493227,72.72,BTC-30DEC22-20000-C,21700.9,buy,0.1,,,,
506,228923557,2022-09-12 19:15:07,0,0.2055,0.2109699,70.59,BTC-30DEC22-20000-C,22399.96,sell,0.4,,,,
507,228944708,2022-09-13 03:11:10,0,0.209,0.2090117,74.13,BTC-30DEC22-20000-C,22254.69,sell,0.2,,,,
508,228944710,2022-09-13 03:11:20,0,0.2105,0.20889882,74.97,BTC-30DEC22-20000-C,22249.38,sell,0.1,,,,
509,228981000,2022-09-13 12:22:44,0,0.22,0.22030354,75.71,BTC-30DEC22-20000-C,22649.6,buy,0.4,,,,
510,228981006,2022-09-13 12:22:46,1,0.22,0.22028019,75.72,BTC-30DEC22-20000-C,22648.82,buy,0.2,,,,
511,228981007,2022-09-13 12:22:47,1,0.22,0.22026373,75.73,BTC-30DEC22-20000-C,22648.34,buy,0.4,,,,
512,228981008,2022-09-13 12:22:49,1,0.22,0.22026405,75.72,BTC-30DEC22-20000-C,22648.7,buy,0.2,,,,
513,228981009,2022-09-13 12:22:51,1,0.22,0.22028833,75.71,BTC-30DEC22-20000-C,22649.83,buy,0.2,,,,
514,228981012,2022-09-13 12:22:55,1,0.22,0.2202855,75.71,BTC-30DEC22-20000-C,22649.84,buy,0.2,,,,
515,228981015,2022-09-13 12:22:56,1,0.22,0.2202855,75.7,BTC-30DEC22-20000-C,22650.0,buy,0.1,,,,
516,228981016,2022-09-13 12:22:57,1,0.22,0.22028874,75.71,BTC-30DEC22-20000-C,22649.35,buy,0.1,,,,
517,228981019,2022-09-13 12:23:02,1,0.22,0.22027553,75.71,BTC-30DEC22-20000-C,22649.81,buy,0.1,,,,
518,228981028,2022-09-13 12:23:10,1,0.22,0.22022239,75.73,BTC-30DEC22-20000-C,22648.97,buy,0.2,,,,
519,228981029,2022-09-13 12:23:10,1,0.22,0.22022239,75.73,BTC-30DEC22-20000-C,22648.97,buy,2.2,,,,
520,228981030,2022-09-13 12:23:10,1,0.22,0.22022239,75.73,BTC-30DEC22-20000-C,22648.97,buy,0.1,,,,
521,228981031,2022-09-13 12:23:10,1,0.22,0.22022239,75.73,BTC-30DEC22-20000-C,22648.97,buy,0.1,,,,
522,228981032,2022-09-13 12:23:10,1,0.22,0.22022239,75.73,BTC-30DEC22-20000-C,22648.97,buy,0.5,,,,
523,228983421,2022-09-13 12:26:13,2,0.219,0.21848868,76.14,BTC-30DEC22-20000-C,22563.13,sell,0.3,,,,
524,229093234,2022-09-13 19:54:39,2,0.1633,0.16315974,73.15,BTC-30DEC22-20000-C,20289.8,sell,12.5,49365,,,
525,229164483,2022-09-14 16:58:37,2,0.1585,0.15746217,72.68,BTC-30DEC22-20000-C,20120.68,buy,0.5,,,,
526,229177752,2022-09-14 18:47:56,2,0.1515,0.15140883,71.88,BTC-30DEC22-20000-C,19879.31,sell,1.0,,,,
527,229177755,2022-09-14 18:48:06,3,0.1515,0.15124359,71.94,BTC-30DEC22-20000-C,19872.93,sell,0.2,,,,
528,229177756,2022-09-14 18:48:06,3,0.1515,0.15126526,71.94,BTC-30DEC22-20000-C,19872.93,sell,0.2,,,,
529,229177757,2022-09-14 18:48:06,3,0.1515,0.15126526,71.94,BTC-30DEC22-20000-C,19872.93,sell,0.2,,,,
530,229177758,2022-09-14 18:48:06,3,0.1515,0.15126526,71.94,BTC-30DEC22-20000-C,19872.93,sell,0.1,,,,
531,229177759,2022-09-14 18:48:06,3,0.1515,0.15126526,71.94,BTC-30DEC22-20000-C,19872.93,sell,0.1,,,,
532,229177760,2022-09-14 18:48:06,3,0.1515,0.15126526,71.94,BTC-30DEC22-20000-C,19872.93,sell,0.1,,,,
533,229177761,2022-09-14 18:48:06,3,0.1515,0.15126526,71.94,BTC-30DEC22-20000-C,19872.93,sell,0.1,,,,
534,229177805,2022-09-14 18:49:01,2,0.151,0.15082918,71.95,BTC-30DEC22-20000-C,19848.81,sell,0.1,,,,
535,229177808,2022-09-14 18:49:01,3,0.151,0.15083386,71.95,BTC-30DEC22-20000-C,19849.06,sell,0.2,,,,
536,229177809,2022-09-14 18:49:01,3,0.151,0.15083386,71.95,BTC-30DEC22-20000-C,19849.06,sell,0.1,,,,
537,229177810,2022-09-14 18:49:02,3,0.151,0.15083386,71.95,BTC-30DEC22-20000-C,19849.06,sell,0.1,,,,
538,229178128,2022-09-14 18:53:16,3,0.151,0.15091336,72.01,BTC-30DEC22-20000-C,19851.49,sell,0.1,,,,
539,229178129,2022-09-14 18:53:16,3,0.151,0.15091336,72.01,BTC-30DEC22-20000-C,19851.49,sell,0.1,,,,
540,229178133,2022-09-14 18:53:19,3,0.151,0.15088696,72.03,BTC-30DEC22-20000-C,19850.07,sell,0.1,,,,
541,229178134,2022-09-14 18:53:19,3,0.151,0.15088696,72.03,BTC-30DEC22-20000-C,19849.76,sell,0.1,,,,
542,229178135,2022-09-14 18:53:19,3,0.151,0.15088696,72.03,BTC-30DEC22-20000-C,19849.76,sell,0.1,,,,
543,229178136,2022-09-14 18:53:19,3,0.151,0.15088696,72.03,BTC-30DEC22-20000-C,19849.76,sell,0.1,,,,
544,229178137,2022-09-14 18:53:19,3,0.151,0.15088696,72.03,BTC-30DEC22-20000-C,19849.76,sell,0.1,,,,
545,229178797,2022-09-14 19:00:06,2,0.1495,0.14961874,71.95,BTC-30DEC22-20000-C,19779.01,sell,0.1,,,,
546,229178798,2022-09-14 19:00:06,3,0.1495,0.14961874,71.95,BTC-30DEC22-20000-C,19779.01,sell,0.1,,,,
547,229178969,2022-09-14 19:03:16,0,0.1505,0.15048648,71.98,BTC-30DEC22-20000-C,19819.65,sell,0.2,,,,
548,229178974,2022-09-14 19:03:24,1,0.1505,0.15056667,71.94,BTC-30DEC22-20000-C,19822.92,sell,0.1,,,,
549,229178979,2022-09-14 19:03:24,1,0.1505,0.15056667,71.94,BTC-30DEC22-20000-C,19822.92,sell,0.1,,,,
550,229178991,2022-09-14 19:03:29,2,0.15,0.15022245,71.87,BTC-30DEC22-20000-C,19807.41,sell,0.1,,,,
551,229178992,2022-09-14 19:03:29,3,0.15,0.15022245,71.87,BTC-30DEC22-20000-C,19807.41,sell,0.1,,,,
552,229179046,2022-09-14 19:03:43,3,0.15,0.15024267,71.93,BTC-30DEC22-20000-C,19800.61,sell,0.5,,,,
553,229179050,2022-09-14 19:03:47,3,0.15,0.15003545,71.97,BTC-30DEC22-20000-C,19797.8,sell,0.4,,,,
554,229179051,2022-09-14 19:03:47,3,0.15,0.15003545,71.97,BTC-30DEC22-20000-C,19797.8,sell,0.1,,,,
555,229182401,2022-09-14 19:59:37,0,0.1515,0.15247626,71.08,BTC-30DEC22-20000-C,19963.13,buy,0.1,,,,
556,229243071,2022-09-15 14:17:17,0,0.1525,0.15350122,69.47,BTC-30DEC22-20000-C,20139.59,sell,0.1,,,,
557,229243072,2022-09-15 14:17:19,1,0.1525,0.15347867,69.48,BTC-30DEC22-20000-C,20138.95,sell,0.1,,,,
558,229243079,2022-09-15 14:17:21,1,0.1525,0.15350545,69.47,BTC-30DEC22-20000-C,20140.84,sell,0.1,,,,
559,229243093,2022-09-15 14:17:23,1,0.1525,0.15359253,69.44,BTC-30DEC22-20000-C,20142.78,sell,0.1,,,,
560,229243096,2022-09-15 14:17:26,1,0.1525,0.15358192,69.43,BTC-30DEC22-20000-C,20144.01,sell,0.1,,,,
561,229256038,2022-09-15 15:17:06,2,0.141,0.14141195,70.37,BTC-30DEC22-20000-C,19546.85,sell,1.5,,,,
562,229256550,2022-09-15 15:19:52,0,0.1455,0.1445808,71.11,BTC-30DEC22-20000-C,19693.6,sell,1.0,,,,
563,229256558,2022-09-15 15:19:53,1,0.1455,0.14466747,71.11,BTC-30DEC22-20000-C,19693.72,sell,1.0,,,,
564,229275940,2022-09-15 23:20:13,2,0.143,0.14317784,70.14,BTC-30DEC22-20000-C,19690.84,buy,0.1,,,,
565,229275941,2022-09-15 23:20:13,3,0.143,0.14317784,70.14,BTC-30DEC22-20000-C,19690.84,buy,0.1,,,,
566,229275942,2022-09-15 23:20:16,3,0.143,0.14329563,70.1,BTC-30DEC22-20000-C,19694.94,buy,0.1,,,,
567,229275949,2022-09-15 23:20:18,3,0.143,0.14330404,70.09,BTC-30DEC22-20000-C,19694.83,buy,0.2,,,,
568,229275950,2022-09-15 23:20:18,3,0.143,0.14330404,70.09,BTC-30DEC22-20000-C,19694.83,buy,0.3,,,,
569,229275952,2022-09-15 23:20:18,3,0.143,0.14330404,70.09,BTC-30DEC22-20000-C,19694.83,buy,0.3,,,,
570,229275953,2022-09-15 23:20:18,3,0.143,0.14330404,70.09,BTC-30DEC22-20000-C,19694.83,buy,0.3,,,,
571,229275954,2022-09-15 23:20:18,3,0.143,0.14330404,70.05,BTC-30DEC22-20000-C,19698.62,buy,0.3,,,,
572,229275957,2022-09-15 23:20:19,3,0.143,0.14338908,70.03,BTC-30DEC22-20000-C,19700.37,buy,0.1,,,,
573,229275959,2022-09-15 23:20:21,3,0.143,0.14341804,70.03,BTC-30DEC22-20000-C,19699.74,buy,0.2,,,,
574,229275963,2022-09-15 23:20:22,3,0.143,0.14341839,69.99,BTC-30DEC22-20000-C,19703.96,buy,3.2,,,,
575,229275964,2022-09-15 23:20:23,3,0.143,0.14341839,69.99,BTC-30DEC22-20000-C,19703.96,buy,0.1,,,,
576,229275968,2022-09-15 23:20:23,3,0.143,0.14351039,69.94,BTC-30DEC22-20000-C,19708.26,buy,0.2,,,,
577,229275969,2022-09-15 23:20:23,3,0.143,0.14351039,69.94,BTC-30DEC22-20000-C,19708.26,buy,0.2,,,,
578,229275974,2022-09-15 23:20:25,3,0.143,0.14359888,69.96,BTC-30DEC22-20000-C,19706.2,buy,0.3,,,,
579,229275975,2022-09-15 23:20:25,3,0.143,0.14359888,69.96,BTC-30DEC22-20000-C,19706.2,buy,0.2,,,,
580,229275976,2022-09-15 23:20:28,3,0.143,0.14358062,69.95,BTC-30DEC22-20000-C,19707.75,buy,0.1,,,,
581,229275977,2022-09-15 23:20:30,3,0.143,0.14354641,69.97,BTC-30DEC22-20000-C,19706.83,buy,0.1,,,,
582,229276034,2022-09-15 23:21:50,2,0.1425,0.14324489,69.81,BTC-30DEC22-20000-C,19700.13,buy,1.0,,,,
583,229276035,2022-09-15 23:21:50,3,0.1425,0.14324489,69.81,BTC-30DEC22-20000-C,19700.13,buy,0.7,,,,
584,229276036,2022-09-15 23:21:51,3,0.1425,0.14328046,69.79,BTC-30DEC22-20000-C,19701.53,buy,0.4,,,,
585,229276039,2022-09-15 23:21:51,3,0.1425,0.14328046,69.79,BTC-30DEC22-20000-C,19701.53,buy,0.3,,,,
586,229276040,2022-09-15 23:21:51,3,0.1425,0.14328046,69.79,BTC-30DEC22-20000-C,19701.53,buy,0.2,,,,
587,229276041,2022-09-15 23:21:57,3,0.1425,0.14330655,69.78,BTC-30DEC22-20000-C,19703.66,buy,0.3,,,,
588,229276043,2022-09-15 23:22:01,3,0.1425,0.14329802,69.78,BTC-30DEC22-20000-C,19704.08,buy,0.2,,,,
589,229276051,2022-09-15 23:22:06,3,0.1425,0.14329685,69.77,BTC-30DEC22-20000-C,19704.94,buy,0.5,,,,
590,229293719,2022-09-16 08:16:25,2,0.141,0.14174032,68.97,BTC-30DEC22-20000-C,19717.69,sell,0.8,,,,
591,229298067,2022-09-16 08:45:50,3,0.141,0.14089806,69.44,BTC-30DEC22-20000-C,19680.28,sell,0.3,,,,
592,229298068,2022-09-16 08:45:50,3,0.141,0.14089806,69.44,BTC-30DEC22-20000-C,19680.28,sell,0.2,,,,
593,229298070,2022-09-16 08:45:50,3,0.141,0.14089806,69.44,BTC-30DEC22-20000-C,19680.28,sell,0.2,,,,
594,229298071,2022-09-16 08:45:51,3,0.141,0.14084922,69.47,BTC-30DEC22-20000-C,19677.62,sell,0.2,,,,
595,229298078,2022-09-16 08:45:55,3,0.141,0.14089139,69.45,BTC-30DEC22-20000-C,19678.22,sell,0.1,,,,
596,229298283,2022-09-16 08:49:03,3,0.141,0.14093301,69.41,BTC-30DEC22-20000-C,19684.27,buy,0.3,,,,
597,229334309,2022-09-16 18:10:33,2,0.136,0.13606238,69.42,BTC-30DEC22-20000-C,19468.38,buy,0.1,,,,
598,229351270,2022-09-17 00:34:00,0,0.146,0.14599483,68.16,BTC-30DEC22-20000-C,20059.19,sell,1.0,,,,
599,229404193,2022-09-18 14:41:19,2,0.141,0.14140729,68.51,BTC-30DEC22-20000-C,19841.97,sell,1.0,,,,
600,229407832,2022-09-18 16:13:18,2,0.1375,0.1392398,68.5,BTC-30DEC22-20000-C,19698.83,sell,1.0,,,,
601,229417837,2022-09-18 18:57:55,0,0.138,0.13725606,69.02,BTC-30DEC22-20000-C,19661.91,sell,0.2,,,,
602,229433548,2022-09-19 00:20:55,2,0.134,0.13405004,69.29,BTC-30DEC22-20000-C,19463.08,buy,0.2,,,,
603,229433549,2022-09-19 00:20:55,3,0.134,0.13405004,69.29,BTC-30DEC22-20000-C,19463.08,buy,0.2,,,,
604,229433573,2022-09-19 00:21:19,3,0.134,0.13385434,69.38,BTC-30DEC22-20000-C,19458.52,buy,0.1,,,,
605,229433574,2022-09-19 00:21:19,3,0.134,0.13385434,69.38,BTC-30DEC22-20000-C,19458.52,buy,0.1,,,,
606,229435111,2022-09-19 01:24:37,0,0.1345,0.13397645,69.57,BTC-30DEC22-20000-C,19464.78,buy,0.1,,,,
607,229435114,2022-09-19 01:25:00,1,0.1345,0.1338205,69.65,BTC-30DEC22-20000-C,19456.05,buy,0.1,,,,
608,229435162,2022-09-19 01:26:54,1,0.1345,0.13366943,69.72,BTC-30DEC22-20000-C,19454.09,buy,0.1,,,,
609,229435231,2022-09-19 01:29:34,1,0.1345,0.13375751,69.71,BTC-30DEC22-20000-C,19456.21,buy,0.1,,,,
610,229435575,2022-09-19 01:42:46,2,0.1335,0.13351234,69.44,BTC-30DEC22-20000-C,19434.39,buy,0.2,,,,
611,229436052,2022-09-19 02:04:32,3,0.1335,0.13401087,69.0,BTC-30DEC22-20000-C,19468.56,buy,0.2,,,,
612,229436053,2022-09-19 02:04:59,3,0.1335,0.13395964,69.0,BTC-30DEC22-20000-C,19468.7,buy,0.2,,,,
613,229436105,2022-09-19 02:07:15,3,0.1335,0.13384917,68.99,BTC-30DEC22-20000-C,19468.42,buy,0.2,,,,
614,229436558,2022-09-19 02:13:45,2,0.132,0.13215256,68.98,BTC-30DEC22-20000-C,19406.7,buy,0.2,,,,
615,229436567,2022-09-19 02:13:54,3,0.132,0.13210726,69.0,BTC-30DEC22-20000-C,19405.72,buy,0.2,,,,
616,229460215,2022-09-19 03:47:54,2,0.1195,0.11879416,69.19,BTC-30DEC22-20000-C,18792.75,buy,0.2,,,,
617,229460764,2022-09-19 03:59:16,3,0.1195,0.11922565,69.27,BTC-30DEC22-20000-C,18783.13,buy,0.1,,,,
618,229463238,2022-09-19 04:53:59,0,0.12,0.11990076,69.17,BTC-30DEC22-20000-C,18816.03,buy,0.1,,,,
619,229463243,2022-09-19 04:54:01,1,0.12,0.11998911,69.15,BTC-30DEC22-20000-C,18818.52,buy,0.2,,,,
620,229465283,2022-09-19 05:42:09,2,0.1185,0.1186055,69.16,BTC-30DEC22-20000-C,18754.78,sell,1.0,,,,
621,229474090,2022-09-19 06:12:55,2,0.1135,0.1131261,69.48,BTC-30DEC22-20000-C,18486.59,buy,0.1,,,,
622,229475531,2022-09-19 06:23:04,2,0.112,0.11301867,68.88,BTC-30DEC22-20000-C,18469.77,sell,0.1,,,,
623,229490991,2022-09-19 08:25:26,2,0.1115,0.1126654,68.62,BTC-30DEC22-20000-C,18471.74,sell,0.4,,,,
624,229492828,2022-09-19 08:54:08,3,0.1115,0.11136895,69.0,BTC-30DEC22-20000-C,18432.5,sell,0.6,,,,
625,229492829,2022-09-19 08:54:08,3,0.1115,0.11136895,69.0,BTC-30DEC22-20000-C,18432.5,sell,0.5,,,,
626,229492830,2022-09-19 08:54:08,3,0.1115,0.11136895,69.0,BTC-30DEC22-20000-C,18432.5,sell,0.3,,,,
627,229492831,2022-09-19 08:54:08,3,0.1115,0.11136895,69.0,BTC-30DEC22-20000-C,18432.5,sell,0.2,,,,
628,229492832,2022-09-19 08:54:08,3,0.1115,0.11136895,69.0,BTC-30DEC22-20000-C,18432.5,sell,0.2,,,,
629,229492833,2022-09-19 08:54:08,3,0.1115,0.11136895,69.0,BTC-30DEC22-20000-C,18432.5,sell,0.1,,,,
630,229492834,2022-09-19 08:54:08,3,0.1115,0.11136895,69.0,BTC-30DEC22-20000-C,18432.5,sell,0.1,,,,
631,229492835,2022-09-19 08:54:08,3,0.1115,0.11136895,69.0,BTC-30DEC22-20000-C,18432.5,sell,0.1,,,,
632,229492836,2022-09-19 08:54:08,3,0.1115,0.11136895,69.0,BTC-30DEC22-20000-C,18432.5,sell,0.1,,,,
633,229492840,2022-09-19 08:54:09,3,0.1115,0.11133507,69.01,BTC-30DEC22-20000-C,18431.68,sell,0.1,,,,
634,229492913,2022-09-19 08:56:00,3,0.1115,0.11141734,69.02,BTC-30DEC22-20000-C,18427.02,sell,19.3,,,,
635,229492949,2022-09-19 08:56:01,3,0.1115,0.1112157,69.05,BTC-30DEC22-20000-C,18419.4,sell,0.1,,,,
636,229492950,2022-09-19 08:56:02,3,0.1115,0.1112157,69.05,BTC-30DEC22-20000-C,18419.4,sell,2.7,,,,
637,229492952,2022-09-19 08:56:02,3,0.1115,0.1112157,69.05,BTC-30DEC22-20000-C,18419.4,sell,0.2,,,,
638,229492953,2022-09-19 08:56:02,3,0.1115,0.1112157,69.05,BTC-30DEC22-20000-C,18419.4,sell,0.2,,,,
639,229492954,2022-09-19 08:56:02,3,0.1115,0.1112157,69.05,BTC-30DEC22-20000-C,18419.4,sell,0.1,,,,
640,229492955,2022-09-19 08:56:02,3,0.1115,0.1112157,69.05,BTC-30DEC22-20000-C,18419.4,sell,0.1,,,,
641,229492956,2022-09-19 08:56:02,3,0.1115,0.1112157,69.05,BTC-30DEC22-20000-C,18419.4,sell,0.1,,,,
642,229493911,2022-09-19 09:10:37,3,0.1115,0.11180423,69.16,BTC-30DEC22-20000-C,18419.24,sell,0.1,,,,
643,229493912,2022-09-19 09:10:37,3,0.1115,0.11180423,69.16,BTC-30DEC22-20000-C,18419.24,sell,0.1,,,,
644,229493914,2022-09-19 09:10:42,3,0.1115,0.11177026,69.16,BTC-30DEC22-20000-C,18419.57,sell,0.1,,,,
645,229493925,2022-09-19 09:10:43,3,0.1115,0.11177403,69.15,BTC-30DEC22-20000-C,18419.79,sell,0.1,,,,
646,229493926,2022-09-19 09:10:44,3,0.1115,0.11177403,69.15,BTC-30DEC22-20000-C,18419.79,sell,0.1,,,,
647,229493927,2022-09-19 09:10:44,3,0.1115,0.11177439,69.15,BTC-30DEC22-20000-C,18419.79,sell,0.1,,,,
648,229493928,2022-09-19 09:10:44,3,0.1115,0.11177439,69.15,BTC-30DEC22-20000-C,18419.79,sell,0.1,,,,
649,229493929,2022-09-19 09:10:44,3,0.1115,0.11177439,69.15,BTC-30DEC22-20000-C,18419.79,sell,0.1,,,,
650,229493937,2022-09-19 09:10:50,3,0.1115,0.11176969,69.16,BTC-30DEC22-20000-C,18419.64,sell,0.1,,,,
651,229493938,2022-09-19 09:10:50,3,0.1115,0.11176969,69.16,BTC-30DEC22-20000-C,18419.64,sell,0.1,,,,
652,229493945,2022-09-19 09:10:54,3,0.1115,0.11177134,69.15,BTC-30DEC22-20000-C,18419.71,sell,0.1,,,,
653,229493946,2022-09-19 09:10:57,3,0.1115,0.11177684,69.15,BTC-30DEC22-20000-C,18420.02,sell,0.1,,,,
654,229493947,2022-09-19 09:10:58,3,0.1115,0.11177056,69.15,BTC-30DEC22-20000-C,18419.73,sell,0.1,,,,
655,229493954,2022-09-19 09:10:59,3,0.1115,0.1117639,69.16,BTC-30DEC22-20000-C,18419.4,sell,0.2,,,,
656,229493955,2022-09-19 09:11:00,3,0.1115,0.11176668,69.16,BTC-30DEC22-20000-C,18419.52,sell,0.1,,,,
657,229493956,2022-09-19 09:11:00,3,0.1115,0.11176668,69.16,BTC-30DEC22-20000-C,18419.52,sell,0.1,,,,
658,229493957,2022-09-19 09:11:00,3,0.1115,0.11176668,69.16,BTC-30DEC22-20000-C,18419.52,sell,0.1,,,,
659,229493958,2022-09-19 09:11:00,3,0.1115,0.11176668,69.16,BTC-30DEC22-20000-C,18419.52,sell,0.1,,,,
660,229493970,2022-09-19 09:11:26,3,0.1115,0.11177655,69.15,BTC-30DEC22-20000-C,18420.34,sell,0.1,,,,
661,229493971,2022-09-19 09:11:26,3,0.1115,0.11177655,69.15,BTC-30DEC22-20000-C,18420.34,sell,0.1,,,,
662,229493976,2022-09-19 09:11:27,3,0.1115,0.11177323,69.15,BTC-30DEC22-20000-C,18420.29,sell,0.1,,,,
663,229493997,2022-09-19 09:11:57,3,0.1115,0.11171929,69.18,BTC-30DEC22-20000-C,18418.26,sell,0.1,,,,
664,229494002,2022-09-19 09:12:00,3,0.1115,0.11170186,69.19,BTC-30DEC22-20000-C,18417.67,sell,0.2,,,,
665,229494003,2022-09-19 09:12:00,3,0.1115,0.11170186,69.2,BTC-30DEC22-20000-C,18416.64,sell,0.1,,,,
666,229494004,2022-09-19 09:12:00,3,0.1115,0.11170186,69.2,BTC-30DEC22-20000-C,18416.64,sell,0.1,,,,
667,229494005,2022-09-19 09:12:01,3,0.1115,0.11167968,69.2,BTC-30DEC22-20000-C,18416.64,sell,0.1,,,,
668,229494006,2022-09-19 09:12:01,3,0.1115,0.11167968,69.2,BTC-30DEC22-20000-C,18416.64,sell,0.1,,,,
669,229494013,2022-09-19 09:12:04,3,0.1115,0.1116545,69.21,BTC-30DEC22-20000-C,18414.25,sell,0.3,,,,
670,229494015,2022-09-19 09:12:04,3,0.1115,0.1116545,69.21,BTC-30DEC22-20000-C,18414.25,sell,0.2,,,,
671,229494016,2022-09-19 09:12:05,3,0.1115,0.1116545,69.21,BTC-30DEC22-20000-C,18414.25,sell,0.2,,,,
672,229494017,2022-09-19 09:12:05,3,0.1115,0.11162038,69.21,BTC-30DEC22-20000-C,18414.25,sell,0.1,,,,
673,229494018,2022-09-19 09:12:05,3,0.1115,0.11162038,69.21,BTC-30DEC22-20000-C,18414.25,sell,0.1,,,,
674,229494019,2022-09-19 09:12:05,3,0.1115,0.11162038,69.21,BTC-30DEC22-20000-C,18414.25,sell,0.1,,,,
675,229494020,2022-09-19 09:12:05,3,0.1115,0.11162038,69.21,BTC-30DEC22-20000-C,18414.25,sell,0.1,,,,
676,229494321,2022-09-19 09:16:03,0,0.112,0.11188201,69.37,BTC-30DEC22-20000-C,18421.4,buy,0.2,,,,
677,229494595,2022-09-19 09:19:35,2,0.1115,0.11141742,69.39,BTC-30DEC22-20000-C,18393.05,sell,0.1,,,,
678,229494596,2022-09-19 09:19:35,3,0.1115,0.11141742,69.39,BTC-30DEC22-20000-C,18393.05,sell,0.1,,,,
679,229494612,2022-09-19 09:19:36,3,0.1115,0.11140746,69.39,BTC-30DEC22-20000-C,18393.05,sell,0.2,,,,
680,229494614,2022-09-19 09:19:36,3,0.1115,0.11140746,69.44,BTC-30DEC22-20000-C,18387.87,sell,0.1,,,,
681,229494618,2022-09-19 09:19:36,3,0.1115,0.11140746,69.44,BTC-30DEC22-20000-C,18387.87,sell,0.1,,,,
682,229494620,2022-09-19 09:19:37,3,0.1115,0.1112951,69.44,BTC-30DEC22-20000-C,18387.87,sell,0.1,,,,
683,229494621,2022-09-19 09:19:37,3,0.1115,0.1112951,69.44,BTC-30DEC22-20000-C,18387.87,sell,0.1,,,,
684,229494622,2022-09-19 09:19:37,3,0.1115,0.1112951,69.44,BTC-30DEC22-20000-C,18387.87,sell,0.2,,,,
685,229494623,2022-09-19 09:19:37,3,0.1115,0.1112951,69.44,BTC-30DEC22-20000-C,18387.87,sell,0.1,,,,
686,229494624,2022-09-19 09:19:37,3,0.1115,0.1112951,69.44,BTC-30DEC22-20000-C,18387.87,sell,0.1,,,,
687,229494625,2022-09-19 09:19:37,3,0.1115,0.1112951,69.44,BTC-30DEC22-20000-C,18387.87,sell,0.1,,,,
688,229494629,2022-09-19 09:19:38,3,0.1115,0.11126414,69.45,BTC-30DEC22-20000-C,18386.59,sell,0.1,,,,
689,229494630,2022-09-19 09:19:38,3,0.1115,0.11126414,69.45,BTC-30DEC22-20000-C,18386.59,sell,0.1,,,,
690,229494631,2022-09-19 09:19:38,3,0.1115,0.11126414,69.45,BTC-30DEC22-20000-C,18386.59,sell,0.1,,,,
691,229494635,2022-09-19 09:19:39,3,0.1115,0.1112581,69.46,BTC-30DEC22-20000-C,18386.46,sell,0.2,,,,
692,229494636,2022-09-19 09:19:39,3,0.1115,0.1112581,69.46,BTC-30DEC22-20000-C,18386.46,sell,0.2,,,,
693,229494637,2022-09-19 09:19:39,3,0.1115,0.1112581,69.46,BTC-30DEC22-20000-C,18386.46,sell,0.1,,,,
694,229494638,2022-09-19 09:19:39,3,0.1115,0.1112581,69.46,BTC-30DEC22-20000-C,18386.46,sell,0.1,,,,
695,229494639,2022-09-19 09:19:39,3,0.1115,0.1112581,69.46,BTC-30DEC22-20000-C,18386.46,sell,0.1,,,,
696,229494640,2022-09-19 09:19:39,3,0.1115,0.1112581,69.46,BTC-30DEC22-20000-C,18386.46,sell,0.1,,,,
697,229494646,2022-09-19 09:19:39,3,0.1115,0.1112581,69.5,BTC-30DEC22-20000-C,18382.65,sell,0.1,,,,
698,229494650,2022-09-19 09:19:41,3,0.1115,0.11113641,69.52,BTC-30DEC22-20000-C,18380.9,sell,0.1,,,,
699,229494651,2022-09-19 09:19:41,3,0.1115,0.11113641,69.52,BTC-30DEC22-20000-C,18380.9,sell,0.1,,,,
700,229494652,2022-09-19 09:19:41,3,0.1115,0.11113641,69.52,BTC-30DEC22-20000-C,18380.9,sell,0.1,,,,
701,229494665,2022-09-19 09:19:43,3,0.1115,0.11114911,69.51,BTC-30DEC22-20000-C,18381.44,sell,19.3,,,,
702,229494671,2022-09-19 09:19:43,3,0.1115,0.11114911,69.51,BTC-30DEC22-20000-C,18381.44,sell,0.1,,,,
703,229494672,2022-09-19 09:19:43,3,0.1115,0.11114911,69.51,BTC-30DEC22-20000-C,18381.44,sell,0.1,,,,
704,229496037,2022-09-19 09:39:52,0,0.112,0.11214601,69.35,BTC-30DEC22-20000-C,18424.16,buy,0.2,,,,
705,229496577,2022-09-19 09:53:23,0,0.1125,0.11267156,69.25,BTC-30DEC22-20000-C,18460.16,buy,0.1,,,,
706,229497356,2022-09-19 10:16:24,0,0.113,0.1128685,69.46,BTC-30DEC22-20000-C,18462.74,buy,0.1,,,,
707,229498705,2022-09-19 10:28:57,0,0.115,0.11493789,69.43,BTC-30DEC22-20000-C,18567.81,buy,0.1,,,,
708,229498716,2022-09-19 10:28:57,1,0.115,0.11493789,69.36,BTC-30DEC22-20000-C,18575.7,buy,0.2,,,,
709,229498751,2022-09-19 10:29:03,1,0.115,0.11511579,69.35,BTC-30DEC22-20000-C,18575.49,buy,0.1,,,,
710,229499205,2022-09-19 10:33:37,0,0.116,0.11602634,69.35,BTC-30DEC22-20000-C,18625.57,buy,0.1,,,,
711,229499361,2022-09-19 10:34:31,1,0.116,0.1161767,69.3,BTC-30DEC22-20000-C,18631.5,buy,0.2,,,,
712,229501051,2022-09-19 10:49:47,0,0.1185,0.11845737,69.39,BTC-30DEC22-20000-C,18739.35,buy,0.1,,,,
713,229504890,2022-09-19 11:30:10,2,0.116,0.11615095,69.2,BTC-30DEC22-20000-C,18631.83,buy,0.2,,,,
714,229504895,2022-09-19 11:30:14,3,0.116,0.11620398,69.17,BTC-30DEC22-20000-C,18633.72,buy,0.2,,,,
715,229504917,2022-09-19 11:30:21,3,0.116,0.11615823,69.19,BTC-30DEC22-20000-C,18630.77,buy,0.2,,,,
716,229504925,2022-09-19 11:30:23,3,0.116,0.1161846,69.16,BTC-30DEC22-20000-C,18633.2,buy,0.2,,,,
717,229504942,2022-09-19 11:30:27,3,0.116,0.11626643,69.13,BTC-30DEC22-20000-C,18636.16,buy,0.2,,,,
718,229504943,2022-09-19 11:30:32,3,0.116,0.11626061,69.14,BTC-30DEC22-20000-C,18636.43,buy,0.2,,,,
719,229504951,2022-09-19 11:30:35,3,0.116,0.11625406,69.14,BTC-30DEC22-20000-C,18636.32,buy,0.2,,,,
720,229505277,2022-09-19 11:34:52,3,0.116,0.11617609,69.06,BTC-30DEC22-20000-C,18646.1,buy,0.1,,,,
721,229505278,2022-09-19 11:34:52,3,0.116,0.11617609,69.06,BTC-30DEC22-20000-C,18646.1,buy,0.1,,,,
722,229505758,2022-09-19 11:50:38,0,0.117,0.11712308,69.06,BTC-30DEC22-20000-C,18690.56,buy,0.1,,,,
723,229505768,2022-09-19 11:50:49,1,0.117,0.11715436,69.04,BTC-30DEC22-20000-C,18692.5,buy,0.1,,,,
724,229505781,2022-09-19 11:51:09,1,0.117,0.11721286,69.01,BTC-30DEC22-20000-C,18696.66,buy,0.2,,,,
725,229505803,2022-09-19 11:51:15,1,0.117,0.11726957,68.98,BTC-30DEC22-20000-C,18700.12,buy,0.2,,,,
726,229505810,2022-09-19 11:51:21,1,0.117,0.11723891,69.0,BTC-30DEC22-20000-C,18698.08,buy,0.2,,,,
727,229505816,2022-09-19 11:51:29,1,0.117,0.11722419,69.0,BTC-30DEC22-20000-C,18698.67,buy,0.1,,,,
728,229505826,2022-09-19 11:51:38,1,0.117,0.1172363,68.99,BTC-30DEC22-20000-C,18699.88,buy,0.2,,,,
729,229505827,2022-09-19 11:51:42,1,0.117,0.1172794,68.97,BTC-30DEC22-20000-C,18702.56,buy,0.2,,,,
730,229505834,2022-09-19 11:51:54,1,0.117,0.11725452,68.98,BTC-30DEC22-20000-C,18703.21,buy,0.2,,,,
731,229505849,2022-09-19 11:52:19,1,0.117,0.11721196,68.99,BTC-30DEC22-20000-C,18701.95,buy,0.1,,,,
732,229505855,2022-09-19 11:52:29,1,0.117,0.11721754,68.98,BTC-30DEC22-20000-C,18702.73,buy,0.2,,,,
733,229505859,2022-09-19 11:52:40,1,0.117,0.11720283,68.99,BTC-30DEC22-20000-C,18701.87,buy,0.1,,,,
734,229505873,2022-09-19 11:53:54,1,0.117,0.11715396,68.99,BTC-30DEC22-20000-C,18700.78,buy,0.1,,,,
735,229505874,2022-09-19 11:53:54,1,0.117,0.11715396,68.99,BTC-30DEC22-20000-C,18700.78,buy,0.1,,,,
736,229505892,2022-09-19 11:54:02,1,0.117,0.11728142,68.93,BTC-30DEC22-20000-C,18708.22,buy,0.2,,,,
737,229506439,2022-09-19 12:08:44,1,0.117,0.11724406,68.83,BTC-30DEC22-20000-C,18718.71,buy,0.1,,,,
738,229506442,2022-09-19 12:08:44,1,0.117,0.11724406,68.83,BTC-30DEC22-20000-C,18718.71,buy,0.1,,,,
739,229506445,2022-09-19 12:08:44,1,0.117,0.11724406,68.83,BTC-30DEC22-20000-C,18718.71,buy,0.2,,,,
740,229506447,2022-09-19 12:08:50,1,0.117,0.11729516,68.8,BTC-30DEC22-20000-C,18722.52,buy,0.1,,,,
741,229506503,2022-09-19 12:09:21,1,0.117,0.11759029,68.65,BTC-30DEC22-20000-C,18736.08,buy,0.2,,,,
742,229506510,2022-09-19 12:09:24,1,0.117,0.11755518,68.66,BTC-30DEC22-20000-C,18735.31,buy,0.2,,,,
743,229506559,2022-09-19 12:09:49,1,0.117,0.11752993,68.66,BTC-30DEC22-20000-C,18737.32,buy,0.2,,,,
744,229506565,2022-09-19 12:09:54,1,0.117,0.11755789,68.65,BTC-30DEC22-20000-C,18738.66,buy,0.2,,,,
745,229506568,2022-09-19 12:09:59,1,0.117,0.11755943,68.64,BTC-30DEC22-20000-C,18739.53,buy,0.2,,,,
746,229506948,2022-09-19 12:11:19,0,0.1175,0.11780976,68.73,BTC-30DEC22-20000-C,18756.44,buy,0.1,,,,
747,229508132,2022-09-19 12:38:07,2,0.116,0.11635893,68.5,BTC-30DEC22-20000-C,18705.02,buy,0.2,,,,
748,229508151,2022-09-19 12:38:31,3,0.116,0.11634977,68.5,BTC-30DEC22-20000-C,18706.26,buy,0.2,,,,
749,229508154,2022-09-19 12:38:36,3,0.116,0.11650837,68.42,BTC-30DEC22-20000-C,18716.02,buy,0.2,,,,
750,229508157,2022-09-19 12:38:43,3,0.116,0.11650312,68.43,BTC-30DEC22-20000-C,18717.99,buy,0.2,,,,
751,229508159,2022-09-19 12:38:47,3,0.116,0.11647672,68.43,BTC-30DEC22-20000-C,18717.38,buy,0.2,,,,
752,229508162,2022-09-19 12:38:52,3,0.116,0.11644742,68.44,BTC-30DEC22-20000-C,18716.42,buy,0.2,,,,
753,229508171,2022-09-19 12:39:07,3,0.116,0.11644459,68.43,BTC-30DEC22-20000-C,18717.52,buy,0.2,,,,
754,229508174,2022-09-19 12:39:14,3,0.116,0.11639392,68.45,BTC-30DEC22-20000-C,18715.38,buy,0.2,,,,
755,229508180,2022-09-19 12:39:24,3,0.116,0.11643801,68.41,BTC-30DEC22-20000-C,18719.03,buy,0.2,,,,
756,229508181,2022-09-19 12:39:27,3,0.116,0.11646202,68.42,BTC-30DEC22-20000-C,18718.84,buy,0.2,,,,
757,229508208,2022-09-19 12:39:37,3,0.116,0.11665065,68.32,BTC-30DEC22-20000-C,18729.74,buy,0.2,,,,
758,229508325,2022-09-19 12:39:49,0,0.1165,0.11677551,68.5,BTC-30DEC22-20000-C,18735.46,buy,0.2,,,,
759,229508330,2022-09-19 12:39:52,1,0.1165,0.1167873,68.49,BTC-30DEC22-20000-C,18735.63,buy,0.2,,,,
760,229508333,2022-09-19 12:39:56,1,0.1165,0.11681022,68.48,BTC-30DEC22-20000-C,18736.03,buy,0.2,,,,
761,229508355,2022-09-19 12:40:01,1,0.1165,0.1168837,68.44,BTC-30DEC22-20000-C,18739.48,buy,0.2,,,,
762,229508376,2022-09-19 12:40:18,1,0.1165,0.11702994,68.37,BTC-30DEC22-20000-C,18747.16,buy,0.1,,,,
763,229511353,2022-09-19 12:58:22,0,0.1185,0.11868199,68.45,BTC-30DEC22-20000-C,18830.19,buy,0.1,,,,
764,229511367,2022-09-19 12:58:27,1,0.1185,0.11888001,68.42,BTC-30DEC22-20000-C,18832.58,buy,0.1,,,,
765,229513057,2022-09-19 13:26:31,2,0.117,0.11698497,68.23,BTC-30DEC22-20000-C,18775.37,buy,0.1,,,,
766,229513064,2022-09-19 13:26:32,3,0.117,0.11704501,68.2,BTC-30DEC22-20000-C,18778.36,buy,0.1,,,,
767,229514607,2022-09-19 13:40:22,0,0.1195,0.11934177,68.47,BTC-30DEC22-20000-C,18877.24,buy,0.2,,,,
768,229514677,2022-09-19 13:40:22,1,0.1195,0.11934177,68.13,BTC-30DEC22-20000-C,18904.96,buy,0.2,,,,
769,229514928,2022-09-19 13:40:25,0,0.12,0.12002252,68.36,BTC-30DEC22-20000-C,18902.52,sell,2.5,,,,
770,229515207,2022-09-19 13:40:44,0,0.1205,0.12047414,68.35,BTC-30DEC22-20000-C,18935.66,buy,0.2,,,,
771,229515765,2022-09-19 13:41:43,0,0.122,0.12199847,68.28,BTC-30DEC22-20000-C,19002.96,buy,0.1,,,,
772,229515876,2022-09-19 13:41:50,1,0.122,0.12179585,68.43,BTC-30DEC22-20000-C,18988.31,buy,0.2,,,,
773,229515887,2022-09-19 13:41:58,1,0.122,0.12194332,68.37,BTC-30DEC22-20000-C,18997.88,buy,0.2,,,,
774,229515889,2022-09-19 13:41:59,1,0.122,0.12201557,68.34,BTC-30DEC22-20000-C,19001.16,buy,0.1,,,,
775,229529730,2022-09-19 14:57:57,0,0.126,0.12657531,67.34,BTC-30DEC22-20000-C,19300.43,buy,0.1,,,,
776,229532074,2022-09-19 15:25:25,2,0.1225,0.12362956,66.98,BTC-30DEC22-20000-C,19167.89,sell,1.0,,,,
777,229534221,2022-09-19 15:41:33,2,0.122,0.12180117,67.42,BTC-30DEC22-20000-C,19095.44,sell,0.5,,,,
778,229534222,2022-09-19 15:41:33,3,0.122,0.12180117,67.42,BTC-30DEC22-20000-C,19095.44,sell,0.4,,,,
779,229534223,2022-09-19 15:41:33,3,0.122,0.12180117,67.42,BTC-30DEC22-20000-C,19095.44,sell,0.3,,,,
780,229534224,2022-09-19 15:41:33,3,0.122,0.12180117,67.42,BTC-30DEC22-20000-C,19095.44,sell,0.2,,,,
781,229534225,2022-09-19 15:41:33,3,0.122,0.12180117,67.42,BTC-30DEC22-20000-C,19095.44,sell,0.2,,,,
782,229534226,2022-09-19 15:41:33,3,0.122,0.12180117,67.42,BTC-30DEC22-20000-C,19095.44,sell,0.1,,,,
783,229534227,2022-09-19 15:41:33,3,0.122,0.12180117,67.42,BTC-30DEC22-20000-C,19095.44,sell,0.1,,,,
784,229534228,2022-09-19 15:41:33,3,0.122,0.12180117,67.42,BTC-30DEC22-20000-C,19095.44,sell,0.1,,,,
785,229534237,2022-09-19 15:41:37,3,0.122,0.12176268,67.44,BTC-30DEC22-20000-C,19092.69,sell,0.2,,,,
786,229534238,2022-09-19 15:41:37,3,0.122,0.12176268,67.47,BTC-30DEC22-20000-C,19089.83,sell,0.1,,,,
787,229534239,2022-09-19 15:41:39,3,0.122,0.12173479,67.46,BTC-30DEC22-20000-C,19090.49,sell,0.1,,,,
788,229534240,2022-09-19 15:41:39,3,0.122,0.12173479,67.46,BTC-30DEC22-20000-C,19090.49,sell,0.1,,,,
789,229534299,2022-09-19 15:41:58,3,0.122,0.12184534,67.41,BTC-30DEC22-20000-C,19094.53,sell,0.1,,,,
790,229548899,2022-09-19 18:30:28,2,0.119,0.11907815,67.55,BTC-30DEC22-20000-C,18939.01,buy,0.1,,,,
791,229549109,2022-09-19 18:31:40,0,0.1195,0.11967288,67.49,BTC-30DEC22-20000-C,18965.91,buy,0.1,,,,
792,229549139,2022-09-19 18:31:42,1,0.1195,0.11967771,67.49,BTC-30DEC22-20000-C,18966.05,buy,0.1,,,,
793,229549145,2022-09-19 18:31:46,1,0.1195,0.11974677,67.46,BTC-30DEC22-20000-C,18968.35,buy,0.1,,,,
794,229549159,2022-09-19 18:31:55,1,0.1195,0.11986403,67.4,BTC-30DEC22-20000-C,18973.84,buy,0.2,,,,
795,229549311,2022-09-19 18:32:48,0,0.12,0.12019661,67.46,BTC-30DEC22-20000-C,18992.6,buy,0.2,,,,
796,229549369,2022-09-19 18:32:50,0,0.1205,0.12049409,67.56,BTC-30DEC22-20000-C,19006.8,buy,0.1,,,,
797,229549370,2022-09-19 18:32:50,1,0.1205,0.12049409,67.56,BTC-30DEC22-20000-C,19006.8,buy,0.1,,,,
798,229589074,2022-09-20 04:29:09,0,0.127,0.12629089,68.03,BTC-30DEC22-20000-C,19280.57,buy,0.1,,,,
799,229589075,2022-09-20 04:29:11,1,0.127,0.12630182,68.02,BTC-30DEC22-20000-C,19281.0,buy,0.1,,,,
800,229589076,2022-09-20 04:29:13,1,0.127,0.12630343,68.02,BTC-30DEC22-20000-C,19281.03,buy,0.1,,,,
801,229589077,2022-09-20 04:29:17,1,0.127,0.12626995,68.06,BTC-30DEC22-20000-C,19277.03,buy,0.1,,,,
802,229589079,2022-09-20 04:29:19,1,0.127,0.12619977,68.07,BTC-30DEC22-20000-C,19275.84,buy,0.1,,,,
803,229589080,2022-09-20 04:29:21,1,0.127,0.12620033,68.07,BTC-30DEC22-20000-C,19276.66,buy,0.1,,,,
804,229589081,2022-09-20 04:29:24,1,0.127,0.1261822,68.08,BTC-30DEC22-20000-C,19275.98,buy,0.1,,,,
805,229589083,2022-09-20 04:29:26,1,0.127,0.12617812,68.08,BTC-30DEC22-20000-C,19275.88,buy,0.1,,,,
806,229589084,2022-09-20 04:29:28,1,0.127,0.12616988,68.08,BTC-30DEC22-20000-C,19275.53,buy,0.1,,,,
807,229589088,2022-09-20 04:29:31,1,0.127,0.1262212,68.06,BTC-30DEC22-20000-C,19277.83,buy,0.1,,,,
808,229593148,2022-09-20 06:33:52,2,0.1265,0.12693348,67.3,BTC-30DEC22-20000-C,19340.22,sell,0.1,,,,
809,229593151,2022-09-20 06:33:52,3,0.1265,0.12693348,67.32,BTC-30DEC22-20000-C,19337.82,sell,0.1,,,,
810,229593153,2022-09-20 06:33:52,3,0.1265,0.12693348,67.32,BTC-30DEC22-20000-C,19337.82,sell,0.1,,,,
811,229593154,2022-09-20 06:33:52,3,0.1265,0.12693348,67.32,BTC-30DEC22-20000-C,19337.82,sell,0.1,,,,
812,229593215,2022-09-20 06:35:00,3,0.1265,0.1269079,67.29,BTC-30DEC22-20000-C,19337.81,sell,0.2,,,,
813,229593216,2022-09-20 06:35:04,3,0.1265,0.1269027,67.3,BTC-30DEC22-20000-C,19337.64,sell,0.1,,,,
814,229593217,2022-09-20 06:35:04,3,0.1265,0.12689387,67.3,BTC-30DEC22-20000-C,19337.25,sell,0.1,,,,
815,229593424,2022-09-20 06:42:10,3,0.1265,0.12685327,67.22,BTC-30DEC22-20000-C,19349.45,sell,0.1,,,,
816,229593439,2022-09-20 06:42:11,3,0.1265,0.12685327,67.22,BTC-30DEC22-20000-C,19349.45,sell,0.1,,,,
817,229593442,2022-09-20 06:42:11,3,0.1265,0.12685327,67.22,BTC-30DEC22-20000-C,19349.45,sell,0.1,,,,
818,229593443,2022-09-20 06:42:11,3,0.1265,0.12685327,67.22,BTC-30DEC22-20000-C,19349.45,sell,0.1,,,,
819,229593444,2022-09-20 06:42:11,3,0.1265,0.12685327,67.22,BTC-30DEC22-20000-C,19349.45,sell,0.1,,,,
820,229593445,2022-09-20 06:42:11,3,0.1265,0.12685327,67.22,BTC-30DEC22-20000-C,19349.45,sell,0.1,,,,
821,229593446,2022-09-20 06:42:11,3,0.1265,0.12685327,67.22,BTC-30DEC22-20000-C,19349.45,sell,0.1,,,,
822,229593448,2022-09-20 06:42:11,3,0.1265,0.12685327,67.22,BTC-30DEC22-20000-C,19349.45,sell,0.1,,,,
823,229593449,2022-09-20 06:42:11,3,0.1265,0.12685327,67.22,BTC-30DEC22-20000-C,19349.45,sell,0.1,,,,
824,229593450,2022-09-20 06:42:11,3,0.1265,0.12685327,67.22,BTC-30DEC22-20000-C,19349.45,sell,0.1,,,,
825,229593451,2022-09-20 06:42:11,3,0.1265,0.12685327,67.22,BTC-30DEC22-20000-C,19349.45,sell,0.2,,,,
826,229593816,2022-09-20 06:51:32,0,0.127,0.12685596,67.3,BTC-30DEC22-20000-C,19365.88,sell,2.9,,,,
827,229593817,2022-09-20 06:51:32,1,0.127,0.12685596,67.3,BTC-30DEC22-20000-C,19365.88,sell,0.1,,,,
828,229593818,2022-09-20 06:51:32,1,0.127,0.12685596,67.3,BTC-30DEC22-20000-C,19365.88,sell,1.3,,,,
829,229593840,2022-09-20 06:51:56,0,0.1275,0.1271437,67.43,BTC-30DEC22-20000-C,19375.51,sell,2.6,,,,
830,229593841,2022-09-20 06:51:56,1,0.1275,0.1271437,67.43,BTC-30DEC22-20000-C,19375.51,sell,0.2,,,,
831,229593842,2022-09-20 06:51:56,1,0.1275,0.1271437,67.43,BTC-30DEC22-20000-C,19375.51,sell,0.2,,,,
832,229593843,2022-09-20 06:51:56,1,0.1275,0.1271437,67.43,BTC-30DEC22-20000-C,19375.51,sell,0.2,,,,
833,229593844,2022-09-20 06:51:56,1,0.1275,0.1271437,67.43,BTC-30DEC22-20000-C,19375.51,sell,0.1,,,,
834,229593845,2022-09-20 06:51:56,1,0.1275,0.1271437,67.43,BTC-30DEC22-20000-C,19375.51,sell,0.1,,,,
835,229593846,2022-09-20 06:51:56,1,0.1275,0.1271437,67.43,BTC-30DEC22-20000-C,19375.51,sell,0.1,,,,
836,229593847,2022-09-20 06:51:56,1,0.1275,0.1271437,67.43,BTC-30DEC22-20000-C,19375.51,sell,0.1,,,,
837,229593858,2022-09-20 06:52:08,0,0.128,0.12727757,67.61,BTC-30DEC22-20000-C,19380.21,buy,2.1,,,,
838,229596762,2022-09-20 07:16:01,0,0.131,0.13121661,67.34,BTC-30DEC22-20000-C,19545.53,sell,0.2,,,,
839,229597113,2022-09-20 07:18:57,1,0.131,0.1308868,67.48,BTC-30DEC22-20000-C,19534.86,sell,0.2,,,,
840,229597553,2022-09-20 07:23:05,0,0.1315,0.13138858,67.44,BTC-30DEC22-20000-C,19560.55,sell,0.1,,,,
841,229609381,2022-09-20 09:25:47,2,0.124,0.12441221,67.1,BTC-30DEC22-20000-C,19244.87,sell,0.2,,,,
842,229609383,2022-09-20 09:25:47,3,0.124,0.12441221,67.17,BTC-30DEC22-20000-C,19237.32,sell,0.2,,,,
843,229609386,2022-09-20 09:25:47,3,0.124,0.12441221,67.17,BTC-30DEC22-20000-C,19237.32,sell,0.1,,,,
844,229609390,2022-09-20 09:25:47,3,0.124,0.12425358,67.17,BTC-30DEC22-20000-C,19237.32,sell,0.3,,,,
845,229609391,2022-09-20 09:25:47,3,0.124,0.12425358,67.17,BTC-30DEC22-20000-C,19237.32,sell,0.2,,,,
846,229610649,2022-09-20 09:47:21,2,0.123,0.12341409,67.07,BTC-30DEC22-20000-C,19184.96,sell,0.1,,,,
847,229610650,2022-09-20 09:47:21,3,0.123,0.12341409,67.07,BTC-30DEC22-20000-C,19184.96,sell,0.9,,,,
848,229617408,2022-09-20 12:00:05,0,0.1235,0.12365882,67.06,BTC-30DEC22-20000-C,19216.24,sell,0.1,,,,
849,229617409,2022-09-20 12:00:05,1,0.1235,0.12365882,67.06,BTC-30DEC22-20000-C,19216.24,sell,0.3,,,,
850,229617410,2022-09-20 12:00:05,1,0.1235,0.12365882,67.06,BTC-30DEC22-20000-C,19216.24,sell,0.2,,,,
851,229617411,2022-09-20 12:00:05,1,0.1235,0.12365882,67.06,BTC-30DEC22-20000-C,19216.24,sell,0.1,,,,
852,229617412,2022-09-20 12:00:05,1,0.1235,0.12365882,67.06,BTC-30DEC22-20000-C,19216.24,sell,0.1,,,,
853,229617443,2022-09-20 12:00:30,1,0.1235,0.1235905,67.07,BTC-30DEC22-20000-C,19214.39,sell,0.2,,,,
854,229617444,2022-09-20 12:00:30,1,0.1235,0.1235905,67.07,BTC-30DEC22-20000-C,19214.39,sell,0.1,,,,
855,229617445,2022-09-20 12:00:31,1,0.1235,0.1235905,67.07,BTC-30DEC22-20000-C,19214.39,sell,0.1,,,,
856,229617446,2022-09-20 12:00:31,1,0.1235,0.1235905,67.07,BTC-30DEC22-20000-C,19214.39,sell,0.1,,,,
857,229617447,2022-09-20 12:00:31,1,0.1235,0.1235905,67.12,BTC-30DEC22-20000-C,19212.24,sell,0.1,,,,
858,229617462,2022-09-20 12:00:41,1,0.1235,0.12349035,67.14,BTC-30DEC22-20000-C,19209.93,sell,0.1,,,,
859,229617463,2022-09-20 12:00:41,1,0.1235,0.12349035,67.14,BTC-30DEC22-20000-C,19209.93,sell,0.2,,,,
860,229617464,2022-09-20 12:00:41,1,0.1235,0.12349035,67.14,BTC-30DEC22-20000-C,19209.93,sell,0.3,,,,
861,229631376,2022-09-20 13:50:41,2,0.1175,0.11744167,67.52,BTC-30DEC22-20000-C,18878.02,sell,25.0,49826,,,
862,229632509,2022-09-20 14:03:42,0,0.1185,0.1182064,67.72,BTC-30DEC22-20000-C,18915.03,sell,0.1,,,,
863,229632510,2022-09-20 14:03:46,1,0.1185,0.11820697,67.72,BTC-30DEC22-20000-C,18915.37,sell,0.1,,,,
864,229632511,2022-09-20 14:03:46,1,0.1185,0.11820697,67.77,BTC-30DEC22-20000-C,18911.3,sell,0.1,,,,
865,229632512,2022-09-20 14:03:47,1,0.1185,0.11814562,67.75,BTC-30DEC22-20000-C,18912.15,sell,0.1,,,,
866,229632513,2022-09-20 14:03:47,1,0.1185,0.11814562,67.75,BTC-30DEC22-20000-C,18912.15,sell,0.1,,,,
867,229632514,2022-09-20 14:03:47,1,0.1185,0.11814562,67.75,BTC-30DEC22-20000-C,18912.15,sell,0.1,,,,
868,229632515,2022-09-20 14:03:47,1,0.1185,0.11814562,67.75,BTC-30DEC22-20000-C,18912.15,sell,0.4,,,,
869,229641010,2022-09-20 16:02:40,0,0.1255,0.12560097,67.5,BTC-30DEC22-20000-C,19275.98,buy,0.1,,,,
870,229642130,2022-09-20 16:14:22,2,0.1223,0.12345596,66.95,BTC-30DEC22-20000-C,19179.31,buy,12.5,49839,BTC-CCAL-30DEC22_30SEP22-20000,,
871,229642783,2022-09-20 16:24:17,2,0.122,0.12193118,67.58,BTC-30DEC22-20000-C,19101.14,sell,2.9,,,,
872,229642784,2022-09-20 16:24:17,3,0.122,0.12193118,67.58,BTC-30DEC22-20000-C,19101.14,sell,0.4,,,,
873,229642788,2022-09-20 16:24:22,3,0.122,0.121952,67.58,BTC-30DEC22-20000-C,19100.55,sell,0.1,,,,
874,229642802,2022-09-20 16:24:38,3,0.122,0.12189324,67.62,BTC-30DEC22-20000-C,19096.81,sell,0.2,,,,
875,229642803,2022-09-20 16:24:38,3,0.122,0.12188117,67.62,BTC-30DEC22-20000-C,19096.81,sell,0.1,,,,
876,229642804,2022-09-20 16:24:38,3,0.122,0.12188117,67.62,BTC-30DEC22-20000-C,19096.81,sell,1.3,,,,
877,229646917,2022-09-20 17:18:58,2,0.119,0.11878919,67.73,BTC-30DEC22-20000-C,18955.86,buy,0.1,,,,
878,229654080,2022-09-20 18:19:00,2,0.117,0.1165505,67.91,BTC-30DEC22-20000-C,18831.86,buy,0.1,,,,
879,229657821,2022-09-20 19:11:36,0,0.1198,0.12009423,67.7,BTC-30DEC22-20000-C,18990.39,buy,20.0,49850,BTC-CCAL-30DEC22_30SEP22-20000,,
880,229673919,2022-09-21 00:26:15,0,0.1205,0.11978188,68.82,BTC-30DEC22-20000-C,18920.82,buy,0.1,,,,
881,229673920,2022-09-21 00:26:17,1,0.1205,0.11978346,68.82,BTC-30DEC22-20000-C,18921.63,buy,0.2,,,,
882,229673921,2022-09-21 00:26:17,1,0.1205,0.11978346,68.82,BTC-30DEC22-20000-C,18921.63,buy,0.1,,,,
883,229673922,2022-09-21 00:26:17,1,0.1205,0.11978346,68.82,BTC-30DEC22-20000-C,18921.63,buy,0.1,,,,
884,229673924,2022-09-21 00:26:20,1,0.1205,0.11981972,68.8,BTC-30DEC22-20000-C,18924.68,buy,0.2,,,,
885,229673925,2022-09-21 00:26:20,1,0.1205,0.11981972,68.8,BTC-30DEC22-20000-C,18924.68,buy,0.2,,,,
886,229673926,2022-09-21 00:26:21,1,0.1205,0.11981972,68.8,BTC-30DEC22-20000-C,18924.68,buy,0.1,,,,
887,229673927,2022-09-21 00:26:22,1,0.1205,0.11983816,68.8,BTC-30DEC22-20000-C,18924.47,buy,0.1,,,,
888,229673928,2022-09-21 00:26:23,1,0.1205,0.1198283,68.81,BTC-30DEC22-20000-C,18923.94,buy,0.1,,,,
889,229673929,2022-09-21 00:26:23,1,0.1205,0.11981259,68.8,BTC-30DEC22-20000-C,18925.19,buy,0.1,,,,
890,229673933,2022-09-21 00:26:25,1,0.1205,0.11981191,68.81,BTC-30DEC22-20000-C,18924.33,buy,0.2,,,,
891,229673934,2022-09-21 00:26:25,1,0.1205,0.11981191,68.81,BTC-30DEC22-20000-C,18924.33,buy,0.1,,,,
892,229673940,2022-09-21 00:26:27,1,0.1205,0.11980143,68.81,BTC-30DEC22-20000-C,18924.13,buy,0.1,,,,
893,229673946,2022-09-21 00:26:29,1,0.1205,0.11980916,68.81,BTC-30DEC22-20000-C,18924.82,buy,0.1,,,,
894,229673947,2022-09-21 00:26:30,1,0.1205,0.11980916,68.8,BTC-30DEC22-20000-C,18925.74,buy,0.1,,,,
895,229673969,2022-09-21 00:26:32,1,0.1205,0.11979766,68.78,BTC-30DEC22-20000-C,18928.89,buy,0.2,,,,
896,229673974,2022-09-21 00:26:32,1,0.1205,0.11979766,68.78,BTC-30DEC22-20000-C,18928.89,buy,0.1,,,,
897,229673975,2022-09-21 00:26:33,1,0.1205,0.11987952,68.78,BTC-30DEC22-20000-C,18928.89,buy,0.1,,,,
898,229673978,2022-09-21 00:26:35,1,0.1205,0.11988654,68.78,BTC-30DEC22-20000-C,18928.41,buy,0.2,,,,
899,229675329,2022-09-21 01:02:20,0,0.122,0.121151,69.37,BTC-30DEC22-20000-C,18941.45,buy,0.1,,,,
900,229675330,2022-09-21 01:02:20,1,0.122,0.1212106,69.37,BTC-30DEC22-20000-C,18941.45,buy,0.1,,,,
901,229682348,2022-09-21 04:59:15,0,0.124,0.12353249,69.84,BTC-30DEC22-20000-C,18993.75,sell,0.1,,,,
902,229694214,2022-09-21 07:44:44,2,0.1225,0.12228725,69.79,BTC-30DEC22-20000-C,18924.21,buy,2.5,,,,
903,229694216,2022-09-21 07:44:47,3,0.1225,0.12231437,69.79,BTC-30DEC22-20000-C,18924.67,buy,2.5,,,,
904,229694280,2022-09-21 07:45:19,3,0.1225,0.12239062,69.75,BTC-30DEC22-20000-C,18929.24,buy,2.5,,,,
905,229694284,2022-09-21 07:45:23,3,0.1225,0.12240435,69.73,BTC-30DEC22-20000-C,18930.62,buy,2.5,,,,
906,229728721,2022-09-21 15:44:23,0,0.1275,0.12738907,68.71,BTC-30DEC22-20000-C,19294.57,sell,0.1,,,,
907,229739723,2022-09-21 17:47:10,0,0.132,0.13256237,68.3,BTC-30DEC22-20000-C,19544.2,sell,0.1,,,,
908,229739725,2022-09-21 17:47:11,1,0.132,0.13256167,68.3,BTC-30DEC22-20000-C,19543.91,sell,0.1,,,,
909,229739738,2022-09-21 17:47:16,1,0.132,0.13295368,68.11,BTC-30DEC22-20000-C,19561.34,sell,0.1,,,,
910,229739970,2022-09-21 17:48:39,2,0.1315,0.13142373,68.68,BTC-30DEC22-20000-C,19482.06,sell,0.5,,,,
911,229739971,2022-09-21 17:48:39,3,0.1315,0.13142373,68.68,BTC-30DEC22-20000-C,19482.06,sell,4.5,,,,
912,229742277,2022-09-21 17:59:55,0,0.1345,0.13244775,69.61,BTC-30DEC22-20000-C,19589.08,buy,0.9,,,,
913,229781808,2022-09-21 18:08:59,2,0.121,0.12138985,68.38,BTC-30DEC22-20000-C,19007.06,sell,0.9,,,,
914,229783173,2022-09-21 18:10:57,3,0.121,0.12097685,68.74,BTC-30DEC22-20000-C,18981.93,sell,0.9,,,,
915,229783782,2022-09-21 18:12:18,2,0.1205,0.12030046,68.81,BTC-30DEC22-20000-C,18945.08,sell,1.0,,,,
916,229787149,2022-09-21 18:21:19,2,0.12,0.11983396,67.97,BTC-30DEC22-20000-C,19009.25,buy,0.1,,,,
917,229787241,2022-09-21 18:21:38,3,0.12,0.11969785,67.96,BTC-30DEC22-20000-C,19014.63,buy,0.2,,,,
918,229787242,2022-09-21 18:21:38,3,0.12,0.11969785,67.96,BTC-30DEC22-20000-C,19014.63,buy,0.2,,,,
919,229787245,2022-09-21 18:21:38,3,0.12,0.11969785,67.96,BTC-30DEC22-20000-C,19014.63,buy,0.1,,,,
920,229787246,2022-09-21 18:21:38,3,0.12,0.11969785,67.96,BTC-30DEC22-20000-C,19014.63,buy,0.2,,,,
921,229787247,2022-09-21 18:21:38,3,0.12,0.11969785,67.96,BTC-30DEC22-20000-C,19014.63,buy,0.1,,,,
922,229787248,2022-09-21 18:21:38,3,0.12,0.11969785,67.96,BTC-30DEC22-20000-C,19014.63,buy,0.1,,,,
923,229792542,2022-09-21 18:34:37,0,0.125,0.12435389,68.19,BTC-30DEC22-20000-C,19223.1,buy,0.2,,,,
924,229792579,2022-09-21 18:34:38,1,0.125,0.12435389,68.19,BTC-30DEC22-20000-C,19223.1,buy,0.1,,,,
925,229792585,2022-09-21 18:34:38,1,0.125,0.12435389,68.19,BTC-30DEC22-20000-C,19223.1,buy,0.2,,,,
926,229792698,2022-09-21 18:34:40,0,0.1255,0.124664,68.14,BTC-30DEC22-20000-C,19249.58,buy,0.3,,,,
927,229803773,2022-09-21 18:52:38,0,0.1315,0.13259418,67.41,BTC-30DEC22-20000-C,19614.1,sell,1.0,,,,
928,229803777,2022-09-21 18:52:40,1,0.1315,0.13271124,67.35,BTC-30DEC22-20000-C,19618.76,sell,2.5,,,,
929,229803778,2022-09-21 18:52:40,1,0.1315,0.13271124,67.35,BTC-30DEC22-20000-C,19618.76,sell,1.8,,,,
930,229803779,2022-09-21 18:52:40,1,0.1315,0.13271124,67.35,BTC-30DEC22-20000-C,19618.76,sell,1.4,,,,
931,229803821,2022-09-21 18:52:45,1,0.1315,0.13257065,67.41,BTC-30DEC22-20000-C,19620.61,sell,1.2,,,,
932,229803847,2022-09-21 18:52:46,0,0.132,0.13257001,67.37,BTC-30DEC22-20000-C,19639.54,sell,1.0,,,,
933,229804016,2022-09-21 18:53:07,2,0.1315,0.13275527,67.31,BTC-30DEC22-20000-C,19622.7,sell,1.0,,,,
934,229827186,2022-09-21 20:34:02,2,0.1185,0.11981015,68.12,BTC-30DEC22-20000-C,18935.94,sell,0.1,,,,
935,229835078,2022-09-21 21:19:27,2,0.115,0.11469576,69.02,BTC-30DEC22-20000-C,18670.61,buy,0.2,,,,
936,229835106,2022-09-21 21:19:35,3,0.115,0.11501224,68.87,BTC-30DEC22-20000-C,18687.58,buy,0.2,,,,
937,229839724,2022-09-21 21:39:48,2,0.1125,0.11286753,69.35,BTC-30DEC22-20000-C,18519.75,sell,0.1,,,,
938,229839800,2022-09-21 21:40:42,2,0.112,0.11244626,69.32,BTC-30DEC22-20000-C,18496.65,sell,0.4,,,,
939,229840057,2022-09-21 21:43:28,0,0.1125,0.11304026,69.3,BTC-30DEC22-20000-C,18525.55,sell,0.1,,,,
940,229840119,2022-09-21 21:43:52,2,0.112,0.11258548,69.28,BTC-30DEC22-20000-C,18500.9,sell,0.1,,,,
941,229840238,2022-09-21 21:44:43,0,0.1125,0.1130667,69.3,BTC-30DEC22-20000-C,18525.01,sell,0.1,,,,
942,229840239,2022-09-21 21:44:43,1,0.1125,0.1130667,69.3,BTC-30DEC22-20000-C,18525.01,sell,0.1,,,,
943,229840302,2022-09-21 21:45:09,2,0.112,0.1126038,69.28,BTC-30DEC22-20000-C,18500.5,sell,0.1,,,,
944,229841058,2022-09-21 21:50:06,2,0.1115,0.11202316,69.34,BTC-30DEC22-20000-C,18470.79,sell,0.2,,,,
945,229841145,2022-09-21 21:51:10,3,0.1115,0.11202695,69.34,BTC-30DEC22-20000-C,18468.23,sell,0.1,,,,
946,229848761,2022-09-21 22:32:58,2,0.1105,0.10948798,69.97,BTC-30DEC22-20000-C,18356.67,buy,0.2,,,,
947,229848762,2022-09-21 22:32:58,3,0.1105,0.10948798,69.97,BTC-30DEC22-20000-C,18356.67,buy,0.8,,,,
948,229850226,2022-09-21 22:53:43,0,0.111,0.11039035,69.45,BTC-30DEC22-20000-C,18437.84,buy,0.2,,,,
949,229850703,2022-09-21 22:56:30,1,0.111,0.11120836,69.27,BTC-30DEC22-20000-C,18460.47,buy,0.2,,,,
950,229868857,2022-09-22 03:48:40,0,0.1145,0.11464752,68.51,BTC-30DEC22-20000-C,18706.34,buy,0.1,,,,
951,229868872,2022-09-22 03:49:13,1,0.1145,0.11451193,68.56,BTC-30DEC22-20000-C,18702.74,buy,0.1,,,,
952,229868873,2022-09-22 03:49:13,1,0.1145,0.11451193,68.56,BTC-30DEC22-20000-C,18702.74,buy,0.1,,,,
953,229868882,2022-09-22 03:49:33,1,0.1145,0.11457929,68.51,BTC-30DEC22-20000-C,18706.74,buy,0.1,,,,
954,229868883,2022-09-22 03:49:33,1,0.1145,0.11457929,68.51,BTC-30DEC22-20000-C,18706.74,buy,0.1,,,,
955,229868884,2022-09-22 03:49:33,1,0.1145,0.11457929,68.51,BTC-30DEC22-20000-C,18706.74,buy,0.1,,,,
956,229868885,2022-09-22 03:49:33,1,0.1145,0.11457929,68.51,BTC-30DEC22-20000-C,18706.74,buy,0.1,,,,
957,229868886,2022-09-22 03:49:33,1,0.1145,0.11457929,68.51,BTC-30DEC22-20000-C,18706.74,buy,0.1,,,,
958,229868947,2022-09-22 03:50:33,1,0.1145,0.11440604,68.58,BTC-30DEC22-20000-C,18700.36,buy,0.1,,,,
959,229868948,2022-09-22 03:50:38,1,0.1145,0.11444933,68.56,BTC-30DEC22-20000-C,18701.89,buy,0.1,,,,
960,229868951,2022-09-22 03:50:39,1,0.1145,0.11444933,68.56,BTC-30DEC22-20000-C,18701.89,buy,0.2,,,,
961,229868952,2022-09-22 03:50:40,1,0.1145,0.11446298,68.55,BTC-30DEC22-20000-C,18702.46,buy,0.2,,,,
962,229868953,2022-09-22 03:50:40,1,0.1145,0.11446298,68.55,BTC-30DEC22-20000-C,18702.46,buy,0.1,,,,
963,229868955,2022-09-22 03:50:41,1,0.1145,0.11446298,68.55,BTC-30DEC22-20000-C,18703.28,buy,0.2,,,,
964,229868956,2022-09-22 03:50:41,1,0.1145,0.11446298,68.55,BTC-30DEC22-20000-C,18703.28,buy,0.1,,,,
965,229868957,2022-09-22 03:50:41,1,0.1145,0.11448019,68.55,BTC-30DEC22-20000-C,18703.28,buy,0.1,,,,
966,229869001,2022-09-22 03:52:47,1,0.1145,0.11433832,68.56,BTC-30DEC22-20000-C,18701.95,buy,0.1,,,,
967,229869002,2022-09-22 03:52:48,1,0.1145,0.11433832,68.56,BTC-30DEC22-20000-C,18701.95,buy,0.1,,,,
968,229869010,2022-09-22 03:53:29,1,0.1145,0.11431098,68.54,BTC-30DEC22-20000-C,18703.37,buy,0.3,,,,
969,229869011,2022-09-22 03:53:29,1,0.1145,0.11431098,68.54,BTC-30DEC22-20000-C,18703.37,buy,0.2,,,,
970,229869014,2022-09-22 03:53:36,1,0.1145,0.11434556,68.55,BTC-30DEC22-20000-C,18703.48,buy,0.1,,,,
971,229869015,2022-09-22 03:53:36,1,0.1145,0.11434556,68.55,BTC-30DEC22-20000-C,18703.48,buy,0.1,,,,
972,229869016,2022-09-22 03:53:36,1,0.1145,0.11434556,68.55,BTC-30DEC22-20000-C,18703.48,buy,0.1,,,,
973,229869020,2022-09-22 03:53:36,1,0.1145,0.11434556,68.55,BTC-30DEC22-20000-C,18703.48,buy,0.2,,,,
974,229869021,2022-09-22 03:53:37,1,0.1145,0.11446812,68.49,BTC-30DEC22-20000-C,18709.15,buy,0.2,,,,
975,229869028,2022-09-22 03:54:08,1,0.1145,0.11437338,68.53,BTC-30DEC22-20000-C,18706.14,buy,0.1,,,,
976,229869038,2022-09-22 03:54:34,1,0.1145,0.11440123,68.5,BTC-30DEC22-20000-C,18706.49,buy,0.2,,,,
977,229869047,2022-09-22 03:54:43,1,0.1145,0.11441807,68.49,BTC-30DEC22-20000-C,18708.37,buy,0.1,,,,
978,229869058,2022-09-22 03:54:43,1,0.1145,0.11442682,68.48,BTC-30DEC22-20000-C,18708.7,buy,0.1,,,,
979,229869059,2022-09-22 03:54:43,1,0.1145,0.11442682,68.48,BTC-30DEC22-20000-C,18708.7,buy,0.1,,,,
980,229869060,2022-09-22 03:54:44,1,0.1145,0.11442682,68.48,BTC-30DEC22-20000-C,18708.7,buy,0.3,,,,
981,229869061,2022-09-22 03:54:44,1,0.1145,0.11442682,68.48,BTC-30DEC22-20000-C,18708.7,buy,0.3,,,,
982,229869062,2022-09-22 03:54:46,1,0.1145,0.11449011,68.45,BTC-30DEC22-20000-C,18711.64,buy,0.1,,,,
