trade_seq,trade_id,timestamp,tick_direction,price,mark_price,iv,instrument_name,index_price,direction,amount,combo_id,block_trade_id,combo_trade_id,liquidation
1,211853750,2022-05-04 01:13:08,1,0.2485,0.24869551,64.0,BTC-30DEC22-35000-C,37914.83,sell,0.1,,,,
2,211853754,2022-05-04 01:13:11,1,0.2485,0.24869911,64.0,BTC-30DEC22-35000-C,37914.85,sell,0.1,,,,
3,211853755,2022-05-04 01:13:11,1,0.2485,0.24869911,64.0,BTC-30DEC22-35000-C,37914.85,sell,0.1,,,,
4,211853756,2022-05-04 01:13:11,1,0.2485,0.24869911,64.0,BTC-30DEC22-35000-C,37914.85,sell,0.1,,,,
5,211853757,2022-05-04 01:13:11,1,0.2485,0.24869911,64.0,BTC-30DEC22-35000-C,37914.85,sell,0.1,,,,
6,211853762,2022-05-04 01:13:27,1,0.2485,0.24871163,64.0,BTC-30DEC22-35000-C,37913.59,sell,0.1,,,,
7,211853763,2022-05-04 01:13:28,1,0.2485,0.24871753,63.99,BTC-30DEC22-35000-C,37914.01,sell,0.1,,,,
8,211853764,2022-05-04 01:13:28,1,0.2485,0.24871753,63.99,BTC-30DEC22-35000-C,37914.01,sell,0.2,,,,
9,211853766,2022-05-04 01:13:28,1,0.2485,0.24871753,63.99,BTC-30DEC22-35000-C,37914.01,sell,0.1,,,,
10,211853767,2022-05-04 01:13:28,1,0.2485,0.24871753,63.99,BTC-30DEC22-35000-C,37914.01,sell,0.1,,,,
11,211857697,2022-05-04 03:48:26,0,0.25,0.24939291,64.03,BTC-30DEC22-35000-C,38051.32,sell,1.0,,,,
12,212109502,2022-05-05 18:05:31,2,0.232,0.23275299,63.41,BTC-30DEC22-35000-C,36713.56,sell,0.1,,,,
13,212109503,2022-05-05 18:05:31,3,0.232,0.23275299,63.41,BTC-30DEC22-35000-C,36713.56,sell,0.1,,,,
14,212109504,2022-05-05 18:05:31,3,0.232,0.23275299,63.41,BTC-30DEC22-35000-C,36713.56,sell,0.1,,,,
15,212113541,2022-05-05 18:23:27,2,0.231,0.23203173,63.32,BTC-30DEC22-35000-C,36649.85,sell,0.2,,,,
16,212113542,2022-05-05 18:23:27,3,0.231,0.23203173,63.32,BTC-30DEC22-35000-C,36649.85,sell,0.2,,,,
17,212135104,2022-05-05 18:55:04,2,0.2275,0.22846376,63.28,BTC-30DEC22-35000-C,36375.91,sell,0.2,,,,
18,212135105,2022-05-05 18:55:04,3,0.2275,0.22846376,63.28,BTC-30DEC22-35000-C,36375.91,sell,0.1,,,,
19,212137688,2022-05-05 19:07:03,2,0.225,0.22590044,63.36,BTC-30DEC22-35000-C,36129.14,sell,0.1,,,,
20,212138352,2022-05-05 19:07:20,2,0.223,0.22465142,63.22,BTC-30DEC22-35000-C,35992.13,sell,0.1,,,,
21,212138364,2022-05-05 19:07:20,3,0.223,0.22465142,63.22,BTC-30DEC22-35000-C,35992.13,sell,0.4,,,,
22,212244284,2022-05-06 10:02:12,0,0.225,0.22559142,62.59,BTC-30DEC22-35000-C,36353.49,buy,0.1,,,,
23,212244285,2022-05-06 10:02:12,1,0.225,0.22559142,62.59,BTC-30DEC22-35000-C,36353.8,buy,0.1,,,,
24,212244398,2022-05-06 10:02:42,2,0.2245,0.22552983,62.43,BTC-30DEC22-35000-C,36335.76,buy,4.1,,,,
25,212244399,2022-05-06 10:02:42,3,0.2245,0.22552983,62.43,BTC-30DEC22-35000-C,36335.76,buy,0.4,,,,
26,212244400,2022-05-06 10:02:43,3,0.2245,0.2255323,62.43,BTC-30DEC22-35000-C,36335.67,buy,0.3,,,,
27,212244589,2022-05-06 10:04:42,3,0.2245,0.22552985,62.41,BTC-30DEC22-35000-C,36327.83,buy,0.6,,,,
28,212244590,2022-05-06 10:04:43,3,0.2245,0.22553044,62.41,BTC-30DEC22-35000-C,36327.78,buy,0.4,,,,
29,212244591,2022-05-06 10:04:43,3,0.2245,0.22553044,62.41,BTC-30DEC22-35000-C,36327.78,buy,0.3,,,,
30,212244592,2022-05-06 10:04:43,3,0.2245,0.22553044,62.41,BTC-30DEC22-35000-C,36327.78,buy,0.1,,,,
31,212244609,2022-05-06 10:04:49,3,0.2245,0.2255263,62.41,BTC-30DEC22-35000-C,36326.85,buy,0.3,,,,
32,212244613,2022-05-06 10:04:49,3,0.2245,0.2255263,62.41,BTC-30DEC22-35000-C,36326.85,buy,0.2,,,,
33,212244614,2022-05-06 10:04:49,3,0.2245,0.2255263,62.41,BTC-30DEC22-35000-C,36326.85,buy,0.2,,,,
34,212244619,2022-05-06 10:04:50,3,0.2245,0.22552704,62.41,BTC-30DEC22-35000-C,36326.84,buy,0.1,,,,
35,212244620,2022-05-06 10:04:50,3,0.2245,0.22552704,62.41,BTC-30DEC22-35000-C,36326.84,buy,0.1,,,,
36,212244623,2022-05-06 10:04:51,3,0.2245,0.22552829,62.41,BTC-30DEC22-35000-C,36326.88,buy,0.1,,,,
37,212244627,2022-05-06 10:04:54,3,0.2245,0.22553174,62.41,BTC-30DEC22-35000-C,36326.88,buy,0.1,,,,
38,212244641,2022-05-06 10:05:07,3,0.2245,0.22553085,62.4,BTC-30DEC22-35000-C,36327.39,buy,0.1,,,,
39,212244642,2022-05-06 10:05:07,3,0.2245,0.22553085,62.4,BTC-30DEC22-35000-C,36327.39,buy,0.1,,,,
40,212244644,2022-05-06 10:05:08,3,0.2245,0.22555024,62.39,BTC-30DEC22-35000-C,36329.19,buy,0.1,,,,
41,212244670,2022-05-06 10:05:43,2,0.224,0.22545799,62.24,BTC-30DEC22-35000-C,36320.38,buy,2.2,,,,
42,212365699,2022-05-06 19:56:36,2,0.221,0.22135945,62.68,BTC-30DEC22-35000-C,36020.76,sell,1.0,,,,
43,212443989,2022-05-07 22:17:43,2,0.21,0.21162942,62.27,BTC-30DEC22-35000-C,35213.01,buy,0.1,,,,
44,212443990,2022-05-07 22:17:45,3,0.21,0.21163331,62.27,BTC-30DEC22-35000-C,35212.58,buy,0.1,,,,
45,212443991,2022-05-07 22:17:46,3,0.21,0.21163036,62.27,BTC-30DEC22-35000-C,35212.42,buy,0.1,,,,
46,212443992,2022-05-07 22:17:48,3,0.21,0.21162993,62.27,BTC-30DEC22-35000-C,35212.2,buy,0.1,,,,
47,212443993,2022-05-07 22:17:49,3,0.21,0.21163415,62.27,BTC-30DEC22-35000-C,35212.5,buy,0.1,,,,
48,212443994,2022-05-07 22:17:50,3,0.21,0.21163699,62.27,BTC-30DEC22-35000-C,35211.9,buy,0.1,,,,
49,212444022,2022-05-07 22:17:52,3,0.21,0.21162984,62.31,BTC-30DEC22-35000-C,35202.95,buy,0.1,,,,
50,212444025,2022-05-07 22:17:54,3,0.21,0.21141623,62.34,BTC-30DEC22-35000-C,35195.74,buy,0.1,,,,
51,212444026,2022-05-07 22:17:56,3,0.21,0.21142661,62.33,BTC-30DEC22-35000-C,35197.78,buy,0.1,,,,
52,212447628,2022-05-07 22:51:39,2,0.208,0.20906755,62.73,BTC-30DEC22-35000-C,34956.82,sell,0.1,,,,
53,212447721,2022-05-07 22:51:40,3,0.208,0.20906755,62.73,BTC-30DEC22-35000-C,34956.82,sell,0.1,,,,
54,212547118,2022-05-08 09:45:01,2,0.2,0.19995824,61.54,BTC-30DEC22-35000-C,34597.79,buy,0.6,,,,
55,212547119,2022-05-08 09:45:01,3,0.2,0.19995824,61.54,BTC-30DEC22-35000-C,34597.79,buy,2.0,,,,
56,212547120,2022-05-08 09:45:01,3,0.2,0.19995824,61.54,BTC-30DEC22-35000-C,34597.79,buy,0.5,,,,
57,212547121,2022-05-08 09:45:01,3,0.2,0.19995824,61.54,BTC-30DEC22-35000-C,34597.79,buy,0.1,,,,
58,212547122,2022-05-08 09:45:01,3,0.2,0.19995824,61.54,BTC-30DEC22-35000-C,34597.79,buy,0.5,,,,
59,212547123,2022-05-08 09:45:01,3,0.2,0.19995824,61.54,BTC-30DEC22-35000-C,34597.79,buy,0.3,,,,
60,212547124,2022-05-08 09:45:01,3,0.2,0.19995824,61.53,BTC-30DEC22-35000-C,34599.53,buy,0.1,,,,
61,212547125,2022-05-08 09:45:02,3,0.2,0.19995824,61.53,BTC-30DEC22-35000-C,34599.53,buy,0.4,,,,
62,212547127,2022-05-08 09:45:02,3,0.2,0.19998003,61.53,BTC-30DEC22-35000-C,34599.53,buy,0.1,,,,
63,212547174,2022-05-08 09:45:53,2,0.1995,0.19983653,61.39,BTC-30DEC22-35000-C,34591.91,buy,1.4,,,,
64,212782023,2022-05-09 13:06:23,2,0.183,0.18367703,62.83,BTC-30DEC22-35000-C,32850.37,buy,8.0,,,,
65,212816278,2022-05-09 14:40:08,0,0.184,0.18075136,64.29,BTC-30DEC22-35000-C,32547.93,buy,0.5,,,,
66,212843657,2022-05-09 16:14:43,2,0.1831,0.18199267,64.42,BTC-30DEC22-35000-C,32445.26,buy,50.0,,38576,,
67,212848825,2022-05-09 16:40:16,2,0.1777,0.17763445,64.19,BTC-30DEC22-35000-C,32068.08,buy,25.0,,38588,,
68,212888559,2022-05-09 17:27:16,2,0.1735,0.17493254,64.31,BTC-30DEC22-35000-C,31691.76,sell,0.3,,,,
69,212961140,2022-05-09 19:48:38,2,0.1705,0.16752274,67.54,BTC-30DEC22-35000-C,30524.43,buy,3.1,,,,
70,212961779,2022-05-09 19:51:04,2,0.17,0.16780992,67.42,BTC-30DEC22-35000-C,30492.79,buy,2.9,,,,
71,212978410,2022-05-09 20:14:32,0,0.182,0.1822814,66.47,BTC-30DEC22-35000-C,31806.77,buy,7.5,,,,
72,213024070,2022-05-09 23:10:51,2,0.1725,0.17378046,66.02,BTC-30DEC22-35000-C,31064.92,sell,1.0,,,,
73,213135336,2022-05-10 06:09:36,0,0.1835,0.18270103,66.62,BTC-30DEC22-35000-C,31959.39,sell,0.1,,,,
74,213282364,2022-05-10 20:40:21,2,0.1692,0.16772401,65.43,BTC-30DEC22-35000-C,31073.19,buy,25.0,,38799,,
75,213290726,2022-05-10 21:39:50,2,0.1645,0.1638295,66.19,BTC-30DEC22-35000-C,30427.31,sell,0.1,,,,
76,213290727,2022-05-10 21:39:50,3,0.1645,0.1638295,66.19,BTC-30DEC22-35000-C,30427.31,sell,0.1,,,,
77,213290728,2022-05-10 21:39:50,3,0.1645,0.1638295,66.19,BTC-30DEC22-35000-C,30427.31,sell,0.1,,,,
78,213290731,2022-05-10 21:39:50,3,0.1645,0.1638295,66.19,BTC-30DEC22-35000-C,30427.31,sell,0.1,,,,
79,213290732,2022-05-10 21:39:50,3,0.1645,0.1638295,66.19,BTC-30DEC22-35000-C,30427.31,sell,0.1,,,,
80,213290733,2022-05-10 21:39:50,3,0.1645,0.1638295,66.19,BTC-30DEC22-35000-C,30427.31,sell,0.1,,,,
81,213290734,2022-05-10 21:39:50,3,0.1645,0.1638295,66.19,BTC-30DEC22-35000-C,30427.31,sell,0.1,,,,
82,213290737,2022-05-10 21:39:50,3,0.1645,0.1638295,66.19,BTC-30DEC22-35000-C,30427.31,sell,0.1,,,,
83,213421102,2022-05-11 10:47:34,0,0.1805,0.18079536,66.15,BTC-30DEC22-35000-C,31821.19,buy,0.1,,,,
84,213513457,2022-05-11 13:34:22,2,0.165,0.1648323,69.78,BTC-30DEC22-35000-C,29528.92,sell,0.2,,,,
85,213523686,2022-05-11 13:45:04,0,0.175,0.1767983,69.12,BTC-30DEC22-35000-C,30549.72,buy,7.5,,,,
86,213552584,2022-05-11 14:09:02,0,0.182,0.18404698,68.26,BTC-30DEC22-35000-C,31388.93,sell,2.9,,,,
87,213552585,2022-05-11 14:09:02,1,0.182,0.18404698,68.26,BTC-30DEC22-35000-C,31388.93,sell,8.0,,,,
88,213663216,2022-05-11 19:29:09,2,0.174,0.17277366,72.14,BTC-30DEC22-35000-C,29659.41,sell,3.3,,,,
89,213733909,2022-05-11 21:48:53,2,0.1725,0.17202443,75.78,BTC-30DEC22-35000-C,28557.7,sell,0.1,,,,
90,213749928,2022-05-11 22:34:28,2,0.168,0.1689514,74.16,BTC-30DEC22-35000-C,28610.11,sell,0.9,,,,
91,213803007,2022-05-12 03:08:45,2,0.1635,0.16429586,72.62,BTC-30DEC22-35000-C,28584.05,sell,0.1,,,,
92,213803011,2022-05-12 03:08:45,3,0.1635,0.16427738,72.62,BTC-30DEC22-35000-C,28584.05,sell,0.1,,,,
93,213855851,2022-05-12 05:04:53,3,0.1635,0.16473037,77.17,BTC-30DEC22-35000-C,27411.88,sell,1.0,,,,
94,214014096,2022-05-12 08:12:38,0,0.1735,0.17406418,78.86,BTC-30DEC22-35000-C,27854.56,buy,2.0,,,,
95,214084251,2022-05-12 11:59:16,0,0.176,0.17392249,78.53,BTC-30DEC22-35000-C,28200.3,sell,1.3,,,,M
96,214084252,2022-05-12 11:59:16,1,0.176,0.17392249,78.53,BTC-30DEC22-35000-C,28200.3,sell,0.9,,,,M
97,214084253,2022-05-12 11:59:16,1,0.176,0.17392249,78.53,BTC-30DEC22-35000-C,28200.3,sell,0.7,,,,M
98,214084254,2022-05-12 11:59:16,1,0.176,0.17392249,78.53,BTC-30DEC22-35000-C,28200.3,sell,0.5,,,,M
99,214084255,2022-05-12 11:59:16,1,0.176,0.17395463,78.53,BTC-30DEC22-35000-C,28200.3,sell,0.4,,,,M
100,214084256,2022-05-12 11:59:16,1,0.176,0.17395463,78.53,BTC-30DEC22-35000-C,28200.3,sell,0.3,,,,M
101,214084257,2022-05-12 11:59:16,1,0.176,0.17395463,78.53,BTC-30DEC22-35000-C,28200.3,sell,0.2,,,,M
102,214084258,2022-05-12 11:59:16,1,0.176,0.17395463,78.53,BTC-30DEC22-35000-C,28200.3,sell,0.2,,,,M
103,214084259,2022-05-12 11:59:16,1,0.176,0.17395463,78.53,BTC-30DEC22-35000-C,28200.3,sell,0.1,,,,M
104,214084260,2022-05-12 11:59:16,1,0.176,0.17395463,78.53,BTC-30DEC22-35000-C,28200.3,sell,0.1,,,,M
105,214084261,2022-05-12 11:59:16,1,0.176,0.17395463,78.53,BTC-30DEC22-35000-C,28200.3,sell,0.1,,,,M
106,214084262,2022-05-12 11:59:16,1,0.176,0.17395463,78.53,BTC-30DEC22-35000-C,28200.3,sell,0.1,,,,M
107,214084263,2022-05-12 11:59:16,1,0.176,0.17395463,78.53,BTC-30DEC22-35000-C,28200.3,sell,0.3,,,,M
108,214084264,2022-05-12 11:59:16,1,0.176,0.17395463,78.53,BTC-30DEC22-35000-C,28200.3,sell,0.2,,,,M
109,214084265,2022-05-12 11:59:16,1,0.176,0.17395463,78.53,BTC-30DEC22-35000-C,28200.3,sell,0.1,,,,M
110,214084266,2022-05-12 11:59:16,1,0.176,0.17395463,78.53,BTC-30DEC22-35000-C,28200.3,sell,0.2,,,,M
111,214084267,2022-05-12 11:59:16,1,0.176,0.17395463,78.53,BTC-30DEC22-35000-C,28200.3,sell,0.3,,,,M
112,214084268,2022-05-12 11:59:16,1,0.176,0.17395463,78.53,BTC-30DEC22-35000-C,28200.3,sell,0.1,,,,M
113,214084269,2022-05-12 11:59:16,1,0.176,0.17395463,78.5,BTC-30DEC22-35000-C,28208.83,sell,0.1,,,,M
114,214084270,2022-05-12 11:59:18,1,0.176,0.17404684,78.51,BTC-30DEC22-35000-C,28206.14,sell,0.1,,,,M
115,214084271,2022-05-12 11:59:18,1,0.176,0.17404684,78.51,BTC-30DEC22-35000-C,28206.14,sell,0.1,,,,M
116,214084272,2022-05-12 11:59:18,1,0.176,0.17404684,78.51,BTC-30DEC22-35000-C,28206.14,sell,0.1,,,,M
117,214084273,2022-05-12 11:59:18,1,0.176,0.17404684,78.51,BTC-30DEC22-35000-C,28206.14,sell,3.5,,,,M
118,214165538,2022-05-12 16:32:49,0,0.182,0.18134125,74.83,BTC-30DEC22-35000-C,29760.63,buy,0.7,,,,
119,214213345,2022-05-12 22:22:50,2,0.165,0.16573899,74.22,BTC-30DEC22-35000-C,28406.12,buy,0.1,,,,
120,214213375,2022-05-12 22:23:09,3,0.165,0.16552475,74.29,BTC-30DEC22-35000-C,28383.02,buy,0.1,,,,
121,214213376,2022-05-12 22:23:09,3,0.165,0.16552475,74.29,BTC-30DEC22-35000-C,28383.02,buy,0.1,,,,
122,214213377,2022-05-12 22:23:09,3,0.165,0.16552475,74.29,BTC-30DEC22-35000-C,28383.02,buy,0.1,,,,
123,214213378,2022-05-12 22:23:11,3,0.165,0.16547299,74.29,BTC-30DEC22-35000-C,28381.82,buy,0.1,,,,
124,214213424,2022-05-12 22:23:35,3,0.165,0.16526217,74.37,BTC-30DEC22-35000-C,28360.41,buy,0.1,,,,
125,214213430,2022-05-12 22:23:35,3,0.165,0.16526217,74.33,BTC-30DEC22-35000-C,28369.73,buy,0.1,,,,
126,214213431,2022-05-12 22:23:35,3,0.165,0.16526217,74.33,BTC-30DEC22-35000-C,28369.73,buy,0.1,,,,
127,214213432,2022-05-12 22:23:35,3,0.165,0.16526217,74.33,BTC-30DEC22-35000-C,28369.73,buy,0.1,,,,
128,214213433,2022-05-12 22:23:35,3,0.165,0.16534931,74.33,BTC-30DEC22-35000-C,28369.73,buy,0.1,,,,
129,214222468,2022-05-12 23:36:27,0,0.1695,0.1715501,73.12,BTC-30DEC22-35000-C,29142.3,sell,0.4,,,,
130,214229084,2022-05-13 00:37:23,2,0.168,0.16819186,72.67,BTC-30DEC22-35000-C,29070.27,buy,2.1,,,,
131,214229092,2022-05-13 00:37:26,0,0.1685,0.1682028,72.81,BTC-30DEC22-35000-C,29071.73,buy,0.7,,,,
132,214280079,2022-05-13 05:35:04,0,0.1795,0.1805709,70.8,BTC-30DEC22-35000-C,30619.21,sell,0.1,,,,
133,214296998,2022-05-13 07:52:26,2,0.1745,0.17517393,70.7,BTC-30DEC22-35000-C,30206.59,buy,1.0,,,,
134,214297075,2022-05-13 07:52:58,3,0.1745,0.17512659,70.72,BTC-30DEC22-35000-C,30210.21,buy,0.1,,,,
135,214304676,2022-05-13 08:50:46,0,0.176,0.17499918,71.11,BTC-30DEC22-35000-C,30209.79,sell,0.9,,,,M
136,214355779,2022-05-13 16:30:43,2,0.166,0.16663723,68.3,BTC-30DEC22-35000-C,30134.15,sell,1.4,,,,
137,214355784,2022-05-13 16:30:43,3,0.166,0.16663723,68.3,BTC-30DEC22-35000-C,30134.15,sell,0.2,,,,
138,214355788,2022-05-13 16:30:43,3,0.166,0.16663723,68.3,BTC-30DEC22-35000-C,30134.15,sell,0.1,,,,
139,214356003,2022-05-13 16:30:45,3,0.166,0.16590436,68.45,BTC-30DEC22-35000-C,30094.22,sell,1.3,,,,
140,214356005,2022-05-13 16:30:45,3,0.166,0.16590436,68.45,BTC-30DEC22-35000-C,30094.22,sell,1.3,,,,
141,214367935,2022-05-13 17:45:04,3,0.166,0.16559708,69.1,BTC-30DEC22-35000-C,29892.99,sell,0.4,,,,
142,214367991,2022-05-13 17:45:12,3,0.166,0.16532739,69.19,BTC-30DEC22-35000-C,29874.76,sell,0.4,,,,
143,214368058,2022-05-13 17:45:36,3,0.166,0.16506638,69.27,BTC-30DEC22-35000-C,29855.78,sell,0.1,,,,
144,214402787,2022-05-13 23:16:26,0,0.169,0.16685561,71.96,BTC-30DEC22-35000-C,29427.92,buy,2.1,,,,
145,214402788,2022-05-13 23:16:27,1,0.169,0.16685561,71.94,BTC-30DEC22-35000-C,29433.65,sell,1.1,,,,
146,214402789,2022-05-13 23:16:27,1,0.169,0.16685561,71.94,BTC-30DEC22-35000-C,29433.65,sell,0.7,,,,
147,214402797,2022-05-13 23:16:33,1,0.169,0.16703603,71.91,BTC-30DEC22-35000-C,29439.82,sell,0.5,,,,
148,214402798,2022-05-13 23:16:33,1,0.169,0.16703603,71.91,BTC-30DEC22-35000-C,29439.82,sell,0.4,,,,
149,214402799,2022-05-13 23:16:33,1,0.169,0.16703603,71.91,BTC-30DEC22-35000-C,29439.82,sell,0.3,,,,
150,214402800,2022-05-13 23:16:33,1,0.169,0.16703603,71.91,BTC-30DEC22-35000-C,29439.82,sell,0.2,,,,
151,214402807,2022-05-13 23:16:33,1,0.169,0.16703603,71.91,BTC-30DEC22-35000-C,29439.82,sell,0.1,,,,
152,214402808,2022-05-13 23:16:34,1,0.169,0.1671437,71.88,BTC-30DEC22-35000-C,29446.91,sell,0.1,,,,
153,214402809,2022-05-13 23:16:34,1,0.169,0.1671437,71.88,BTC-30DEC22-35000-C,29446.91,sell,0.2,,,,
154,214402810,2022-05-13 23:16:34,1,0.169,0.1671437,71.88,BTC-30DEC22-35000-C,29446.91,sell,0.1,,,,
155,214402811,2022-05-13 23:16:34,1,0.169,0.1671437,71.88,BTC-30DEC22-35000-C,29446.91,sell,0.1,,,,
156,214402812,2022-05-13 23:16:34,1,0.169,0.1671437,71.88,BTC-30DEC22-35000-C,29446.91,sell,0.1,,,,
157,214515678,2022-05-15 07:47:47,2,0.1635,0.16552762,68.91,BTC-30DEC22-35000-C,29768.17,sell,0.1,,,,
158,214515682,2022-05-15 07:47:49,3,0.1635,0.16549962,68.91,BTC-30DEC22-35000-C,29766.79,sell,0.1,,,,
159,214515694,2022-05-15 07:47:51,3,0.1635,0.16547495,68.94,BTC-30DEC22-35000-C,29758.95,sell,0.1,,,,
160,214549802,2022-05-15 19:58:51,0,0.174,0.1727962,70.07,BTC-30DEC22-35000-C,30418.78,buy,0.1,,,,
161,214819225,2022-05-18 09:59:06,2,0.16,0.16126848,68.05,BTC-30DEC22-35000-C,29870.15,buy,0.1,,,,
162,214864516,2022-05-18 16:31:01,2,0.1575,0.15826622,70.97,BTC-30DEC22-35000-C,28895.18,buy,0.2,,,,
163,214897844,2022-05-18 21:30:24,0,0.164,0.16313135,71.8,BTC-30DEC22-35000-C,29256.47,sell,1.5,,,,
164,214899916,2022-05-18 21:59:53,2,0.162,0.16143248,71.67,BTC-30DEC22-35000-C,29153.47,buy,0.1,,,,
165,214967067,2022-05-19 07:54:55,2,0.1605,0.16084216,71.21,BTC-30DEC22-35000-C,29116.62,buy,2.3,,,,
166,214967333,2022-05-19 07:58:20,0,0.161,0.16072701,71.31,BTC-30DEC22-35000-C,29160.89,buy,1.4,,,,
167,214967334,2022-05-19 07:58:20,1,0.161,0.16072701,71.31,BTC-30DEC22-35000-C,29160.89,buy,1.5,,,,
168,214992460,2022-05-19 12:09:36,2,0.16,0.15985396,70.06,BTC-30DEC22-35000-C,29412.65,sell,0.1,,,,
169,214992461,2022-05-19 12:09:36,3,0.16,0.15988536,70.06,BTC-30DEC22-35000-C,29414.29,sell,0.1,,,,
170,214992462,2022-05-19 12:09:37,3,0.16,0.15990244,70.06,BTC-30DEC22-35000-C,29414.29,sell,0.1,,,,
171,214992476,2022-05-19 12:09:52,3,0.16,0.15987618,70.09,BTC-30DEC22-35000-C,29407.94,sell,0.1,,,,
172,214992477,2022-05-19 12:09:52,3,0.16,0.15987618,70.09,BTC-30DEC22-35000-C,29407.94,sell,0.1,,,,
173,214992478,2022-05-19 12:09:52,3,0.16,0.15980747,70.09,BTC-30DEC22-35000-C,29407.94,sell,0.1,,,,
174,214992479,2022-05-19 12:09:52,3,0.16,0.15980747,70.09,BTC-30DEC22-35000-C,29407.94,sell,0.1,,,,
175,214992482,2022-05-19 12:09:52,3,0.16,0.15980747,70.09,BTC-30DEC22-35000-C,29407.94,sell,0.1,,,,
176,214992504,2022-05-19 12:10:00,3,0.16,0.15978583,70.1,BTC-30DEC22-35000-C,29400.93,sell,0.1,,,,
177,214992506,2022-05-19 12:10:00,3,0.16,0.15978583,70.1,BTC-30DEC22-35000-C,29400.93,sell,0.1,,,,
178,215016795,2022-05-19 14:51:44,0,0.166,0.16466638,70.8,BTC-30DEC22-35000-C,29706.52,buy,1.0,,,,
179,215018446,2022-05-19 15:03:30,0,0.1675,0.16651518,70.86,BTC-30DEC22-35000-C,29802.77,buy,0.1,,,,
180,215018449,2022-05-19 15:03:30,1,0.1675,0.16651518,70.86,BTC-30DEC22-35000-C,29802.77,buy,0.1,,,,
181,215018450,2022-05-19 15:03:30,1,0.1675,0.16651518,70.86,BTC-30DEC22-35000-C,29802.77,buy,0.2,,,,
182,215018451,2022-05-19 15:03:30,1,0.1675,0.16651518,70.86,BTC-30DEC22-35000-C,29802.77,buy,0.1,,,,
183,215018452,2022-05-19 15:03:30,1,0.1675,0.16651518,70.86,BTC-30DEC22-35000-C,29802.77,buy,0.1,,,,
184,215018453,2022-05-19 15:03:30,1,0.1675,0.16651518,70.86,BTC-30DEC22-35000-C,29802.77,buy,0.1,,,,
185,215020295,2022-05-19 15:17:18,0,0.1695,0.16865,71.04,BTC-30DEC22-35000-C,29906.85,buy,0.1,,,,
186,215020296,2022-05-19 15:17:18,1,0.1695,0.16865,71.04,BTC-30DEC22-35000-C,29906.85,buy,0.1,,,,
187,215020303,2022-05-19 15:17:19,1,0.1695,0.16865898,71.04,BTC-30DEC22-35000-C,29907.81,buy,0.1,,,,
188,215020306,2022-05-19 15:17:19,1,0.1695,0.16865898,71.04,BTC-30DEC22-35000-C,29907.81,buy,0.1,,,,
189,215115194,2022-05-20 08:01:51,0,0.17,0.17063704,70.06,BTC-30DEC22-35000-C,30239.79,buy,1.2,,,,
190,215141919,2022-05-20 13:25:01,0,0.174,0.17371354,71.15,BTC-30DEC22-35000-C,30348.15,buy,0.2,,,,
191,215221497,2022-05-21 02:28:41,2,0.158,0.15872619,70.53,BTC-30DEC22-35000-C,29172.1,buy,0.9,,,,
192,215221498,2022-05-21 02:28:41,0,0.1585,0.15872619,70.69,BTC-30DEC22-35000-C,29172.1,buy,2.3,,,,
193,215222179,2022-05-21 02:53:03,0,0.16,0.16010607,70.97,BTC-30DEC22-35000-C,29187.91,sell,0.1,,,,
194,215222180,2022-05-21 02:53:03,1,0.16,0.16010607,70.97,BTC-30DEC22-35000-C,29187.91,sell,0.1,,,,
195,215222181,2022-05-21 02:53:05,1,0.16,0.16005207,70.98,BTC-30DEC22-35000-C,29182.61,sell,0.1,,,,
196,215222182,2022-05-21 02:53:05,1,0.16,0.16005207,70.98,BTC-30DEC22-35000-C,29182.61,sell,0.1,,,,
197,215234526,2022-05-21 09:28:28,2,0.159,0.16090719,70.4,BTC-30DEC22-35000-C,29247.33,sell,0.1,,,,
198,215234536,2022-05-21 09:28:28,3,0.159,0.16090719,70.4,BTC-30DEC22-35000-C,29247.33,sell,0.1,,,,
199,215234540,2022-05-21 09:28:28,3,0.159,0.16089829,70.4,BTC-30DEC22-35000-C,29247.33,sell,0.1,,,,
200,215236598,2022-05-21 10:03:49,0,0.1595,0.16076854,70.21,BTC-30DEC22-35000-C,29361.48,sell,0.1,,,,
201,215236599,2022-05-21 10:03:49,1,0.1595,0.16076854,70.21,BTC-30DEC22-35000-C,29361.48,sell,0.1,,,,
202,215250700,2022-05-21 13:53:11,0,0.16,0.16061289,70.78,BTC-30DEC22-35000-C,29323.91,sell,0.1,,,,
203,215250701,2022-05-21 13:53:11,1,0.16,0.16061289,70.78,BTC-30DEC22-35000-C,29323.91,sell,0.1,,,,
204,215250702,2022-05-21 13:53:13,1,0.16,0.16055903,70.8,BTC-30DEC22-35000-C,29318.21,sell,0.1,,,,
205,215250703,2022-05-21 13:53:13,1,0.16,0.16055903,70.8,BTC-30DEC22-35000-C,29318.21,sell,0.1,,,,
206,215250704,2022-05-21 13:53:13,1,0.16,0.16055903,70.8,BTC-30DEC22-35000-C,29318.21,sell,0.1,,,,
207,215250711,2022-05-21 13:53:16,1,0.16,0.16055004,70.79,BTC-30DEC22-35000-C,29316.73,sell,0.1,,,,
208,215250712,2022-05-21 13:53:16,1,0.16,0.16055004,70.79,BTC-30DEC22-35000-C,29316.73,sell,0.1,,,,
209,215250713,2022-05-21 13:53:16,1,0.16,0.16055004,70.79,BTC-30DEC22-35000-C,29316.73,sell,0.1,,,,
210,215281221,2022-05-22 08:11:43,0,0.1615,0.16208966,71.11,BTC-30DEC22-35000-C,29408.21,sell,0.3,,,,
211,215281222,2022-05-22 08:11:43,1,0.1615,0.16208966,71.11,BTC-30DEC22-35000-C,29408.21,sell,0.2,,,,
212,215281223,2022-05-22 08:11:43,1,0.1615,0.16208966,71.11,BTC-30DEC22-35000-C,29408.21,sell,0.2,,,,
213,215281224,2022-05-22 08:11:43,1,0.1615,0.16208966,71.11,BTC-30DEC22-35000-C,29408.21,sell,0.1,,,,
214,215281225,2022-05-22 08:11:43,1,0.1615,0.16208966,71.11,BTC-30DEC22-35000-C,29408.21,sell,0.1,,,,
215,215281226,2022-05-22 08:11:43,1,0.1615,0.16208966,71.11,BTC-30DEC22-35000-C,29408.21,sell,0.1,,,,
216,215281227,2022-05-22 08:11:43,1,0.1615,0.16208966,71.11,BTC-30DEC22-35000-C,29408.21,sell,0.1,,,,
217,215281981,2022-05-22 08:22:11,2,0.161,0.16230381,70.93,BTC-30DEC22-35000-C,29412.82,sell,0.1,,,,
218,215281982,2022-05-22 08:22:11,3,0.161,0.16230381,70.93,BTC-30DEC22-35000-C,29412.82,sell,0.1,,,,
219,215281987,2022-05-22 08:22:13,3,0.161,0.16223719,70.95,BTC-30DEC22-35000-C,29406.49,sell,0.1,,,,
220,215281988,2022-05-22 08:22:13,3,0.161,0.16223719,70.96,BTC-30DEC22-35000-C,29405.72,sell,0.1,,,,
221,215281989,2022-05-22 08:22:13,3,0.161,0.16223719,70.96,BTC-30DEC22-35000-C,29405.72,sell,0.1,,,,
222,215281991,2022-05-22 08:22:20,3,0.161,0.16226433,70.95,BTC-30DEC22-35000-C,29405.0,sell,0.1,,,,
223,215281996,2022-05-22 08:22:29,3,0.161,0.16228407,70.94,BTC-30DEC22-35000-C,29403.8,sell,0.1,,,,
224,215281997,2022-05-22 08:22:29,3,0.161,0.16228407,70.94,BTC-30DEC22-35000-C,29403.8,sell,0.1,,,,
225,215281998,2022-05-22 08:22:29,3,0.161,0.16228407,70.94,BTC-30DEC22-35000-C,29403.8,sell,0.1,,,,
226,215282007,2022-05-22 08:23:15,3,0.161,0.16233121,70.93,BTC-30DEC22-35000-C,29403.13,sell,0.1,,,,
227,215282008,2022-05-22 08:23:20,3,0.161,0.16233875,70.93,BTC-30DEC22-35000-C,29403.3,sell,0.1,,,,
228,215282014,2022-05-22 08:23:39,3,0.161,0.16236807,70.93,BTC-30DEC22-35000-C,29403.8,sell,0.1,,,,
229,215282017,2022-05-22 08:23:48,3,0.161,0.16236873,70.93,BTC-30DEC22-35000-C,29403.52,sell,0.1,,,,
230,215282021,2022-05-22 08:23:53,3,0.161,0.16236601,70.93,BTC-30DEC22-35000-C,29403.31,sell,0.1,,,,
231,215282022,2022-05-22 08:23:53,3,0.161,0.16236601,70.93,BTC-30DEC22-35000-C,29403.31,sell,0.1,,,,
232,215282026,2022-05-22 08:23:55,3,0.161,0.1623406,70.94,BTC-30DEC22-35000-C,29400.93,sell,0.1,,,,
233,215282027,2022-05-22 08:23:55,3,0.161,0.1623406,70.94,BTC-30DEC22-35000-C,29400.93,sell,0.1,,,,
234,215282028,2022-05-22 08:23:56,3,0.161,0.16234012,70.94,BTC-30DEC22-35000-C,29400.65,sell,0.1,,,,
235,215282029,2022-05-22 08:23:56,3,0.161,0.16234012,70.94,BTC-30DEC22-35000-C,29400.65,sell,0.1,,,,
236,215314084,2022-05-22 14:56:49,0,0.1655,0.16682804,70.37,BTC-30DEC22-35000-C,29921.4,buy,8.2,,,,
237,215314085,2022-05-22 14:56:49,1,0.1655,0.16682804,70.37,BTC-30DEC22-35000-C,29921.4,buy,0.5,,,,
238,215314086,2022-05-22 14:56:49,1,0.1655,0.16682419,70.37,BTC-30DEC22-35000-C,29921.4,buy,0.3,,,,
239,215314093,2022-05-22 14:56:52,1,0.1655,0.16678731,70.38,BTC-30DEC22-35000-C,29919.81,buy,0.3,,,,
240,215314095,2022-05-22 14:56:52,1,0.1655,0.16678731,70.38,BTC-30DEC22-35000-C,29919.81,buy,0.2,,,,
241,215314096,2022-05-22 14:56:52,1,0.1655,0.16678731,70.38,BTC-30DEC22-35000-C,29919.81,buy,0.2,,,,
242,215314097,2022-05-22 14:56:52,1,0.1655,0.16678731,70.38,BTC-30DEC22-35000-C,29919.81,buy,0.2,,,,
243,215314098,2022-05-22 14:56:52,1,0.1655,0.16678731,70.38,BTC-30DEC22-35000-C,29919.81,buy,0.1,,,,
244,215314105,2022-05-22 14:56:57,2,0.165,0.16677065,70.22,BTC-30DEC22-35000-C,29920.47,buy,13.8,,,,
245,215314106,2022-05-22 14:56:57,3,0.165,0.16677065,70.22,BTC-30DEC22-35000-C,29920.47,buy,0.7,,,,
246,215314107,2022-05-22 14:56:58,3,0.165,0.16677065,70.22,BTC-30DEC22-35000-C,29920.47,buy,1.2,,,,
247,215314108,2022-05-22 14:56:58,3,0.165,0.16676859,70.22,BTC-30DEC22-35000-C,29920.49,buy,0.3,,,,
248,215314109,2022-05-22 14:57:01,3,0.165,0.16675169,70.22,BTC-30DEC22-35000-C,29920.29,buy,0.6,,,,
249,215314113,2022-05-22 14:57:02,3,0.165,0.16674791,70.22,BTC-30DEC22-35000-C,29920.34,buy,0.7,,,,
250,215314114,2022-05-22 14:57:02,3,0.165,0.16674791,70.22,BTC-30DEC22-35000-C,29920.34,buy,0.5,,,,
251,215314115,2022-05-22 14:57:02,3,0.165,0.16674791,70.22,BTC-30DEC22-35000-C,29920.34,buy,0.3,,,,
252,215314116,2022-05-22 14:57:02,3,0.165,0.16674791,70.22,BTC-30DEC22-35000-C,29920.34,buy,0.2,,,,
253,215314117,2022-05-22 14:57:02,3,0.165,0.16674791,70.22,BTC-30DEC22-35000-C,29920.34,buy,0.2,,,,
254,215314120,2022-05-22 14:57:03,3,0.165,0.16674619,70.22,BTC-30DEC22-35000-C,29920.53,buy,0.2,,,,
255,215314121,2022-05-22 14:57:03,3,0.165,0.16674619,70.22,BTC-30DEC22-35000-C,29920.53,buy,0.2,,,,
256,215314126,2022-05-22 14:57:03,3,0.165,0.16674619,70.22,BTC-30DEC22-35000-C,29920.53,buy,0.2,,,,
257,215314128,2022-05-22 14:57:03,3,0.165,0.16674619,70.22,BTC-30DEC22-35000-C,29920.53,buy,0.1,,,,
258,215314134,2022-05-22 14:57:04,3,0.165,0.16674619,70.22,BTC-30DEC22-35000-C,29920.53,buy,0.2,,,,
259,215314136,2022-05-22 14:57:04,3,0.165,0.16674619,70.22,BTC-30DEC22-35000-C,29920.53,buy,0.2,,,,
260,215314140,2022-05-22 14:57:04,3,0.165,0.1667461,70.22,BTC-30DEC22-35000-C,29920.85,buy,0.2,,,,
261,215314141,2022-05-22 14:57:06,3,0.165,0.16674179,70.22,BTC-30DEC22-35000-C,29920.8,buy,0.1,,,,
262,215314142,2022-05-22 14:57:06,3,0.165,0.16674179,70.22,BTC-30DEC22-35000-C,29920.8,buy,0.3,,,,
263,215314143,2022-05-22 14:57:06,3,0.165,0.16674179,70.22,BTC-30DEC22-35000-C,29920.8,buy,0.1,,,,
264,215314144,2022-05-22 14:57:06,3,0.165,0.16674179,70.22,BTC-30DEC22-35000-C,29920.8,buy,0.1,,,,
265,215314145,2022-05-22 14:57:06,3,0.165,0.16674179,70.22,BTC-30DEC22-35000-C,29920.8,buy,0.1,,,,
266,215314146,2022-05-22 14:57:07,3,0.165,0.1667396,70.22,BTC-30DEC22-35000-C,29920.82,buy,0.1,,,,
267,215314147,2022-05-22 14:57:07,3,0.165,0.1667396,70.22,BTC-30DEC22-35000-C,29920.82,buy,0.1,,,,
268,215314148,2022-05-22 14:57:07,3,0.165,0.1667396,70.22,BTC-30DEC22-35000-C,29920.82,buy,0.1,,,,
269,215314157,2022-05-22 14:57:15,3,0.165,0.16673556,70.22,BTC-30DEC22-35000-C,29922.59,buy,0.1,,,,
270,215314158,2022-05-22 14:57:15,3,0.165,0.16673556,70.22,BTC-30DEC22-35000-C,29922.59,buy,0.1,,,,
271,215418215,2022-05-23 18:06:45,2,0.1635,0.1639702,69.44,BTC-30DEC22-35000-C,30073.08,buy,1.0,,,,
272,215438966,2022-05-23 20:05:53,2,0.157,0.15510587,70.87,BTC-30DEC22-35000-C,29139.84,buy,1.1,,,,
273,215438967,2022-05-23 20:05:53,3,0.157,0.15510587,70.87,BTC-30DEC22-35000-C,29139.84,buy,1.4,,,,
274,215462962,2022-05-24 02:23:36,2,0.1525,0.15197284,69.08,BTC-30DEC22-35000-C,29225.34,buy,0.1,,,,
275,215462965,2022-05-24 02:23:36,3,0.1525,0.15197284,69.08,BTC-30DEC22-35000-C,29225.34,buy,0.1,,,,
276,215462968,2022-05-24 02:23:36,3,0.1525,0.15197284,69.08,BTC-30DEC22-35000-C,29225.34,buy,0.1,,,,
277,215462969,2022-05-24 02:23:36,3,0.1525,0.15197284,69.08,BTC-30DEC22-35000-C,29225.34,buy,0.1,,,,
278,215462970,2022-05-24 02:23:36,3,0.1525,0.15197284,69.08,BTC-30DEC22-35000-C,29225.34,buy,0.1,,,,
279,215462971,2022-05-24 02:23:36,3,0.1525,0.15197284,69.08,BTC-30DEC22-35000-C,29225.34,buy,0.1,,,,
280,215462972,2022-05-24 02:23:36,3,0.1525,0.15197284,69.08,BTC-30DEC22-35000-C,29225.34,buy,0.1,,,,
281,215462973,2022-05-24 02:23:36,3,0.1525,0.15197284,69.08,BTC-30DEC22-35000-C,29225.34,buy,0.1,,,,
282,215462983,2022-05-24 02:23:37,3,0.1525,0.15205959,69.06,BTC-30DEC22-35000-C,29233.87,buy,0.1,,,,
283,215463003,2022-05-24 02:23:37,3,0.1525,0.15205959,69.06,BTC-30DEC22-35000-C,29233.87,buy,0.1,,,,
284,215463004,2022-05-24 02:23:37,3,0.1525,0.15205959,69.06,BTC-30DEC22-35000-C,29233.87,buy,0.1,,,,
285,215463005,2022-05-24 02:23:37,3,0.1525,0.15205959,69.06,BTC-30DEC22-35000-C,29233.87,buy,0.1,,,,
286,215463006,2022-05-24 02:23:37,3,0.1525,0.15205959,69.06,BTC-30DEC22-35000-C,29233.87,buy,0.1,,,,
287,215463007,2022-05-24 02:23:37,3,0.1525,0.15205959,69.06,BTC-30DEC22-35000-C,29233.87,buy,0.1,,,,
288,215463008,2022-05-24 02:23:37,3,0.1525,0.15205959,69.06,BTC-30DEC22-35000-C,29233.87,buy,0.1,,,,
289,215463010,2022-05-24 02:23:37,3,0.1525,0.15205959,69.06,BTC-30DEC22-35000-C,29233.87,buy,0.1,,,,
290,215463038,2022-05-24 02:23:38,3,0.1525,0.15216075,69.02,BTC-30DEC22-35000-C,29242.59,buy,0.1,,,,
291,215463039,2022-05-24 02:23:38,3,0.1525,0.15216075,69.02,BTC-30DEC22-35000-C,29242.59,buy,7.1,,,,
292,215463041,2022-05-24 02:23:39,3,0.1525,0.15216075,69.02,BTC-30DEC22-35000-C,29242.59,buy,0.1,,,,
293,215463042,2022-05-24 02:23:39,3,0.1525,0.15216075,69.02,BTC-30DEC22-35000-C,29242.59,buy,0.1,,,,
294,215463043,2022-05-24 02:23:39,3,0.1525,0.15216075,69.02,BTC-30DEC22-35000-C,29242.59,buy,0.1,,,,
295,215463092,2022-05-24 02:24:07,3,0.1525,0.15209275,69.03,BTC-30DEC22-35000-C,29251.71,buy,0.1,,,,
296,215463093,2022-05-24 02:24:08,3,0.1525,0.15209275,69.03,BTC-30DEC22-35000-C,29251.71,buy,0.1,,,,
297,215463094,2022-05-24 02:24:08,3,0.1525,0.15211516,69.03,BTC-30DEC22-35000-C,29253.6,buy,0.1,,,,
298,215464481,2022-05-24 02:37:20,2,0.1515,0.15157307,68.82,BTC-30DEC22-35000-C,29195.63,buy,0.1,,,,
299,215464482,2022-05-24 02:37:22,3,0.1515,0.15156941,68.82,BTC-30DEC22-35000-C,29195.54,buy,0.1,,,,
300,215464483,2022-05-24 02:37:23,3,0.1515,0.15156954,68.82,BTC-30DEC22-35000-C,29195.66,buy,0.1,,,,
301,215464484,2022-05-24 02:37:24,3,0.1515,0.15156954,68.82,BTC-30DEC22-35000-C,29195.71,buy,0.1,,,,
302,215464485,2022-05-24 02:37:24,3,0.1515,0.15156954,68.82,BTC-30DEC22-35000-C,29195.71,buy,0.1,,,,
303,215464486,2022-05-24 02:37:24,3,0.1515,0.15156954,68.82,BTC-30DEC22-35000-C,29195.71,buy,0.1,,,,
304,215464499,2022-05-24 02:37:38,3,0.1515,0.15157921,68.81,BTC-30DEC22-35000-C,29198.74,buy,0.1,,,,
305,215464500,2022-05-24 02:37:38,3,0.1515,0.15157921,68.81,BTC-30DEC22-35000-C,29198.74,buy,0.1,,,,
306,215464501,2022-05-24 02:37:38,3,0.1515,0.15157921,68.81,BTC-30DEC22-35000-C,29198.74,buy,0.1,,,,
307,215464503,2022-05-24 02:37:38,3,0.1515,0.15157921,68.81,BTC-30DEC22-35000-C,29198.74,buy,0.1,,,,
308,215464504,2022-05-24 02:37:38,3,0.1515,0.15157921,68.81,BTC-30DEC22-35000-C,29198.74,buy,0.1,,,,
309,215464505,2022-05-24 02:37:38,3,0.1515,0.15157518,68.81,BTC-30DEC22-35000-C,29198.74,buy,0.1,,,,
310,215464506,2022-05-24 02:37:38,3,0.1515,0.15157518,68.81,BTC-30DEC22-35000-C,29198.74,buy,0.1,,,,
311,215464507,2022-05-24 02:37:38,3,0.1515,0.15157518,68.81,BTC-30DEC22-35000-C,29198.74,buy,0.1,,,,
312,215464508,2022-05-24 02:37:39,3,0.1515,0.15157518,68.78,BTC-30DEC22-35000-C,29206.75,buy,0.1,,,,
313,215464511,2022-05-24 02:37:52,3,0.1515,0.1516923,68.77,BTC-30DEC22-35000-C,29208.79,buy,0.1,,,,
314,215464512,2022-05-24 02:37:52,3,0.1515,0.1516923,68.77,BTC-30DEC22-35000-C,29208.79,buy,0.1,,,,
315,215464513,2022-05-24 02:37:52,3,0.1515,0.1516923,68.77,BTC-30DEC22-35000-C,29208.79,buy,0.1,,,,
316,215464517,2022-05-24 02:37:56,3,0.1515,0.1517084,68.76,BTC-30DEC22-35000-C,29211.07,buy,0.1,,,,
317,215464638,2022-05-24 02:39:44,0,0.152,0.15173887,68.89,BTC-30DEC22-35000-C,29211.09,buy,5.7,,,,
318,215464640,2022-05-24 02:39:52,1,0.152,0.15173811,68.89,BTC-30DEC22-35000-C,29211.16,buy,6.1,,,,
319,215470637,2022-05-24 04:25:11,1,0.152,0.15221326,68.56,BTC-30DEC22-35000-C,29337.33,buy,0.1,,,,
320,215470756,2022-05-24 04:27:11,1,0.152,0.15208889,68.58,BTC-30DEC22-35000-C,29351.26,buy,0.1,,,,
321,215470757,2022-05-24 04:27:11,1,0.152,0.15208889,68.58,BTC-30DEC22-35000-C,29351.26,buy,6.7,,,,
322,215484599,2022-05-24 09:09:13,2,0.1505,0.15013358,68.92,BTC-30DEC22-35000-C,29110.91,sell,0.5,,,,
323,215508349,2022-05-24 14:31:18,3,0.1505,0.14984913,69.3,BTC-30DEC22-35000-C,29003.68,buy,1.1,,,,
324,215508350,2022-05-24 14:31:18,3,0.1505,0.14984913,69.3,BTC-30DEC22-35000-C,29003.68,buy,8.0,,,,
325,215508351,2022-05-24 14:31:18,0,0.151,0.14984913,69.46,BTC-30DEC22-35000-C,29003.68,buy,2.3,,,,
326,215508352,2022-05-24 14:31:18,1,0.151,0.14984913,69.46,BTC-30DEC22-35000-C,29003.68,buy,1.2,,,,
327,215508353,2022-05-24 14:31:18,1,0.151,0.14984913,69.46,BTC-30DEC22-35000-C,29003.68,sell,18.0,,,,
328,215508354,2022-05-24 14:31:18,1,0.151,0.14984913,69.46,BTC-30DEC22-35000-C,29003.68,sell,1.1,,,,
329,215508355,2022-05-24 14:31:18,1,0.151,0.14984913,69.44,BTC-30DEC22-35000-C,29008.86,sell,1.3,,,,
330,215508356,2022-05-24 14:31:18,1,0.151,0.14984913,69.44,BTC-30DEC22-35000-C,29008.86,sell,0.8,,,,
331,215508357,2022-05-24 14:31:18,1,0.151,0.14984913,69.44,BTC-30DEC22-35000-C,29008.86,sell,0.6,,,,
332,215508358,2022-05-24 14:31:18,1,0.151,0.14984913,69.44,BTC-30DEC22-35000-C,29008.86,sell,0.4,,,,
333,215508359,2022-05-24 14:31:18,1,0.151,0.14984913,69.44,BTC-30DEC22-35000-C,29008.86,sell,0.3,,,,
334,215508360,2022-05-24 14:31:18,1,0.151,0.14984913,69.44,BTC-30DEC22-35000-C,29008.86,sell,0.2,,,,
335,215508361,2022-05-24 14:31:18,1,0.151,0.14984913,69.44,BTC-30DEC22-35000-C,29008.86,sell,0.2,,,,
336,215508362,2022-05-24 14:31:18,1,0.151,0.14984913,69.44,BTC-30DEC22-35000-C,29008.86,sell,0.1,,,,
337,215508363,2022-05-24 14:31:18,1,0.151,0.14984913,69.44,BTC-30DEC22-35000-C,29008.86,sell,0.2,,,,
338,215508364,2022-05-24 14:31:18,1,0.151,0.14984913,69.44,BTC-30DEC22-35000-C,29008.86,sell,0.1,,,,
339,215508365,2022-05-24 14:31:18,1,0.151,0.14984913,69.44,BTC-30DEC22-35000-C,29008.86,sell,0.1,,,,
340,215508366,2022-05-24 14:31:19,1,0.151,0.14984913,69.44,BTC-30DEC22-35000-C,29008.86,sell,0.1,,,,
341,215508367,2022-05-24 14:31:19,1,0.151,0.14984913,69.44,BTC-30DEC22-35000-C,29008.86,sell,0.1,,,,
342,215508368,2022-05-24 14:31:19,1,0.151,0.14984913,69.44,BTC-30DEC22-35000-C,29008.86,sell,0.1,,,,
343,215508754,2022-05-24 14:32:15,0,0.152,0.14975188,69.82,BTC-30DEC22-35000-C,29022.54,buy,19.0,,,,
344,215508755,2022-05-24 14:32:15,1,0.152,0.14975188,69.82,BTC-30DEC22-35000-C,29022.54,buy,6.0,,,,
345,215512739,2022-05-24 15:08:53,0,0.153,0.15318673,70.06,BTC-30DEC22-35000-C,29039.13,buy,5.2,,,,
346,215513474,2022-05-24 15:21:07,2,0.152,0.15247611,69.93,BTC-30DEC22-35000-C,28958.91,sell,0.9,,,,
347,215513475,2022-05-24 15:21:07,3,0.152,0.15247611,69.93,BTC-30DEC22-35000-C,28958.91,buy,3.8,,,,
348,215589937,2022-05-25 08:50:40,0,0.16,0.1604324,69.39,BTC-30DEC22-35000-C,29885.21,buy,0.1,,,,
349,215590018,2022-05-25 08:50:42,1,0.16,0.16050232,69.37,BTC-30DEC22-35000-C,29889.8,buy,0.1,,,,
350,215836949,2022-05-27 05:19:52,2,0.147,0.14630966,68.67,BTC-30DEC22-35000-C,28974.08,sell,0.2,,,,
351,215935301,2022-05-27 18:28:05,2,0.137,0.13616712,68.16,BTC-30DEC22-35000-C,28272.82,sell,3.0,,,,
352,215986704,2022-05-28 12:18:37,0,0.1415,0.14132069,67.79,BTC-30DEC22-35000-C,28780.16,sell,5.0,,,,
353,215986811,2022-05-28 12:21:33,0,0.142,0.141449,67.93,BTC-30DEC22-35000-C,28813.05,sell,0.4,,,,
354,215986815,2022-05-28 12:21:36,1,0.142,0.14144114,67.93,BTC-30DEC22-35000-C,28812.91,sell,0.3,,,,
355,215986816,2022-05-28 12:21:36,1,0.142,0.14144114,67.93,BTC-30DEC22-35000-C,28813.02,sell,0.2,,,,
356,215986817,2022-05-28 12:21:36,1,0.142,0.14144114,67.93,BTC-30DEC22-35000-C,28813.02,sell,0.2,,,,
357,215986818,2022-05-28 12:21:36,1,0.142,0.14144114,67.93,BTC-30DEC22-35000-C,28813.02,sell,0.1,,,,
358,215986819,2022-05-28 12:21:36,1,0.142,0.14144114,67.93,BTC-30DEC22-35000-C,28813.02,sell,0.1,,,,
359,215986820,2022-05-28 12:21:36,1,0.142,0.14144114,67.93,BTC-30DEC22-35000-C,28813.02,sell,0.1,,,,
360,215986821,2022-05-28 12:21:36,1,0.142,0.14144114,67.93,BTC-30DEC22-35000-C,28813.02,sell,0.1,,,,
361,215986827,2022-05-28 12:21:39,1,0.142,0.1414408,67.93,BTC-30DEC22-35000-C,28812.99,sell,0.1,,,,
362,215986828,2022-05-28 12:21:39,1,0.142,0.1414408,67.93,BTC-30DEC22-35000-C,28812.99,sell,0.1,,,,
363,215986829,2022-05-28 12:21:39,1,0.142,0.1414408,67.93,BTC-30DEC22-35000-C,28812.99,sell,0.1,,,,
364,215986890,2022-05-28 12:22:04,0,0.1425,0.14159235,68.05,BTC-30DEC22-35000-C,28828.15,sell,1.2,,,,
365,216152855,2022-05-30 13:08:30,0,0.1505,0.15186856,65.01,BTC-30DEC22-35000-C,30429.89,sell,0.1,,,,
366,216152856,2022-05-30 13:08:32,1,0.1505,0.15188007,65.01,BTC-30DEC22-35000-C,30430.04,sell,0.1,,,,
367,216154068,2022-05-30 13:19:25,2,0.15,0.1506322,65.15,BTC-30DEC22-35000-C,30308.55,sell,0.1,,,,
368,216202032,2022-05-30 20:33:38,0,0.157,0.15915873,64.11,BTC-30DEC22-35000-C,31229.56,buy,0.1,,,,
369,216202043,2022-05-30 20:33:40,1,0.157,0.15904113,64.14,BTC-30DEC22-35000-C,31219.29,buy,0.1,,,,
370,216249686,2022-05-31 00:09:20,0,0.165,0.16630874,64.81,BTC-30DEC22-35000-C,31769.58,sell,0.7,,,,
371,216249687,2022-05-31 00:09:20,2,0.164,0.16630874,64.48,BTC-30DEC22-35000-C,31769.58,sell,0.7,,,,
372,216249688,2022-05-31 00:09:20,3,0.164,0.16630874,64.48,BTC-30DEC22-35000-C,31769.58,sell,0.6,,,,
373,216316293,2022-05-31 08:54:21,2,0.1625,0.16163307,63.98,BTC-30DEC22-35000-C,31675.19,buy,1.0,,,,
374,216332451,2022-05-31 11:36:47,2,0.1615,0.16211543,63.35,BTC-30DEC22-35000-C,31804.88,sell,0.8,,,,
375,216454242,2022-06-01 14:35:04,2,0.158,0.15739459,64.43,BTC-30DEC22-35000-C,31248.34,sell,0.1,,,,
376,216496329,2022-06-01 17:31:50,2,0.1475,0.14656754,65.67,BTC-30DEC22-35000-C,30003.34,sell,2.0,,,,
377,216501777,2022-06-01 18:24:12,0,0.149,0.14854698,65.12,BTC-30DEC22-35000-C,30331.38,buy,1.2,,,,
378,216527926,2022-06-01 21:08:16,2,0.1435,0.14314046,65.59,BTC-30DEC22-35000-C,29716.7,buy,30.0,,40520,,
379,216623312,2022-06-02 20:09:51,0,0.1445,0.14440099,63.84,BTC-30DEC22-35000-C,30351.66,buy,1.0,,,,
380,216795968,2022-06-05 11:16:37,2,0.1365,0.13373838,64.7,BTC-30DEC22-35000-C,29576.13,buy,1.0,,,,
381,216795969,2022-06-05 11:16:37,3,0.1365,0.13373838,64.7,BTC-30DEC22-35000-C,29576.13,sell,14.0,,,,
382,216795970,2022-06-05 11:16:37,3,0.1365,0.13373838,64.7,BTC-30DEC22-35000-C,29576.13,sell,0.5,,,,
383,216795971,2022-06-05 11:16:37,3,0.1365,0.13373838,64.7,BTC-30DEC22-35000-C,29576.13,sell,11.0,,,,
384,216795972,2022-06-05 11:16:37,3,0.1365,0.13373838,64.7,BTC-30DEC22-35000-C,29576.13,sell,4.5,,,,
385,217052042,2022-06-07 18:10:07,2,0.135,0.13525005,62.99,BTC-30DEC22-35000-C,29988.87,buy,1.0,,,,
386,217213687,2022-06-08 14:13:30,0,0.1445,0.14534847,63.94,BTC-30DEC22-35000-C,30603.98,sell,2.1,,,,
387,217226560,2022-06-08 17:24:21,2,0.141,0.14129547,63.76,BTC-30DEC22-35000-C,30395.71,buy,1.0,,,,
388,217248325,2022-06-09 02:27:07,2,0.138,0.1373782,63.68,BTC-30DEC22-35000-C,30155.87,buy,0.1,,,,
389,217248329,2022-06-09 02:27:15,3,0.138,0.13737852,63.68,BTC-30DEC22-35000-C,30156.12,buy,0.1,,,,
390,217248336,2022-06-09 02:27:23,3,0.138,0.13733775,63.69,BTC-30DEC22-35000-C,30152.64,buy,0.1,,,,
391,217248340,2022-06-09 02:27:27,3,0.138,0.13734013,63.69,BTC-30DEC22-35000-C,30152.38,buy,0.1,,,,
392,217248609,2022-06-09 02:37:55,2,0.136,0.1372905,63.01,BTC-30DEC22-35000-C,30142.91,sell,0.2,,,,
393,217248611,2022-06-09 02:37:58,3,0.136,0.13729144,63.01,BTC-30DEC22-35000-C,30141.88,sell,0.2,,,,
394,217257006,2022-06-09 07:46:38,0,0.14,0.1401284,63.46,BTC-30DEC22-35000-C,30411.66,buy,0.1,,,,
395,217257023,2022-06-09 07:46:39,1,0.14,0.14014036,63.44,BTC-30DEC22-35000-C,30416.39,buy,0.1,,,,
396,217257024,2022-06-09 07:46:39,1,0.14,0.14014036,63.44,BTC-30DEC22-35000-C,30416.39,buy,0.2,,,,
397,217292590,2022-06-09 15:10:00,2,0.137,0.1365057,63.89,BTC-30DEC22-35000-C,30072.97,buy,0.1,,,,
398,217292605,2022-06-09 15:10:05,3,0.137,0.13648747,63.9,BTC-30DEC22-35000-C,30068.75,buy,0.1,,,,
399,217292621,2022-06-09 15:10:12,3,0.137,0.1364667,63.9,BTC-30DEC22-35000-C,30064.05,buy,0.1,,,,
400,217292637,2022-06-09 15:10:23,3,0.137,0.13653359,63.88,BTC-30DEC22-35000-C,30068.6,buy,0.1,,,,
401,217292808,2022-06-09 15:12:29,2,0.1355,0.13691257,63.25,BTC-30DEC22-35000-C,30095.61,sell,0.2,,,,
402,217292814,2022-06-09 15:12:37,3,0.1355,0.13690274,63.26,BTC-30DEC22-35000-C,30093.51,sell,0.2,,,,
403,217294567,2022-06-09 15:37:19,0,0.137,0.13758854,63.36,BTC-30DEC22-35000-C,30197.29,buy,0.6,,,,
404,217299490,2022-06-09 16:42:27,0,0.138,0.13855611,63.36,BTC-30DEC22-35000-C,30281.69,buy,1.0,,,,
405,217437645,2022-06-10 13:27:19,2,0.1315,0.13132366,64.69,BTC-30DEC22-35000-C,29306.09,sell,0.2,,,,
406,217437707,2022-06-10 13:27:20,3,0.1315,0.13127926,64.79,BTC-30DEC22-35000-C,29305.96,sell,0.8,,,,
407,217460210,2022-06-10 14:35:54,0,0.134,0.13433519,64.66,BTC-30DEC22-35000-C,29559.33,buy,0.5,,,,
408,217462853,2022-06-10 14:48:59,2,0.1333,0.13403558,64.35,BTC-30DEC22-35000-C,29565.86,buy,2.1,,41290,,
409,217503831,2022-06-10 17:55:37,2,0.13,0.1309846,65.03,BTC-30DEC22-35000-C,29092.82,sell,1.0,,,,
410,217503832,2022-06-10 17:55:37,3,0.13,0.1309846,65.03,BTC-30DEC22-35000-C,29092.82,sell,0.7,,,,
411,217598203,2022-06-11 12:47:42,2,0.121,0.12077446,64.01,BTC-30DEC22-35000-C,28584.87,sell,5.0,,,,
412,217709327,2022-06-12 05:14:52,2,0.1065,0.10609155,63.99,BTC-30DEC22-35000-C,27369.54,buy,1.1,,,,
413,217714880,2022-06-12 05:46:31,3,0.1065,0.10585537,63.88,BTC-30DEC22-35000-C,27396.41,buy,0.7,,,,
414,217754836,2022-06-12 14:09:16,2,0.106,0.10614796,64.24,BTC-30DEC22-35000-C,27273.05,sell,1.0,,,,
415,217778371,2022-06-12 15:07:33,0,0.113,0.11152028,64.52,BTC-30DEC22-35000-C,27816.16,sell,1.0,,,,
416,217813747,2022-06-12 19:19:34,2,0.108,0.10788362,63.86,BTC-30DEC22-35000-C,27565.97,sell,3.0,,,,
417,217826849,2022-06-12 21:34:37,2,0.1075,0.10673864,64.32,BTC-30DEC22-35000-C,27386.22,sell,1.0,,,,
418,217919461,2022-06-13 03:02:07,2,0.1,0.09933895,69.87,BTC-30DEC22-35000-C,25262.28,sell,0.2,,,,
419,218017500,2022-06-13 08:08:58,2,0.0945,0.09240599,70.13,BTC-30DEC22-35000-C,24694.01,buy,2.8,,,,
420,218017593,2022-06-13 08:09:24,2,0.094,0.09242779,69.95,BTC-30DEC22-35000-C,24692.99,buy,0.1,,,,
421,218020818,2022-06-13 08:17:58,2,0.093,0.09333026,69.42,BTC-30DEC22-35000-C,24712.64,buy,0.1,,,,
422,218179984,2022-06-13 14:51:09,2,0.083,0.08099455,73.98,BTC-30DEC22-35000-C,22620.63,sell,0.1,,,,
423,218204244,2022-06-13 15:30:26,0,0.0865,0.08505241,73.88,BTC-30DEC22-35000-C,22966.12,buy,0.9,,,,
424,218204245,2022-06-13 15:30:26,1,0.0865,0.08505241,73.88,BTC-30DEC22-35000-C,22966.12,sell,0.1,,,,
425,218205097,2022-06-13 15:33:51,2,0.086,0.08608313,73.35,BTC-30DEC22-35000-C,23056.4,sell,1.0,,,,
426,218598303,2022-06-14 11:58:52,2,0.073,0.07131007,72.64,BTC-30DEC22-35000-C,21976.65,buy,0.8,,,,
427,218598304,2022-06-14 11:58:52,3,0.073,0.07131007,72.64,BTC-30DEC22-35000-C,21976.65,buy,1.2,,,,
428,218738161,2022-06-14 18:31:51,0,0.076,0.07533893,72.58,BTC-30DEC22-35000-C,22362.17,buy,2.2,,,,
429,218826402,2022-06-15 04:16:27,2,0.071,0.07172112,75.85,BTC-30DEC22-35000-C,21071.77,sell,1.4,,,,
430,218847119,2022-06-15 05:37:08,0,0.072,0.07288776,75.96,BTC-30DEC22-35000-C,21127.61,sell,1.5,,,,
431,218875131,2022-06-15 07:50:24,2,0.065,0.06526727,74.86,BTC-30DEC22-35000-C,20655.33,sell,1.0,,,,
432,218892812,2022-06-15 08:28:04,0,0.069,0.06859818,77.36,BTC-30DEC22-35000-C,20468.22,sell,2.0,,,,
433,219022429,2022-06-15 16:22:59,2,0.066,0.06607866,72.97,BTC-30DEC22-35000-C,21288.68,sell,0.1,,,,
434,219034333,2022-06-15 16:57:37,2,0.063,0.06306654,73.87,BTC-30DEC22-35000-C,20705.11,sell,0.4,,,,
435,219455500,2022-06-17 07:17:15,2,0.0595,0.0571419,72.18,BTC-30DEC22-35000-C,20848.9,buy,3.1,,,,
436,219455501,2022-06-17 07:17:15,3,0.0595,0.0571419,72.18,BTC-30DEC22-35000-C,20848.9,buy,1.9,,,,
437,219619006,2022-06-18 06:51:43,2,0.05,0.0490364,72.82,BTC-30DEC22-35000-C,19714.2,sell,1.0,,,,
438,219632239,2022-06-18 06:55:23,0,0.0525,0.04976556,75.79,BTC-30DEC22-35000-C,19252.53,sell,0.5,,,,
439,219823304,2022-06-18 20:48:43,2,0.044,0.04306524,77.94,BTC-30DEC22-35000-C,17634.15,buy,0.1,,,,
440,220021844,2022-06-19 11:29:55,0,0.0515,0.06267154,73.51,BTC-30DEC22-35000-C,19727.0,sell,1.0,,,,
441,220354426,2022-06-21 03:56:57,0,0.052,0.0539261,70.76,BTC-30DEC22-35000-C,20579.72,sell,0.6,,,,
442,220436812,2022-06-21 14:39:55,0,0.06,0.06033166,70.75,BTC-30DEC22-35000-C,21595.05,buy,1.0,,,,
443,220437842,2022-06-21 14:46:36,0,0.0605,0.06053268,70.77,BTC-30DEC22-35000-C,21647.46,buy,1.0,,,,
444,220437843,2022-06-21 14:46:36,1,0.0605,0.06053268,70.77,BTC-30DEC22-35000-C,21647.46,buy,1.6,,,,
445,220437883,2022-06-21 14:46:36,1,0.0605,0.06053268,70.77,BTC-30DEC22-35000-C,21647.46,buy,1.4,,,,
446,220459592,2022-06-21 18:44:21,2,0.0575,0.05796756,71.39,BTC-30DEC22-35000-C,21137.78,buy,0.2,,,,
447,220461105,2022-06-21 19:03:46,3,0.0575,0.05780771,71.5,BTC-30DEC22-35000-C,21104.53,buy,0.2,,,,
448,220591694,2022-06-22 15:42:01,2,0.054,0.05424575,72.88,BTC-30DEC22-35000-C,20406.56,buy,4.3,,,,
449,220591695,2022-06-22 15:42:01,3,0.054,0.05424575,72.88,BTC-30DEC22-35000-C,20406.56,buy,1.3,,,,
450,220591702,2022-06-22 15:42:04,3,0.054,0.05425267,72.88,BTC-30DEC22-35000-C,20408.18,buy,2.1,,,,
451,220591703,2022-06-22 15:42:04,3,0.054,0.05425267,72.88,BTC-30DEC22-35000-C,20408.18,buy,0.1,,,,
452,220591877,2022-06-22 15:43:19,2,0.0535,0.0541386,72.68,BTC-30DEC22-35000-C,20395.34,buy,8.0,,,,
453,220591881,2022-06-22 15:43:20,3,0.0535,0.05415779,72.66,BTC-30DEC22-35000-C,20399.56,buy,2.0,,,,
454,220606620,2022-06-22 16:21:16,2,0.052,0.05302088,72.76,BTC-30DEC22-35000-C,20192.19,sell,8.0,,,,
455,220606621,2022-06-22 16:21:16,2,0.0515,0.05302088,72.53,BTC-30DEC22-35000-C,20192.19,sell,10.0,,,,
456,220606753,2022-06-22 16:22:12,3,0.0515,0.05281238,72.54,BTC-30DEC22-35000-C,20177.14,buy,16.4,,,,
457,220606754,2022-06-22 16:22:12,3,0.0515,0.05281238,72.54,BTC-30DEC22-35000-C,20177.14,buy,1.6,,,,
458,220606894,2022-06-22 16:24:17,2,0.051,0.05249688,72.35,BTC-30DEC22-35000-C,20167.29,sell,8.0,,,,
459,220606895,2022-06-22 16:24:17,3,0.051,0.05249688,72.35,BTC-30DEC22-35000-C,20167.29,sell,1.8,,,,
460,220606896,2022-06-22 16:24:17,3,0.051,0.05249688,72.35,BTC-30DEC22-35000-C,20167.29,sell,2.7,,,,
461,220606897,2022-06-22 16:24:17,3,0.051,0.05249688,72.35,BTC-30DEC22-35000-C,20167.29,buy,5.5,,,,
462,220757172,2022-06-23 17:32:09,0,0.0515,0.05165161,72.33,BTC-30DEC22-35000-C,20271.58,sell,1.0,,,,
463,220772910,2022-06-23 19:37:57,0,0.053,0.05213081,70.96,BTC-30DEC22-35000-C,20800.9,buy,8.0,,,,
464,220774801,2022-06-23 19:48:59,1,0.053,0.05234616,70.85,BTC-30DEC22-35000-C,20821.63,buy,1.6,,,,
465,220774802,2022-06-23 19:48:59,1,0.053,0.05234616,70.85,BTC-30DEC22-35000-C,20821.63,buy,8.0,,,,
466,220792263,2022-06-23 21:59:35,2,0.0515,0.05170148,70.77,BTC-30DEC22-35000-C,20676.69,sell,1.4,,,,
467,220792647,2022-06-23 22:02:13,3,0.0515,0.05242517,70.78,BTC-30DEC22-35000-C,20681.46,sell,2.3,,,,
468,220802107,2022-06-23 22:50:23,0,0.053,0.05383994,69.99,BTC-30DEC22-35000-C,21065.72,sell,2.1,,,,
469,220890859,2022-06-24 13:54:02,0,0.0551,0.05603716,70.0,BTC-30DEC22-35000-C,21295.38,sell,25.0,,43268,,
470,220898150,2022-06-24 15:05:04,2,0.053,0.05438385,69.84,BTC-30DEC22-35000-C,21091.81,sell,15.0,,,,
471,220898151,2022-06-24 15:05:04,3,0.053,0.05438385,69.84,BTC-30DEC22-35000-C,21091.81,sell,5.0,,,,
472,220903049,2022-06-24 15:41:23,2,0.0515,0.05255503,70.14,BTC-30DEC22-35000-C,20863.94,buy,0.3,,,,
473,220925617,2022-06-24 20:43:52,0,0.0565,0.05706263,71.16,BTC-30DEC22-35000-C,21179.75,buy,0.1,,,,
474,221090090,2022-06-27 13:40:50,2,0.054,0.05391773,71.14,BTC-30DEC22-35000-C,20994.21,sell,0.4,,,,
475,221121642,2022-06-27 18:27:52,2,0.051,0.05216437,70.25,BTC-30DEC22-35000-C,20881.37,sell,0.1,,,,
476,221153734,2022-06-28 06:35:25,0,0.054,0.05293803,72.06,BTC-30DEC22-35000-C,20826.87,buy,1.5,,,,
477,221191873,2022-06-28 16:26:36,2,0.053,0.05205978,72.28,BTC-30DEC22-35000-C,20648.74,buy,0.5,,,,
478,221207060,2022-06-28 19:07:09,2,0.049,0.04996206,71.8,BTC-30DEC22-35000-C,20306.03,sell,1.6,,,,
479,221207061,2022-06-28 19:07:09,3,0.049,0.04996206,71.8,BTC-30DEC22-35000-C,20306.03,sell,3.4,,,,
480,221207092,2022-06-28 19:07:46,3,0.049,0.04995762,71.81,BTC-30DEC22-35000-C,20298.6,sell,2.0,,,,
481,221207093,2022-06-28 19:07:46,3,0.049,0.04995762,71.81,BTC-30DEC22-35000-C,20298.6,sell,3.0,,,,
482,221399008,2022-06-30 06:43:33,2,0.048,0.04700285,74.9,BTC-30DEC22-35000-C,19476.59,buy,0.2,,,,
483,221408149,2022-06-30 07:27:18,2,0.0465,0.04760019,74.36,BTC-30DEC22-35000-C,19431.01,sell,1.0,,,,
484,221410806,2022-06-30 07:45:54,3,0.0465,0.04669412,74.53,BTC-30DEC22-35000-C,19370.39,buy,5.0,,,,
485,221410992,2022-06-30 07:47:12,3,0.0465,0.04666706,74.5,BTC-30DEC22-35000-C,19377.15,buy,2.7,,,,
486,221411041,2022-06-30 07:48:00,2,0.046,0.04663769,74.26,BTC-30DEC22-35000-C,19381.87,sell,2.3,,,,
487,221471092,2022-06-30 16:31:26,2,0.0455,0.04500243,74.65,BTC-30DEC22-35000-C,19243.52,buy,1.7,,,,
488,221475232,2022-06-30 17:43:12,2,0.0445,0.04485893,74.64,BTC-30DEC22-35000-C,19115.34,sell,8.0,,,,
489,221502271,2022-06-30 21:13:20,0,0.046,0.04654933,76.37,BTC-30DEC22-35000-C,18898.17,sell,1.7,,,,
490,221604449,2022-07-01 07:44:29,0,0.0485,0.04794933,75.02,BTC-30DEC22-35000-C,19535.99,sell,0.8,,,,
491,221667787,2022-07-01 20:19:35,0,0.0501,0.04728081,75.86,BTC-30DEC22-35000-C,19576.26,buy,100.0,,43852,,
492,221669434,2022-07-01 20:27:05,2,0.0478,0.04725151,74.7,BTC-30DEC22-35000-C,19594.2,buy,100.0,,43853,,
493,221669614,2022-07-01 20:30:38,0,0.0481,0.04705982,74.94,BTC-30DEC22-35000-C,19556.81,buy,100.0,,43854,,
494,221669948,2022-07-01 20:33:48,2,0.0468,0.04681195,74.48,BTC-30DEC22-35000-C,19508.58,buy,100.0,,43855,,
495,221671999,2022-07-01 20:47:28,0,0.047,0.04697714,74.73,BTC-30DEC22-35000-C,19477.26,buy,100.0,,43856,,
496,221733834,2022-07-03 00:02:23,2,0.043,0.04219181,73.83,BTC-30DEC22-35000-C,19220.07,buy,1.4,,,,
497,221799418,2022-07-04 03:51:04,0,0.0435,0.04391196,74.81,BTC-30DEC22-35000-C,19103.71,sell,8.0,,,,
498,221799419,2022-07-04 03:51:04,1,0.0435,0.04391196,74.81,BTC-30DEC22-35000-C,19103.71,buy,2.0,,,,
499,221807055,2022-07-04 09:21:34,0,0.044,0.04340966,74.91,BTC-30DEC22-35000-C,19152.22,buy,2.4,,,,
500,221807056,2022-07-04 09:21:34,1,0.044,0.04340966,74.91,BTC-30DEC22-35000-C,19152.22,sell,3.6,,,,
501,221937927,2022-07-05 04:21:56,0,0.0477,0.04734785,72.6,BTC-30DEC22-35000-C,20199.06,buy,30.0,,43985,,
502,222131000,2022-07-06 09:01:16,2,0.0445,0.04420101,71.32,BTC-30DEC22-35000-C,20159.57,sell,5.4,,,,
503,222132060,2022-07-06 09:14:31,0,0.0455,0.04518931,71.92,BTC-30DEC22-35000-C,20140.37,buy,4.6,,,,
504,222132081,2022-07-06 09:15:03,1,0.0455,0.04522677,71.92,BTC-30DEC22-35000-C,20140.63,buy,2.1,,,,
505,222132082,2022-07-06 09:15:03,1,0.0455,0.04522677,71.92,BTC-30DEC22-35000-C,20140.63,sell,7.9,,,,
506,222210962,2022-07-07 03:39:15,0,0.0472,0.04756755,71.94,BTC-30DEC22-35000-C,20403.91,sell,15.0,,44208,,
507,222211000,2022-07-07 03:39:47,1,0.0472,0.04761916,71.91,BTC-30DEC22-35000-C,20409.95,buy,50.0,,44209,,
508,222211022,2022-07-07 03:41:54,2,0.047,0.04759532,71.81,BTC-30DEC22-35000-C,20414.83,sell,15.0,,44210,,
509,222211086,2022-07-07 03:42:24,3,0.047,0.04766422,71.77,BTC-30DEC22-35000-C,20425.07,sell,15.0,,44211,,
510,222211223,2022-07-07 03:44:56,0,0.0471,0.04785604,71.71,BTC-30DEC22-35000-C,20443.1,sell,15.0,,44212,,
511,222211267,2022-07-07 03:46:03,1,0.0471,0.0479126,71.67,BTC-30DEC22-35000-C,20461.64,buy,150.0,,44213,,
512,222211300,2022-07-07 03:48:03,0,0.0475,0.04778059,71.94,BTC-30DEC22-35000-C,20438.72,buy,150.0,,44214,,
513,222211509,2022-07-07 03:55:58,2,0.0473,0.04791458,71.77,BTC-30DEC22-35000-C,20459.75,sell,25.0,,44215,,
514,222211511,2022-07-07 03:55:58,2,0.0471,0.04791458,71.67,BTC-30DEC22-35000-C,20459.75,sell,25.0,,44216,,
515,222212227,2022-07-07 04:14:21,0,0.048,0.04770108,72.2,BTC-30DEC22-35000-C,20439.52,sell,50.0,,44219,,
516,222212591,2022-07-07 04:27:34,2,0.0466,0.04715565,71.73,BTC-30DEC22-35000-C,20381.36,sell,15.0,,44220,,
517,222215932,2022-07-07 05:54:03,0,0.047,0.04645831,72.34,BTC-30DEC22-35000-C,20286.48,sell,0.2,,,,
518,222220581,2022-07-07 07:59:46,1,0.047,0.04707504,71.8,BTC-30DEC22-35000-C,20422.42,buy,2.5,,,,
519,222234020,2022-07-07 12:08:01,0,0.048,0.04656256,72.22,BTC-30DEC22-35000-C,20462.14,buy,0.1,,,,
520,222234022,2022-07-07 12:08:37,1,0.048,0.04659,72.21,BTC-30DEC22-35000-C,20460.1,buy,0.1,,,,
521,222292192,2022-07-07 20:56:02,0,0.0565,0.05698315,71.99,BTC-30DEC22-35000-C,21571.6,sell,2.2,,,,
522,222317509,2022-07-08 02:39:59,0,0.0592,0.05943851,71.67,BTC-30DEC22-35000-C,21969.58,sell,15.0,,44387,,
523,222317726,2022-07-08 02:41:20,2,0.0588,0.0595145,71.45,BTC-30DEC22-35000-C,21979.07,sell,15.0,,44388,,
524,222317894,2022-07-08 02:43:33,0,0.0597,0.05964937,71.79,BTC-30DEC22-35000-C,21993.98,sell,15.0,,44389,,
525,222319622,2022-07-08 03:21:24,2,0.0589,0.05951966,71.53,BTC-30DEC22-35000-C,21975.39,buy,300.0,,44392,,
526,222321724,2022-07-08 04:02:48,0,0.0602,0.06073441,71.47,BTC-30DEC22-35000-C,22134.43,sell,25.0,,44395,,
527,222339338,2022-07-08 07:54:45,2,0.058,0.05836707,71.85,BTC-30DEC22-35000-C,21803.14,buy,0.1,,,,
528,222341623,2022-07-08 08:15:01,2,0.0576,0.05785385,71.65,BTC-30DEC22-35000-C,21799.86,sell,15.0,,44416,,
529,222341754,2022-07-08 08:17:25,0,0.0585,0.05781209,72.12,BTC-30DEC22-35000-C,21785.3,sell,15.0,,44417,,
530,222341860,2022-07-08 08:18:41,2,0.058,0.05765869,71.98,BTC-30DEC22-35000-C,21767.33,sell,15.0,,44418,,
531,222372457,2022-07-08 13:58:14,2,0.053,0.05392288,71.61,BTC-30DEC22-35000-C,21288.52,buy,0.2,,,,
532,222390415,2022-07-08 15:43:54,0,0.0589,0.05925102,71.54,BTC-30DEC22-35000-C,21987.57,sell,50.0,,44454,,
533,222397376,2022-07-08 17:08:10,2,0.058,0.05679673,72.38,BTC-30DEC22-35000-C,21699.49,buy,1.0,,,,
534,222404957,2022-07-08 19:30:26,2,0.057,0.05732696,71.61,BTC-30DEC22-35000-C,21766.23,buy,2.8,,,,
535,222496321,2022-07-10 03:50:03,2,0.044,0.04515375,67.53,BTC-30DEC22-35000-C,21296.94,sell,0.1,,,,
536,222507010,2022-07-10 10:09:39,0,0.0465,0.04587776,68.71,BTC-30DEC22-35000-C,21324.76,sell,1.4,,,,
537,222662554,2022-07-12 09:07:52,2,0.038,0.03923927,70.85,BTC-30DEC22-35000-C,19766.58,sell,10.0,,,,
538,222662558,2022-07-12 09:07:59,3,0.038,0.03923796,70.85,BTC-30DEC22-35000-C,19767.01,sell,1.6,,,,
539,222662559,2022-07-12 09:07:59,3,0.038,0.03923796,70.85,BTC-30DEC22-35000-C,19767.01,sell,2.0,,,,
540,222662560,2022-07-12 09:07:59,3,0.038,0.03923796,70.85,BTC-30DEC22-35000-C,19767.01,sell,2.3,,,,
541,222662561,2022-07-12 09:07:59,3,0.038,0.03923796,70.85,BTC-30DEC22-35000-C,19767.01,buy,4.1,,,,
542,222688627,2022-07-12 15:40:53,0,0.0408,0.03995672,71.95,BTC-30DEC22-35000-C,19883.19,buy,50.0,,44646,,
543,222688826,2022-07-12 15:43:54,0,0.0409,0.03996934,72.1,BTC-30DEC22-35000-C,19858.37,buy,50.0,,44647,,
544,222691860,2022-07-12 16:38:58,0,0.0415,0.04094441,71.99,BTC-30DEC22-35000-C,19970.94,buy,0.1,,,,
545,222741259,2022-07-13 07:40:56,2,0.04,0.03960299,72.86,BTC-30DEC22-35000-C,19587.71,buy,1.2,,,,
546,222741269,2022-07-13 07:40:56,3,0.04,0.03960299,72.86,BTC-30DEC22-35000-C,19587.71,buy,1.8,,,,
547,222928482,2022-07-14 12:36:39,2,0.0395,0.03942384,72.08,BTC-30DEC22-35000-C,19790.64,sell,0.1,,,,
548,223035838,2022-07-15 09:17:04,0,0.0425,0.04167001,69.33,BTC-30DEC22-35000-C,20930.25,buy,0.8,,,,
549,223035847,2022-07-15 09:17:10,1,0.0425,0.0416525,69.31,BTC-30DEC22-35000-C,20928.96,buy,0.1,,,,
550,223060277,2022-07-15 14:12:36,2,0.0415,0.04216552,68.74,BTC-30DEC22-35000-C,20959.28,sell,0.9,,,,
551,223068696,2022-07-15 16:16:06,2,0.0405,0.04130197,69.02,BTC-30DEC22-35000-C,20753.04,sell,0.4,,,,
552,223164686,2022-07-16 20:29:01,0,0.0445,0.04492061,70.52,BTC-30DEC22-35000-C,20957.53,sell,25.0,,45008,,
553,223168170,2022-07-16 21:12:15,0,0.047,0.04726181,71.13,BTC-30DEC22-35000-C,21117.26,sell,22.0,,,,
554,223169127,2022-07-16 21:36:08,1,0.047,0.04669588,70.58,BTC-30DEC22-35000-C,21252.52,buy,3.0,,,,
555,223215734,2022-07-17 12:58:31,0,0.048,0.04831734,70.77,BTC-30DEC22-35000-C,21377.23,sell,1.7,,,,
556,223215735,2022-07-17 12:58:31,1,0.048,0.04831734,70.77,BTC-30DEC22-35000-C,21377.23,buy,0.3,,,,
557,223341316,2022-07-18 12:33:52,0,0.056,0.05584679,72.03,BTC-30DEC22-35000-C,22081.05,sell,2.0,,,,
558,223351456,2022-07-18 13:52:40,2,0.0555,0.05601661,71.41,BTC-30DEC22-35000-C,22182.73,sell,1.4,,,,
559,223433453,2022-07-18 23:16:07,0,0.056,0.05469302,71.84,BTC-30DEC22-35000-C,22158.82,buy,0.1,,,,
560,223433454,2022-07-18 23:16:07,1,0.056,0.05469302,71.84,BTC-30DEC22-35000-C,22158.82,buy,0.1,,,,
561,223433527,2022-07-18 23:16:28,1,0.056,0.05476068,71.78,BTC-30DEC22-35000-C,22164.48,buy,0.1,,,,
562,223433528,2022-07-18 23:16:28,1,0.056,0.05476068,71.78,BTC-30DEC22-35000-C,22164.48,buy,0.1,,,,
563,223433549,2022-07-18 23:16:29,1,0.056,0.05480297,71.76,BTC-30DEC22-35000-C,22169.46,buy,0.1,,,,
564,223433553,2022-07-18 23:16:29,1,0.056,0.05480297,71.76,BTC-30DEC22-35000-C,22169.46,buy,0.1,,,,
565,223433556,2022-07-18 23:16:29,1,0.056,0.05480297,71.76,BTC-30DEC22-35000-C,22169.46,buy,0.1,,,,
566,223433557,2022-07-18 23:16:29,1,0.056,0.05480297,71.76,BTC-30DEC22-35000-C,22169.46,buy,0.1,,,,
567,223433871,2022-07-18 23:18:14,2,0.0555,0.05479939,71.59,BTC-30DEC22-35000-C,22154.75,buy,0.9,,,,
568,223433872,2022-07-18 23:18:15,3,0.0555,0.05479939,71.59,BTC-30DEC22-35000-C,22154.75,buy,0.2,,,,
569,223434367,2022-07-18 23:21:12,0,0.056,0.05486381,71.85,BTC-30DEC22-35000-C,22151.24,buy,0.1,,,,
570,223434368,2022-07-18 23:21:12,1,0.056,0.05494672,71.81,BTC-30DEC22-35000-C,22160.88,buy,0.1,,,,
571,223434369,2022-07-18 23:21:14,1,0.056,0.05495202,71.81,BTC-30DEC22-35000-C,22161.36,buy,0.2,,,,
572,223434370,2022-07-18 23:21:14,1,0.056,0.05495202,71.81,BTC-30DEC22-35000-C,22161.36,buy,0.1,,,,
573,223434371,2022-07-18 23:21:15,1,0.056,0.05494693,71.81,BTC-30DEC22-35000-C,22160.43,buy,0.1,,,,
574,223434372,2022-07-18 23:21:15,1,0.056,0.05494693,71.81,BTC-30DEC22-35000-C,22160.43,buy,0.2,,,,
575,223434737,2022-07-18 23:22:50,0,0.058,0.05549407,72.61,BTC-30DEC22-35000-C,22195.77,buy,1.5,,,,
576,223446173,2022-07-19 00:03:52,2,0.056,0.05617683,71.09,BTC-30DEC22-35000-C,22336.71,sell,2.1,,,,
577,223460719,2022-07-19 00:37:58,2,0.0545,0.05557085,70.92,BTC-30DEC22-35000-C,22197.35,sell,1.5,,,,
578,223562173,2022-07-19 14:55:07,0,0.0549,0.05532908,69.9,BTC-30DEC22-35000-C,22519.56,sell,25.0,,45169,,
579,223591190,2022-07-19 15:51:42,0,0.0585,0.05878177,70.21,BTC-30DEC22-35000-C,22867.94,buy,0.3,,,,
580,223637940,2022-07-19 18:37:25,0,0.064,0.064845,70.32,BTC-30DEC22-35000-C,23470.52,sell,2.2,,,,
581,223689669,2022-07-20 00:16:52,2,0.0605,0.06106993,69.75,BTC-30DEC22-35000-C,23224.9,sell,0.1,,,,
582,223743827,2022-07-20 08:31:18,2,0.06,0.06064545,68.84,BTC-30DEC22-35000-C,23437.97,sell,1.0,,,,
583,223796008,2022-07-20 14:24:56,0,0.069,0.0676909,70.87,BTC-30DEC22-35000-C,23933.75,sell,0.2,,,,
584,223796374,2022-07-20 14:27:17,0,0.0695,0.06814371,70.98,BTC-30DEC22-35000-C,23965.29,sell,0.2,,,,
585,223796399,2022-07-20 14:27:36,0,0.07,0.06826755,71.15,BTC-30DEC22-35000-C,23976.65,sell,0.1,,,,
586,223812008,2022-07-20 15:49:59,0,0.0745,0.07496487,72.45,BTC-30DEC22-35000-C,24124.59,sell,2.6,,,,
587,223852233,2022-07-20 19:53:44,2,0.069,0.06954743,72.1,BTC-30DEC22-35000-C,23657.97,sell,21.0,,,,
588,223852234,2022-07-20 19:53:44,3,0.069,0.06954743,72.1,BTC-30DEC22-35000-C,23657.97,sell,4.0,,,,
589,223882710,2022-07-20 21:47:57,2,0.0685,0.06957892,71.23,BTC-30DEC22-35000-C,23776.23,sell,1.9,,,,
590,223953260,2022-07-21 08:28:56,2,0.0615,0.06208032,72.36,BTC-30DEC22-35000-C,22842.14,buy,0.3,,,,
591,224031084,2022-07-21 18:42:45,2,0.06,0.06113301,71.44,BTC-30DEC22-35000-C,22881.25,sell,1.0,,,,
592,224077971,2022-07-22 05:53:52,3,0.06,0.06127785,70.58,BTC-30DEC22-35000-C,23117.85,sell,2.0,,,,
593,224079327,2022-07-22 06:11:04,0,0.062,0.06142956,71.32,BTC-30DEC22-35000-C,23157.17,sell,1.0,,,,
594,224280586,2022-07-23 17:43:01,2,0.055,0.05640447,72.82,BTC-30DEC22-35000-C,22053.04,sell,0.2,,,,
595,224280632,2022-07-23 17:43:48,3,0.055,0.05626479,72.89,BTC-30DEC22-35000-C,22038.25,sell,0.2,,,,
596,224280656,2022-07-23 17:44:19,3,0.055,0.05626537,72.89,BTC-30DEC22-35000-C,22040.6,sell,0.1,,,,
597,224290826,2022-07-23 19:25:00,3,0.055,0.05615975,72.64,BTC-30DEC22-35000-C,22103.52,sell,21.0,,,,
598,224375972,2022-07-24 17:20:38,0,0.0585,0.0565635,71.5,BTC-30DEC22-35000-C,22828.86,buy,0.3,,,,
599,224388226,2022-07-24 22:19:09,0,0.0589,0.06225125,71.63,BTC-30DEC22-35000-C,22846.6,buy,25.0,,45580,,
600,224436227,2022-07-25 07:36:50,2,0.0525,0.05290178,72.41,BTC-30DEC22-35000-C,21950.18,buy,0.1,,,,
601,224436235,2022-07-25 07:37:05,3,0.0525,0.05288763,72.42,BTC-30DEC22-35000-C,21951.75,buy,0.1,,,,
602,224436787,2022-07-25 07:52:04,3,0.0525,0.05248399,72.31,BTC-30DEC22-35000-C,21977.43,buy,0.1,,,,
603,224436797,2022-07-25 07:52:22,3,0.0525,0.05245625,72.32,BTC-30DEC22-35000-C,21974.2,buy,0.1,,,,
604,224436811,2022-07-25 07:52:59,3,0.0525,0.05243687,72.33,BTC-30DEC22-35000-C,21972.23,buy,0.1,,,,
605,224439218,2022-07-25 08:30:33,2,0.0515,0.05143015,72.15,BTC-30DEC22-35000-C,21887.92,buy,0.1,,,,
606,224439219,2022-07-25 08:30:33,3,0.0515,0.05143015,72.15,BTC-30DEC22-35000-C,21887.92,buy,0.1,,,,
607,224439220,2022-07-25 08:30:35,3,0.0515,0.05142696,72.15,BTC-30DEC22-35000-C,21887.63,buy,0.1,,,,
608,224439221,2022-07-25 08:30:35,3,0.0515,0.05142696,72.15,BTC-30DEC22-35000-C,21887.63,buy,0.1,,,,
609,224439222,2022-07-25 08:30:44,3,0.0515,0.05143105,72.15,BTC-30DEC22-35000-C,21888.54,buy,0.1,,,,
610,224439223,2022-07-25 08:30:48,3,0.0515,0.05142456,72.15,BTC-30DEC22-35000-C,21887.99,buy,0.1,,,,
611,224439229,2022-07-25 08:30:50,3,0.0515,0.051429,72.15,BTC-30DEC22-35000-C,21888.7,buy,0.1,,,,
612,224439230,2022-07-25 08:30:50,3,0.0515,0.051429,72.15,BTC-30DEC22-35000-C,21888.7,buy,0.1,,,,
613,224439463,2022-07-25 08:36:50,3,0.0515,0.05146889,72.06,BTC-30DEC22-35000-C,21911.92,buy,0.2,,,,
614,224439464,2022-07-25 08:36:50,3,0.0515,0.05146889,72.06,BTC-30DEC22-35000-C,21911.92,buy,0.2,,,,
615,224439465,2022-07-25 08:36:50,3,0.0515,0.05146889,72.06,BTC-30DEC22-35000-C,21911.92,buy,0.1,,,,
616,224439468,2022-07-25 08:36:51,3,0.0515,0.05146768,72.05,BTC-30DEC22-35000-C,21915.17,buy,0.1,,,,
617,224439473,2022-07-25 08:36:51,3,0.0515,0.05146768,72.05,BTC-30DEC22-35000-C,21915.17,buy,0.2,,,,
618,224439474,2022-07-25 08:36:51,3,0.0515,0.05149274,72.05,BTC-30DEC22-35000-C,21915.17,buy,0.1,,,,
619,224439475,2022-07-25 08:36:52,3,0.0515,0.05149274,72.04,BTC-30DEC22-35000-C,21916.61,buy,0.1,,,,
620,224439476,2022-07-25 08:36:53,3,0.0515,0.0515014,72.04,BTC-30DEC22-35000-C,21916.61,buy,0.1,,,,
621,224439485,2022-07-25 08:36:56,3,0.0515,0.05149984,72.04,BTC-30DEC22-35000-C,21917.72,buy,0.1,,,,
622,224439998,2022-07-25 08:39:36,0,0.052,0.05209161,71.97,BTC-30DEC22-35000-C,21991.04,buy,0.1,,,,
623,224440001,2022-07-25 08:39:36,1,0.052,0.05209161,71.97,BTC-30DEC22-35000-C,21991.04,buy,0.1,,,,
624,224440002,2022-07-25 08:39:36,1,0.052,0.05209161,71.97,BTC-30DEC22-35000-C,21991.04,buy,0.1,,,,
625,224440003,2022-07-25 08:39:36,1,0.052,0.05209161,71.97,BTC-30DEC22-35000-C,21991.04,buy,0.1,,,,
626,224440006,2022-07-25 08:39:37,1,0.052,0.0521018,71.97,BTC-30DEC22-35000-C,21992.28,buy,0.1,,,,
627,224440010,2022-07-25 08:39:39,1,0.052,0.05211695,71.95,BTC-30DEC22-35000-C,21997.44,buy,0.1,,,,
628,224440011,2022-07-25 08:39:39,1,0.052,0.05211695,71.95,BTC-30DEC22-35000-C,21997.44,buy,0.1,,,,
629,224440022,2022-07-25 08:39:45,1,0.052,0.05214155,71.96,BTC-30DEC22-35000-C,21998.26,buy,0.1,,,,
630,224440038,2022-07-25 08:39:46,1,0.052,0.05213718,71.96,BTC-30DEC22-35000-C,21999.65,buy,0.1,,,,
631,224440253,2022-07-25 08:42:25,1,0.052,0.05210865,71.92,BTC-30DEC22-35000-C,22006.52,buy,0.1,,,,
632,224440695,2022-07-25 08:46:01,0,0.0525,0.0525755,71.97,BTC-30DEC22-35000-C,22053.06,buy,0.7,,,,
633,224441324,2022-07-25 08:50:51,1,0.0525,0.05256219,71.94,BTC-30DEC22-35000-C,22060.25,buy,0.5,,,,
634,224441399,2022-07-25 08:51:22,0,0.053,0.05262518,72.16,BTC-30DEC22-35000-C,22070.88,buy,25.0,,45606,,
635,224446862,2022-07-25 10:45:23,1,0.053,0.05313391,72.22,BTC-30DEC22-35000-C,22057.55,buy,0.1,,,,
636,224446889,2022-07-25 10:45:23,1,0.053,0.05313391,72.22,BTC-30DEC22-35000-C,22057.55,buy,0.1,,,,
637,224446890,2022-07-25 10:45:23,1,0.053,0.05313391,72.22,BTC-30DEC22-35000-C,22057.55,buy,0.1,,,,
638,224449624,2022-07-25 12:03:12,1,0.053,0.0529137,72.77,BTC-30DEC22-35000-C,21922.17,sell,1.6,,,,
639,224449643,2022-07-25 12:03:35,1,0.053,0.0529259,72.76,BTC-30DEC22-35000-C,21921.61,sell,2.5,,,,
640,224449651,2022-07-25 12:03:37,1,0.053,0.05292154,72.76,BTC-30DEC22-35000-C,21921.76,sell,0.9,,,,
641,224495221,2022-07-25 20:03:12,0,0.054,0.05436277,72.4,BTC-30DEC22-35000-C,22142.56,buy,0.2,,,,
642,224545379,2022-07-26 02:03:00,2,0.046,0.04626276,72.7,BTC-30DEC22-35000-C,21103.54,buy,0.3,,,,
643,224545380,2022-07-26 02:03:01,3,0.046,0.04626306,72.7,BTC-30DEC22-35000-C,21103.68,buy,0.2,,,,
644,224545381,2022-07-26 02:03:02,3,0.046,0.04627659,72.69,BTC-30DEC22-35000-C,21105.59,buy,0.2,,,,
645,224545382,2022-07-26 02:03:02,3,0.046,0.04627659,72.69,BTC-30DEC22-35000-C,21105.59,buy,0.1,,,,
646,224545383,2022-07-26 02:03:02,3,0.046,0.04627659,72.69,BTC-30DEC22-35000-C,21105.59,buy,0.1,,,,
647,224545385,2022-07-26 02:03:02,3,0.046,0.04627659,72.69,BTC-30DEC22-35000-C,21105.59,buy,0.1,,,,
648,224545391,2022-07-26 02:03:08,3,0.046,0.04626351,72.69,BTC-30DEC22-35000-C,21103.91,buy,0.1,,,,
649,224545727,2022-07-26 02:12:36,3,0.046,0.04619445,72.7,BTC-30DEC22-35000-C,21099.99,buy,0.1,,,,
650,224545728,2022-07-26 02:12:36,3,0.046,0.04619445,72.7,BTC-30DEC22-35000-C,21099.99,buy,0.1,,,,
651,224547035,2022-07-26 02:46:43,2,0.0455,0.04548263,72.56,BTC-30DEC22-35000-C,21072.07,buy,0.2,,,,
652,224547036,2022-07-26 02:46:43,3,0.0455,0.04548263,72.56,BTC-30DEC22-35000-C,21072.07,buy,0.1,,,,
653,224547037,2022-07-26 02:46:56,3,0.0455,0.04551394,72.55,BTC-30DEC22-35000-C,21073.94,buy,0.3,,,,
654,224547041,2022-07-26 02:47:10,3,0.0455,0.04549797,72.56,BTC-30DEC22-35000-C,21072.52,buy,0.1,,,,
655,224547043,2022-07-26 02:47:13,3,0.0455,0.04549525,72.56,BTC-30DEC22-35000-C,21072.42,buy,0.1,,,,
656,224547050,2022-07-26 02:48:04,3,0.0455,0.04546267,72.58,BTC-30DEC22-35000-C,21067.5,buy,0.1,,,,
657,224547051,2022-07-26 02:48:05,3,0.0455,0.04546763,72.58,BTC-30DEC22-35000-C,21068.13,buy,0.1,,,,
658,224547052,2022-07-26 02:48:05,3,0.0455,0.04546763,72.58,BTC-30DEC22-35000-C,21069.54,buy,0.1,,,,
659,224547053,2022-07-26 02:48:06,3,0.0455,0.04548749,72.57,BTC-30DEC22-35000-C,21070.49,buy,0.1,,,,
660,224547060,2022-07-26 02:48:07,3,0.0455,0.04548749,72.56,BTC-30DEC22-35000-C,21073.16,buy,0.1,,,,
661,224547078,2022-07-26 02:50:07,3,0.0455,0.04551419,72.55,BTC-30DEC22-35000-C,21074.84,buy,0.1,,,,
662,224547079,2022-07-26 02:50:09,3,0.0455,0.04553042,72.54,BTC-30DEC22-35000-C,21076.41,buy,0.1,,,,
663,224547166,2022-07-26 02:54:51,3,0.0455,0.04551679,72.57,BTC-30DEC22-35000-C,21077.07,buy,0.1,,,,
664,224547499,2022-07-26 03:08:16,3,0.0455,0.04551764,72.58,BTC-30DEC22-35000-C,21076.01,buy,0.1,,,,
665,224547500,2022-07-26 03:08:16,3,0.0455,0.04551764,72.58,BTC-30DEC22-35000-C,21076.01,buy,0.1,,,,
666,224549544,2022-07-26 03:14:20,3,0.0455,0.04546374,72.68,BTC-30DEC22-35000-C,21046.78,buy,0.1,,,,
667,224549545,2022-07-26 03:14:20,3,0.0455,0.04546374,72.68,BTC-30DEC22-35000-C,21046.78,buy,0.1,,,,
668,224549546,2022-07-26 03:14:20,3,0.0455,0.04546374,72.68,BTC-30DEC22-35000-C,21046.78,buy,0.1,,,,
669,224550947,2022-07-26 03:24:31,3,0.0455,0.0456339,72.49,BTC-30DEC22-35000-C,21099.73,buy,0.1,,,,
670,224551188,2022-07-26 03:26:24,3,0.0455,0.04558803,72.48,BTC-30DEC22-35000-C,21105.06,buy,0.1,,,,
671,224551189,2022-07-26 03:26:24,3,0.0455,0.04558803,72.48,BTC-30DEC22-35000-C,21105.06,buy,0.1,,,,
672,224551820,2022-07-26 03:28:08,0,0.046,0.04623638,72.43,BTC-30DEC22-35000-C,21177.69,buy,0.1,,,,
673,224551822,2022-07-26 03:28:08,1,0.046,0.04623638,72.43,BTC-30DEC22-35000-C,21177.69,buy,0.1,,,,
674,224551823,2022-07-26 03:28:08,1,0.046,0.04623638,72.43,BTC-30DEC22-35000-C,21177.69,buy,0.1,,,,
675,224551824,2022-07-26 03:28:08,1,0.046,0.04623638,72.43,BTC-30DEC22-35000-C,21177.69,buy,0.1,,,,
676,224551837,2022-07-26 03:28:08,1,0.046,0.04623638,72.43,BTC-30DEC22-35000-C,21177.69,buy,0.1,,,,
677,224551838,2022-07-26 03:28:08,1,0.046,0.04623638,72.43,BTC-30DEC22-35000-C,21177.69,buy,0.2,,,,
678,224551854,2022-07-26 03:28:09,1,0.046,0.04623638,72.43,BTC-30DEC22-35000-C,21177.69,buy,0.2,,,,
679,224551858,2022-07-26 03:28:09,1,0.046,0.04623638,72.43,BTC-30DEC22-35000-C,21177.69,buy,0.2,,,,
680,224551860,2022-07-26 03:28:09,1,0.046,0.04623638,72.43,BTC-30DEC22-35000-C,21177.69,buy,0.1,,,,
681,224551867,2022-07-26 03:28:09,1,0.046,0.04623638,72.39,BTC-30DEC22-35000-C,21185.94,buy,0.1,,,,
682,224551875,2022-07-26 03:28:09,1,0.046,0.04623638,72.39,BTC-30DEC22-35000-C,21185.94,buy,0.2,,,,
683,224551876,2022-07-26 03:28:09,1,0.046,0.04630864,72.39,BTC-30DEC22-35000-C,21185.94,buy,0.2,,,,
684,224551887,2022-07-26 03:28:09,1,0.046,0.04630864,72.39,BTC-30DEC22-35000-C,21185.94,buy,0.1,,,,
685,224552067,2022-07-26 03:28:34,1,0.046,0.04621298,72.42,BTC-30DEC22-35000-C,21192.76,buy,0.1,,,,
686,224552070,2022-07-26 03:28:34,1,0.046,0.04621298,72.42,BTC-30DEC22-35000-C,21192.76,buy,0.1,,,,
687,224552071,2022-07-26 03:28:34,1,0.046,0.04621298,72.42,BTC-30DEC22-35000-C,21192.76,buy,0.1,,,,
688,224552072,2022-07-26 03:28:35,1,0.046,0.04621298,72.42,BTC-30DEC22-35000-C,21192.76,buy,0.1,,,,
689,224552073,2022-07-26 03:28:35,1,0.046,0.04621298,72.42,BTC-30DEC22-35000-C,21192.76,buy,0.1,,,,
690,224552087,2022-07-26 03:28:35,1,0.046,0.04621298,72.42,BTC-30DEC22-35000-C,21192.76,buy,0.1,,,,
691,224552090,2022-07-26 03:28:35,1,0.046,0.04621298,72.42,BTC-30DEC22-35000-C,21192.76,buy,0.1,,,,
692,224552092,2022-07-26 03:28:35,1,0.046,0.04621298,72.42,BTC-30DEC22-35000-C,21192.76,buy,0.1,,,,
693,224552096,2022-07-26 03:28:35,1,0.046,0.04621298,72.31,BTC-30DEC22-35000-C,21199.64,buy,0.1,,,,
694,224552097,2022-07-26 03:28:35,1,0.046,0.04621298,72.31,BTC-30DEC22-35000-C,21199.64,buy,0.1,,,,
695,224552782,2022-07-26 03:34:25,1,0.046,0.04639718,72.22,BTC-30DEC22-35000-C,21217.5,buy,0.1,,,,
696,224552783,2022-07-26 03:34:26,1,0.046,0.04639718,72.22,BTC-30DEC22-35000-C,21217.5,buy,0.1,,,,
697,224552784,2022-07-26 03:34:26,1,0.046,0.04639718,72.22,BTC-30DEC22-35000-C,21217.5,buy,0.1,,,,
698,224552785,2022-07-26 03:34:26,1,0.046,0.04639718,72.22,BTC-30DEC22-35000-C,21217.5,buy,0.1,,,,
699,224552786,2022-07-26 03:34:26,1,0.046,0.04639718,72.22,BTC-30DEC22-35000-C,21217.5,buy,0.1,,,,
700,224552787,2022-07-26 03:34:26,1,0.046,0.04639718,72.22,BTC-30DEC22-35000-C,21217.5,buy,0.1,,,,
701,224552790,2022-07-26 03:34:26,1,0.046,0.04639718,72.19,BTC-30DEC22-35000-C,21224.04,buy,0.2,,,,
702,224552797,2022-07-26 03:34:26,1,0.046,0.04644469,72.19,BTC-30DEC22-35000-C,21224.04,buy,0.1,,,,
703,224552799,2022-07-26 03:34:26,1,0.046,0.04644469,72.19,BTC-30DEC22-35000-C,21224.04,buy,0.1,,,,
704,224553839,2022-07-26 03:39:52,2,0.0455,0.0455437,72.36,BTC-30DEC22-35000-C,21121.97,sell,0.2,,,,
705,224554934,2022-07-26 03:52:48,3,0.0455,0.04575184,72.33,BTC-30DEC22-35000-C,21138.28,buy,0.1,,,,
706,224554935,2022-07-26 03:52:48,3,0.0455,0.04575184,72.33,BTC-30DEC22-35000-C,21138.28,buy,0.1,,,,
707,224554946,2022-07-26 03:52:51,3,0.0455,0.04577816,72.31,BTC-30DEC22-35000-C,21141.25,buy,0.1,,,,
708,224554955,2022-07-26 03:52:51,3,0.0455,0.04577816,72.31,BTC-30DEC22-35000-C,21141.25,buy,0.1,,,,
709,224554964,2022-07-26 03:52:53,3,0.0455,0.04580985,72.29,BTC-30DEC22-35000-C,21145.1,buy,0.1,,,,
710,224554993,2022-07-26 03:52:59,3,0.0455,0.04582631,72.28,BTC-30DEC22-35000-C,21146.93,buy,0.1,,,,
711,224557070,2022-07-26 04:26:19,0,0.046,0.04625202,72.34,BTC-30DEC22-35000-C,21193.48,buy,1.3,,,,
712,224557071,2022-07-26 04:26:19,1,0.046,0.04625202,72.34,BTC-30DEC22-35000-C,21193.48,buy,0.3,,,,
713,224561179,2022-07-26 05:40:22,1,0.046,0.04640499,72.48,BTC-30DEC22-35000-C,21168.46,buy,0.1,,,,
714,224561533,2022-07-26 05:47:21,1,0.046,0.04626317,72.5,BTC-30DEC22-35000-C,21171.18,buy,0.1,,,,
715,224561534,2022-07-26 05:47:21,1,0.046,0.04626317,72.5,BTC-30DEC22-35000-C,21171.18,buy,0.1,,,,
716,224561546,2022-07-26 05:47:26,1,0.046,0.04624676,72.51,BTC-30DEC22-35000-C,21169.57,buy,0.1,,,,
717,224569635,2022-07-26 07:56:32,2,0.0455,0.04573611,72.57,BTC-30DEC22-35000-C,21098.23,buy,0.1,,,,
718,224569917,2022-07-26 08:00:15,2,0.0445,0.04540486,72.16,BTC-30DEC22-35000-C,21063.0,buy,0.2,,,,
719,224570131,2022-07-26 08:02:30,3,0.0445,0.04540278,72.07,BTC-30DEC22-35000-C,21089.76,buy,0.4,,,,
720,224572084,2022-07-26 08:19:31,3,0.0445,0.04472216,72.33,BTC-30DEC22-35000-C,21030.23,buy,0.3,,,,
721,224572090,2022-07-26 08:19:31,3,0.0445,0.04472216,72.33,BTC-30DEC22-35000-C,21030.23,buy,0.1,,,,
722,224572091,2022-07-26 08:19:31,3,0.0445,0.04472216,72.33,BTC-30DEC22-35000-C,21030.23,buy,0.1,,,,
723,224572093,2022-07-26 08:19:31,3,0.0445,0.04472216,72.33,BTC-30DEC22-35000-C,21030.23,buy,0.2,,,,
724,224573359,2022-07-26 08:39:54,0,0.045,0.0451711,72.35,BTC-30DEC22-35000-C,21083.64,buy,0.1,,,,
725,224573642,2022-07-26 08:42:59,1,0.045,0.04530725,72.29,BTC-30DEC22-35000-C,21096.42,buy,0.1,,,,
726,224573658,2022-07-26 08:43:11,1,0.045,0.0453171,72.29,BTC-30DEC22-35000-C,21097.63,buy,0.1,,,,
727,224574309,2022-07-26 08:57:53,1,0.045,0.04523726,72.33,BTC-30DEC22-35000-C,21091.07,buy,0.1,,,,
728,224574313,2022-07-26 08:58:02,1,0.045,0.04525685,72.32,BTC-30DEC22-35000-C,21095.91,buy,0.1,,,,
729,224574314,2022-07-26 08:58:02,1,0.045,0.04525685,72.32,BTC-30DEC22-35000-C,21095.91,buy,0.1,,,,
730,224574513,2022-07-26 09:04:37,1,0.045,0.04540156,72.34,BTC-30DEC22-35000-C,21091.59,buy,0.1,,,,
731,224574519,2022-07-26 09:04:41,1,0.045,0.04543074,72.33,BTC-30DEC22-35000-C,21095.36,buy,0.1,,,,
732,224574553,2022-07-26 09:05:41,1,0.045,0.04543146,72.33,BTC-30DEC22-35000-C,21095.18,buy,0.1,,,,
733,224576484,2022-07-26 09:53:35,0,0.0455,0.04562305,72.41,BTC-30DEC22-35000-C,21130.93,buy,0.1,,,,
734,224576485,2022-07-26 09:53:35,1,0.0455,0.04562305,72.41,BTC-30DEC22-35000-C,21130.93,buy,0.3,,,,
735,224576510,2022-07-26 09:54:48,2,0.045,0.04562464,72.15,BTC-30DEC22-35000-C,21129.01,sell,0.1,,,,
736,224576531,2022-07-26 09:56:51,3,0.045,0.04564954,72.15,BTC-30DEC22-35000-C,21128.41,sell,0.3,,,,
737,224576684,2022-07-26 10:02:15,0,0.0455,0.04577439,72.36,BTC-30DEC22-35000-C,21137.86,buy,0.1,,,,
738,224576752,2022-07-26 10:05:19,1,0.0455,0.04573226,72.37,BTC-30DEC22-35000-C,21139.25,buy,0.1,,,,
739,224578386,2022-07-26 10:52:29,1,0.0455,0.04567946,72.67,BTC-30DEC22-35000-C,21082.03,buy,0.2,,,,
740,224580389,2022-07-26 11:51:16,1,0.0455,0.04575928,72.58,BTC-30DEC22-35000-C,21112.58,buy,0.1,,,,
741,224580396,2022-07-26 11:51:30,1,0.0455,0.04585043,72.55,BTC-30DEC22-35000-C,21117.84,buy,0.1,,,,
742,224580398,2022-07-26 11:51:33,1,0.0455,0.04583339,72.56,BTC-30DEC22-35000-C,21116.18,buy,0.1,,,,
743,224582023,2022-07-26 11:57:40,0,0.046,0.04612438,72.72,BTC-30DEC22-35000-C,21135.23,buy,0.1,,,,
744,224582026,2022-07-26 11:57:42,1,0.046,0.04615715,72.7,BTC-30DEC22-35000-C,21139.15,buy,0.1,,,,
745,224584424,2022-07-26 12:17:19,2,0.0455,0.04609746,72.5,BTC-30DEC22-35000-C,21128.15,sell,0.1,,,,
746,224645912,2022-07-26 23:29:50,0,0.0465,0.0463976,73.25,BTC-30DEC22-35000-C,21101.22,buy,0.1,,,,
747,224645914,2022-07-26 23:30:05,1,0.0465,0.04643312,73.25,BTC-30DEC22-35000-C,21106.91,buy,0.1,,,,
748,224645915,2022-07-26 23:30:07,1,0.0465,0.04643281,73.25,BTC-30DEC22-35000-C,21107.24,buy,0.1,,,,
749,224645916,2022-07-26 23:30:08,1,0.0465,0.04643281,73.25,BTC-30DEC22-35000-C,21107.24,buy,0.1,,,,
750,224647417,2022-07-26 23:41:38,0,0.047,0.04715015,73.11,BTC-30DEC22-35000-C,21203.84,buy,0.1,,,,
751,224647433,2022-07-26 23:41:45,1,0.047,0.04715611,73.11,BTC-30DEC22-35000-C,21204.57,buy,0.1,,,,
752,224647435,2022-07-26 23:41:45,1,0.047,0.04715611,73.11,BTC-30DEC22-35000-C,21204.57,buy,0.1,,,,
753,224647438,2022-07-26 23:41:46,1,0.047,0.04715611,73.11,BTC-30DEC22-35000-C,21204.57,buy,0.1,,,,
754,224647439,2022-07-26 23:41:46,1,0.047,0.04715516,73.11,BTC-30DEC22-35000-C,21204.57,buy,0.1,,,,
755,224654320,2022-07-27 01:45:57,0,0.0475,0.04742019,73.27,BTC-30DEC22-35000-C,21228.95,buy,0.1,,,,
756,224654339,2022-07-27 01:46:26,1,0.0475,0.04734412,73.31,BTC-30DEC22-35000-C,21224.56,buy,0.1,,,,
757,224657528,2022-07-27 02:39:13,2,0.047,0.04716639,73.28,BTC-30DEC22-35000-C,21165.79,buy,0.1,,,,
758,224657533,2022-07-27 02:39:15,3,0.047,0.04719553,73.28,BTC-30DEC22-35000-C,21168.46,buy,0.1,,,,
759,224662558,2022-07-27 04:18:55,3,0.047,0.04672538,73.59,BTC-30DEC22-35000-C,21093.2,buy,0.1,,,,
760,224662570,2022-07-27 04:19:17,3,0.047,0.04669528,73.61,BTC-30DEC22-35000-C,21088.9,buy,0.1,,,,
761,224662571,2022-07-27 04:19:19,3,0.047,0.04670967,73.6,BTC-30DEC22-35000-C,21092.44,buy,0.1,,,,
762,224662594,2022-07-27 04:19:49,3,0.047,0.04671766,73.6,BTC-30DEC22-35000-C,21091.21,buy,0.1,,,,
763,224662603,2022-07-27 04:20:00,3,0.047,0.0467164,73.6,BTC-30DEC22-35000-C,21091.23,buy,0.1,,,,
764,224663238,2022-07-27 04:37:31,3,0.047,0.04685937,73.58,BTC-30DEC22-35000-C,21094.53,buy,0.1,,,,
765,224663239,2022-07-27 04:37:31,3,0.047,0.04685937,73.58,BTC-30DEC22-35000-C,21094.53,buy,0.1,,,,
766,224664746,2022-07-27 05:13:04,0,0.0475,0.04736143,73.58,BTC-30DEC22-35000-C,21164.53,buy,0.1,,,,
767,224665918,2022-07-27 05:32:00,0,0.048,0.04768892,73.54,BTC-30DEC22-35000-C,21238.44,buy,0.1,,,,
768,224666363,2022-07-27 05:39:01,1,0.048,0.0477881,73.53,BTC-30DEC22-35000-C,21236.64,buy,0.1,,,,
769,224666364,2022-07-27 05:39:01,1,0.048,0.0477881,73.53,BTC-30DEC22-35000-C,21236.64,buy,0.1,,,,
770,224672251,2022-07-27 07:01:20,0,0.0485,0.04865873,73.47,BTC-30DEC22-35000-C,21315.02,buy,0.2,,,,
771,224678172,2022-07-27 08:10:12,1,0.0485,0.04842102,73.26,BTC-30DEC22-35000-C,21373.66,sell,2.1,,,,
772,224709372,2022-07-27 16:19:00,0,0.049,0.04942903,72.26,BTC-30DEC22-35000-C,21678.0,buy,0.2,,,,
773,224728510,2022-07-27 18:01:56,0,0.0495,0.04958563,71.92,BTC-30DEC22-35000-C,21839.66,buy,0.1,,,,
774,224728515,2022-07-27 18:01:56,1,0.0495,0.04958563,71.92,BTC-30DEC22-35000-C,21839.66,buy,0.1,,,,
775,224729608,2022-07-27 18:02:38,0,0.05,0.05074992,71.61,BTC-30DEC22-35000-C,21968.36,buy,0.2,,,,
776,224734030,2022-07-27 18:04:32,1,0.05,0.05034317,71.84,BTC-30DEC22-35000-C,21899.58,sell,1.8,,,,
777,224763161,2022-07-27 18:53:23,0,0.052,0.05169369,69.91,BTC-30DEC22-35000-C,22614.61,buy,2.4,,,,
778,224763162,2022-07-27 18:53:23,1,0.052,0.05169369,69.91,BTC-30DEC22-35000-C,22614.61,sell,11.0,,,,
779,224780922,2022-07-27 19:20:49,0,0.053,0.05194823,69.54,BTC-30DEC22-35000-C,22854.11,sell,0.5,,,,
780,224832985,2022-07-28 02:35:34,2,0.052,0.0520455,69.24,BTC-30DEC22-35000-C,22809.55,buy,0.2,,,,
781,224833545,2022-07-28 02:42:40,0,0.0525,0.05270646,69.32,BTC-30DEC22-35000-C,22832.38,buy,0.2,,,,
782,224844939,2022-07-28 03:25:41,0,0.0555,0.05583854,69.01,BTC-30DEC22-35000-C,23278.8,buy,0.1,,,,
783,224851671,2022-07-28 05:35:22,2,0.055,0.05544261,69.15,BTC-30DEC22-35000-C,23188.34,buy,0.1,,,,
784,224852368,2022-07-28 05:54:44,3,0.055,0.05556692,68.95,BTC-30DEC22-35000-C,23243.18,buy,0.1,,,,
785,224853727,2022-07-28 06:26:34,2,0.054,0.0543147,68.77,BTC-30DEC22-35000-C,23163.65,sell,5.0,,,,
786,224854230,2022-07-28 06:47:39,3,0.054,0.05416865,68.73,BTC-30DEC22-35000-C,23181.17,buy,0.1,,,,
787,224854243,2022-07-28 06:47:53,3,0.054,0.05411773,68.75,BTC-30DEC22-35000-C,23176.61,buy,0.1,,,,
788,224854244,2022-07-28 06:47:54,3,0.054,0.05411773,68.75,BTC-30DEC22-35000-C,23176.61,buy,0.1,,,,
789,224854245,2022-07-28 06:47:54,3,0.054,0.05411773,68.74,BTC-30DEC22-35000-C,23180.63,buy,0.1,,,,
790,224854283,2022-07-28 06:48:28,3,0.054,0.05416815,68.72,BTC-30DEC22-35000-C,23186.06,buy,0.1,,,,
791,224854284,2022-07-28 06:48:28,3,0.054,0.05416815,68.72,BTC-30DEC22-35000-C,23186.06,buy,0.5,,,,
792,224855313,2022-07-28 07:01:22,2,0.0535,0.0535628,68.78,BTC-30DEC22-35000-C,23113.89,buy,0.4,,,,
793,224855317,2022-07-28 07:01:31,3,0.0535,0.05355205,68.78,BTC-30DEC22-35000-C,23112.2,buy,0.2,,,,
794,224855318,2022-07-28 07:01:31,3,0.0535,0.05355205,68.78,BTC-30DEC22-35000-C,23112.2,buy,0.1,,,,
795,224855319,2022-07-28 07:01:31,3,0.0535,0.05355205,68.78,BTC-30DEC22-35000-C,23112.2,buy,0.2,,,,
796,224855320,2022-07-28 07:01:34,3,0.0535,0.05355257,68.78,BTC-30DEC22-35000-C,23112.09,buy,0.2,,,,
797,224855321,2022-07-28 07:01:34,3,0.0535,0.05355348,68.78,BTC-30DEC22-35000-C,23112.09,buy,0.1,,,,
798,224855322,2022-07-28 07:01:34,3,0.0535,0.05355348,68.78,BTC-30DEC22-35000-C,23112.09,buy,0.1,,,,
799,224855323,2022-07-28 07:01:35,3,0.0535,0.0535615,68.78,BTC-30DEC22-35000-C,23113.3,buy,0.1,,,,
800,224862334,2022-07-28 08:14:45,2,0.053,0.05297911,69.4,BTC-30DEC22-35000-C,22886.91,sell,1.7,,,,
801,224862335,2022-07-28 08:14:45,3,0.053,0.05297911,69.4,BTC-30DEC22-35000-C,22886.91,sell,0.1,,,,
802,224864355,2022-07-28 08:48:22,0,0.0535,0.05362018,69.18,BTC-30DEC22-35000-C,23004.82,buy,0.2,,,,
803,224864961,2022-07-28 08:59:43,2,0.053,0.05320199,69.13,BTC-30DEC22-35000-C,22963.31,buy,0.3,,,,
804,224870924,2022-07-28 10:21:24,3,0.053,0.05356248,68.81,BTC-30DEC22-35000-C,23041.3,buy,0.2,,,,
805,224876566,2022-07-28 11:45:41,0,0.0535,0.05378622,68.82,BTC-30DEC22-35000-C,23105.89,buy,0.3,,,,
806,224892391,2022-07-28 12:48:56,0,0.054,0.05430311,68.96,BTC-30DEC22-35000-C,23137.86,buy,0.5,,,,
807,224901557,2022-07-28 13:31:26,0,0.0545,0.05451327,68.82,BTC-30DEC22-35000-C,23229.93,buy,1.0,,,,
808,224902681,2022-07-28 13:35:34,0,0.055,0.05486318,69.01,BTC-30DEC22-35000-C,23242.25,buy,0.4,,,,
809,224967665,2022-07-28 17:45:13,0,0.061,0.06151684,68.8,BTC-30DEC22-35000-C,23965.89,sell,2.1,,,,
810,224968280,2022-07-28 17:46:23,1,0.061,0.06102467,68.86,BTC-30DEC22-35000-C,23959.48,buy,1.4,,,,
811,224973649,2022-07-28 18:18:47,2,0.0585,0.059667,68.36,BTC-30DEC22-35000-C,23816.02,sell,2.0,,,,
812,225004854,2022-07-28 21:56:43,0,0.062,0.06155457,69.35,BTC-30DEC22-35000-C,23974.34,buy,1.5,,,,
813,225024872,2022-07-29 02:21:06,2,0.06,0.0609094,68.67,BTC-30DEC22-35000-C,23886.1,sell,2.2,,,,
814,225024873,2022-07-29 02:21:06,3,0.06,0.0609094,68.67,BTC-30DEC22-35000-C,23886.1,sell,2.8,,,,
815,225028706,2022-07-29 02:59:24,3,0.06,0.0595278,69.07,BTC-30DEC22-35000-C,23788.26,sell,3.0,,,,
816,225030327,2022-07-29 03:30:07,2,0.0595,0.05949207,68.69,BTC-30DEC22-35000-C,23821.21,buy,0.5,,,,
817,225030400,2022-07-29 03:30:39,3,0.0595,0.0597206,68.58,BTC-30DEC22-35000-C,23847.18,buy,0.5,,,,
818,225030663,2022-07-29 03:34:33,0,0.06,0.05977334,68.76,BTC-30DEC22-35000-C,23856.28,buy,0.5,,,,
819,225030914,2022-07-29 03:38:52,1,0.06,0.0598526,68.67,BTC-30DEC22-35000-C,23878.8,buy,0.3,,,,
820,225030958,2022-07-29 03:39:22,1,0.06,0.05970851,68.73,BTC-30DEC22-35000-C,23867.39,buy,1.0,,,,
821,225031088,2022-07-29 03:41:17,1,0.06,0.05962251,68.76,BTC-30DEC22-35000-C,23865.79,buy,0.5,,,,
822,225037884,2022-07-29 04:52:55,0,0.0605,0.06072641,68.33,BTC-30DEC22-35000-C,24017.18,buy,1.0,,,,
823,225083849,2022-07-29 08:21:50,2,0.059,0.06032503,67.66,BTC-30DEC22-35000-C,23961.9,sell,10.0,,,,
824,225083850,2022-07-29 08:21:50,3,0.059,0.06032503,67.66,BTC-30DEC22-35000-C,23961.9,buy,0.5,,,,
825,225083852,2022-07-29 08:21:50,3,0.059,0.06032503,67.66,BTC-30DEC22-35000-C,23961.9,buy,13.0,,,,
826,225083853,2022-07-29 08:21:50,3,0.059,0.06032503,67.66,BTC-30DEC22-35000-C,23961.9,buy,0.4,,,,
827,225083855,2022-07-29 08:21:51,3,0.059,0.06032503,67.66,BTC-30DEC22-35000-C,23961.9,buy,0.5,,,,
828,225083856,2022-07-29 08:21:51,3,0.059,0.06032503,67.66,BTC-30DEC22-35000-C,23961.9,buy,0.4,,,,
829,225083857,2022-07-29 08:21:51,3,0.059,0.06032503,67.66,BTC-30DEC22-35000-C,23961.9,buy,0.4,,,,
830,225083858,2022-07-29 08:21:51,3,0.059,0.06032503,67.66,BTC-30DEC22-35000-C,23961.99,buy,0.2,,,,
831,225083859,2022-07-29 08:21:51,3,0.059,0.06032424,67.66,BTC-30DEC22-35000-C,23961.99,buy,0.1,,,,
832,225083860,2022-07-29 08:21:51,3,0.059,0.06032424,67.66,BTC-30DEC22-35000-C,23961.99,buy,0.1,,,,
833,225083861,2022-07-29 08:21:52,3,0.059,0.06032424,67.66,BTC-30DEC22-35000-C,23961.99,buy,0.1,,,,
834,225083862,2022-07-29 08:21:52,3,0.059,0.06032424,67.66,BTC-30DEC22-35000-C,23961.99,buy,0.1,,,,
835,225083863,2022-07-29 08:21:53,3,0.059,0.06032169,67.66,BTC-30DEC22-35000-C,23962.1,buy,0.1,,,,
836,225083864,2022-07-29 08:21:54,3,0.059,0.06032169,67.66,BTC-30DEC22-35000-C,23962.1,buy,0.1,,,,
837,225083866,2022-07-29 08:21:55,3,0.059,0.06031784,67.66,BTC-30DEC22-35000-C,23962.37,buy,0.1,,,,
838,225083867,2022-07-29 08:21:55,3,0.059,0.06031784,67.66,BTC-30DEC22-35000-C,23962.37,buy,0.1,,,,
839,225083868,2022-07-29 08:21:56,3,0.059,0.06031784,67.66,BTC-30DEC22-35000-C,23962.37,buy,0.1,,,,
840,225083870,2022-07-29 08:22:00,3,0.059,0.0603237,67.65,BTC-30DEC22-35000-C,23964.3,buy,0.1,,,,
841,225083871,2022-07-29 08:22:00,3,0.059,0.0603237,67.65,BTC-30DEC22-35000-C,23964.3,buy,0.1,,,,
842,225083872,2022-07-29 08:22:00,3,0.059,0.0603237,67.65,BTC-30DEC22-35000-C,23964.3,buy,0.1,,,,
843,225083958,2022-07-29 08:23:06,3,0.059,0.06013623,67.65,BTC-30DEC22-35000-C,23971.09,buy,13.0,,,,
844,225083979,2022-07-29 08:23:14,3,0.059,0.0600814,67.66,BTC-30DEC22-35000-C,23968.81,buy,13.0,,,,
845,225084205,2022-07-29 08:24:27,3,0.059,0.05976807,67.73,BTC-30DEC22-35000-C,23958.94,buy,200.0,,,,
846,225084215,2022-07-29 08:24:30,3,0.059,0.05978569,67.72,BTC-30DEC22-35000-C,23961.85,buy,47.4,,,,
847,225084888,2022-07-29 08:26:34,0,0.0595,0.05923268,68.16,BTC-30DEC22-35000-C,23904.56,sell,0.4,,,,
848,225090819,2022-07-29 09:26:25,2,0.059,0.05984671,67.73,BTC-30DEC22-35000-C,23956.03,sell,0.5,,,,
849,225095123,2022-07-29 10:10:12,0,0.0605,0.06012166,67.91,BTC-30DEC22-35000-C,24090.23,buy,2.1,,,,
850,225158304,2022-07-29 15:02:45,2,0.0595,0.06047446,68.01,BTC-30DEC22-35000-C,23997.77,sell,0.9,,,,
851,225307731,2022-07-30 14:04:28,0,0.072,0.06952762,71.8,BTC-30DEC22-35000-C,24469.87,buy,1.0,,,,
852,225307732,2022-07-30 14:04:28,1,0.072,0.06952762,71.8,BTC-30DEC22-35000-C,24469.87,sell,4.0,,,,
853,225307866,2022-07-30 14:05:25,0,0.0725,0.06944577,72.07,BTC-30DEC22-35000-C,24457.87,buy,1.2,,,,
854,225307867,2022-07-30 14:05:25,1,0.0725,0.06944577,72.07,BTC-30DEC22-35000-C,24457.87,sell,3.8,,,,
855,225309905,2022-07-30 14:24:12,0,0.073,0.07080659,71.91,BTC-30DEC22-35000-C,24562.69,buy,1.0,,,,
856,225341558,2022-07-30 20:58:02,2,0.065,0.0645959,70.99,BTC-30DEC22-35000-C,23980.24,sell,2.5,,,,
857,225376560,2022-07-31 07:40:06,2,0.0625,0.06366713,70.99,BTC-30DEC22-35000-C,23723.43,sell,0.1,,,,
858,225454515,2022-08-01 02:29:00,2,0.057,0.05819179,69.78,BTC-30DEC22-35000-C,23424.24,sell,8.0,,,,
859,225532271,2022-08-01 18:59:14,2,0.0535,0.0551379,70.25,BTC-30DEC22-35000-C,22973.93,sell,1.0,,,,
860,225793269,2022-08-04 14:30:15,0,0.0547,0.05464289,71.94,BTC-30DEC22-35000-C,22874.59,sell,25.0,,46605,,
861,225820997,2022-08-04 21:52:39,2,0.051,0.05154478,71.67,BTC-30DEC22-35000-C,22518.81,sell,0.1,,,,
862,225820998,2022-08-04 21:52:39,3,0.051,0.05154478,71.67,BTC-30DEC22-35000-C,22518.81,sell,0.1,,,,
863,225820999,2022-08-04 21:52:39,3,0.051,0.05154478,71.67,BTC-30DEC22-35000-C,22518.81,sell,0.1,,,,
864,225821479,2022-08-04 22:11:44,3,0.051,0.05145747,71.81,BTC-30DEC22-35000-C,22481.11,sell,0.1,,,,
865,225821484,2022-08-04 22:11:44,3,0.051,0.05145747,71.81,BTC-30DEC22-35000-C,22481.11,sell,0.1,,,,
866,225821485,2022-08-04 22:11:44,3,0.051,0.05145747,71.81,BTC-30DEC22-35000-C,22481.11,sell,0.1,,,,
867,225821487,2022-08-04 22:11:45,3,0.051,0.05145747,71.81,BTC-30DEC22-35000-C,22481.11,sell,0.1,,,,
868,225821488,2022-08-04 22:11:45,3,0.051,0.05145747,71.84,BTC-30DEC22-35000-C,22474.36,sell,0.2,,,,
869,225821489,2022-08-04 22:11:45,3,0.051,0.05140265,71.84,BTC-30DEC22-35000-C,22474.36,sell,0.1,,,,
870,225821490,2022-08-04 22:11:45,3,0.051,0.05140265,71.84,BTC-30DEC22-35000-C,22474.36,sell,0.1,,,,
871,225821491,2022-08-04 22:11:45,3,0.051,0.05140265,71.84,BTC-30DEC22-35000-C,22474.36,sell,0.1,,,,
872,225821492,2022-08-04 22:11:45,3,0.051,0.05140265,71.84,BTC-30DEC22-35000-C,22474.36,sell,0.1,,,,
873,225821493,2022-08-04 22:11:45,3,0.051,0.05140265,71.84,BTC-30DEC22-35000-C,22474.36,sell,0.1,,,,
874,225821502,2022-08-04 22:11:46,3,0.051,0.05140265,71.84,BTC-30DEC22-35000-C,22474.36,sell,0.1,,,,
875,225821511,2022-08-04 22:11:46,3,0.051,0.05135808,71.86,BTC-30DEC22-35000-C,22468.44,sell,0.1,,,,
876,225821521,2022-08-04 22:11:47,3,0.051,0.05135915,71.88,BTC-30DEC22-35000-C,22464.37,sell,0.1,,,,
877,225821527,2022-08-04 22:11:47,3,0.051,0.05135915,71.88,BTC-30DEC22-35000-C,22464.37,sell,0.1,,,,
878,225821529,2022-08-04 22:11:47,3,0.051,0.05135915,71.88,BTC-30DEC22-35000-C,22464.37,sell,0.1,,,,
879,225821530,2022-08-04 22:11:50,3,0.051,0.05130541,71.9,BTC-30DEC22-35000-C,22460.09,sell,0.2,,,,
880,225821531,2022-08-04 22:11:50,3,0.051,0.05130541,71.9,BTC-30DEC22-35000-C,22460.09,sell,0.1,,,,
881,225821532,2022-08-04 22:11:50,3,0.051,0.05130541,71.9,BTC-30DEC22-35000-C,22460.09,sell,0.1,,,,
882,225821533,2022-08-04 22:11:50,3,0.051,0.0512831,71.91,BTC-30DEC22-35000-C,22459.07,sell,0.1,,,,
883,225821534,2022-08-04 22:11:50,3,0.051,0.0512831,71.91,BTC-30DEC22-35000-C,22459.07,sell,0.1,,,,
884,225821535,2022-08-04 22:11:50,3,0.051,0.0512831,71.91,BTC-30DEC22-35000-C,22459.07,sell,0.1,,,,
885,225821538,2022-08-04 22:11:51,3,0.051,0.0512831,71.91,BTC-30DEC22-35000-C,22459.07,sell,0.1,,,,
886,225821556,2022-08-04 22:11:58,3,0.051,0.05133265,71.88,BTC-30DEC22-35000-C,22467.78,sell,0.1,,,,
887,225821557,2022-08-04 22:11:59,3,0.051,0.05133265,71.88,BTC-30DEC22-35000-C,22467.78,sell,0.1,,,,
888,225821561,2022-08-04 22:12:10,3,0.051,0.05126063,71.91,BTC-30DEC22-35000-C,22465.32,sell,0.1,,,,
889,225821571,2022-08-04 22:12:26,3,0.051,0.05127405,71.89,BTC-30DEC22-35000-C,22468.02,sell,0.1,,,,
890,225821572,2022-08-04 22:12:28,3,0.051,0.05127226,71.89,BTC-30DEC22-35000-C,22467.72,sell,0.1,,,,
891,225821573,2022-08-04 22:12:28,3,0.051,0.05127226,71.89,BTC-30DEC22-35000-C,22467.72,sell,0.1,,,,
892,225821574,2022-08-04 22:12:28,3,0.051,0.05127226,71.89,BTC-30DEC22-35000-C,22467.72,sell,0.1,,,,
893,225821575,2022-08-04 22:12:28,3,0.051,0.05127226,71.89,BTC-30DEC22-35000-C,22467.72,sell,0.1,,,,
894,225821576,2022-08-04 22:12:28,3,0.051,0.05127226,71.89,BTC-30DEC22-35000-C,22467.72,sell,0.1,,,,
895,225821577,2022-08-04 22:12:36,3,0.051,0.05124912,71.9,BTC-30DEC22-35000-C,22463.4,sell,0.1,,,,
896,225821580,2022-08-04 22:12:41,3,0.051,0.05123045,71.91,BTC-30DEC22-35000-C,22460.8,sell,0.1,,,,
897,225821581,2022-08-04 22:12:42,3,0.051,0.05122184,71.91,BTC-30DEC22-35000-C,22461.14,sell,0.1,,,,
898,225821600,2022-08-04 22:13:18,3,0.051,0.05123417,71.88,BTC-30DEC22-35000-C,22466.31,sell,0.1,,,,
899,225821764,2022-08-04 22:16:40,3,0.051,0.05149352,71.63,BTC-30DEC22-35000-C,22528.78,sell,0.1,,,,
900,225821765,2022-08-04 22:16:41,3,0.051,0.05143271,71.63,BTC-30DEC22-35000-C,22528.78,sell,0.1,,,,
901,225821766,2022-08-04 22:16:41,3,0.051,0.05143271,71.63,BTC-30DEC22-35000-C,22528.78,sell,0.1,,,,
902,225842929,2022-08-05 06:03:11,0,0.056,0.05630151,71.14,BTC-30DEC22-35000-C,23241.4,buy,0.1,,,,
903,225937148,2022-08-06 10:46:14,0,0.0655,0.06531685,76.21,BTC-30DEC22-35000-C,23197.11,sell,1.0,,,,
904,225937625,2022-08-06 11:17:42,2,0.0575,0.05759304,72.4,BTC-30DEC22-35000-C,23192.03,sell,1.0,,,,
905,226003644,2022-08-08 01:19:17,3,0.0575,0.0565518,72.74,BTC-30DEC22-35000-C,23224.2,sell,5.0,,,,
906,226026022,2022-08-08 08:32:11,0,0.064,0.06365866,72.53,BTC-30DEC22-35000-C,24014.11,buy,0.5,,,,
907,226100108,2022-08-09 09:07:47,2,0.062,0.06320912,72.73,BTC-30DEC22-35000-C,23811.88,sell,7.0,,,,
908,226100109,2022-08-09 09:07:47,3,0.062,0.06320912,72.73,BTC-30DEC22-35000-C,23811.88,sell,3.0,,,,
909,226147096,2022-08-09 17:38:57,2,0.0555,0.05491026,72.98,BTC-30DEC22-35000-C,23066.31,sell,0.1,,,,
910,226199647,2022-08-10 12:32:03,0,0.059,0.05875279,72.4,BTC-30DEC22-35000-C,23680.89,buy,19.0,,,,
911,226234511,2022-08-10 17:03:44,1,0.059,0.05959955,71.17,BTC-30DEC22-35000-C,23932.89,sell,0.1,,,,
912,226234512,2022-08-10 17:03:44,1,0.059,0.05959955,71.17,BTC-30DEC22-35000-C,23932.89,sell,0.1,,,,
913,226234516,2022-08-10 17:03:48,1,0.059,0.05958695,71.18,BTC-30DEC22-35000-C,23930.86,sell,0.1,,,,
914,226234517,2022-08-10 17:03:48,1,0.059,0.05958695,71.18,BTC-30DEC22-35000-C,23930.86,sell,0.1,,,,
915,226234538,2022-08-10 17:03:53,1,0.059,0.0595863,71.18,BTC-30DEC22-35000-C,23929.87,sell,0.1,,,,
916,226234553,2022-08-10 17:03:54,1,0.059,0.05957596,71.18,BTC-30DEC22-35000-C,23928.48,sell,0.2,,,,
917,226234554,2022-08-10 17:03:54,1,0.059,0.05957596,71.18,BTC-30DEC22-35000-C,23928.48,sell,0.1,,,,
918,226234555,2022-08-10 17:03:54,1,0.059,0.05957596,71.18,BTC-30DEC22-35000-C,23928.48,sell,0.1,,,,
919,226234556,2022-08-10 17:03:54,1,0.059,0.05957596,71.18,BTC-30DEC22-35000-C,23928.48,sell,0.1,,,,
920,226234562,2022-08-10 17:03:54,1,0.059,0.05956148,71.19,BTC-30DEC22-35000-C,23926.77,sell,0.1,,,,
921,226234565,2022-08-10 17:03:56,1,0.059,0.05954946,71.2,BTC-30DEC22-35000-C,23925.65,sell,0.2,,,,
922,226234575,2022-08-10 17:03:57,1,0.059,0.05951725,71.21,BTC-30DEC22-35000-C,23922.31,sell,0.1,,,,
923,226234580,2022-08-10 17:03:57,1,0.059,0.05951725,71.21,BTC-30DEC22-35000-C,23922.31,sell,0.1,,,,
924,226234582,2022-08-10 17:03:58,1,0.059,0.05951725,71.21,BTC-30DEC22-35000-C,23922.31,sell,0.1,,,,
925,226234583,2022-08-10 17:03:58,1,0.059,0.05951725,71.21,BTC-30DEC22-35000-C,23922.31,sell,0.1,,,,
926,226234585,2022-08-10 17:03:58,1,0.059,0.05951725,71.21,BTC-30DEC22-35000-C,23922.31,sell,0.1,,,,
927,226234586,2022-08-10 17:03:58,1,0.059,0.05951725,71.21,BTC-30DEC22-35000-C,23922.31,sell,0.1,,,,
928,226234587,2022-08-10 17:03:58,1,0.059,0.05951725,71.21,BTC-30DEC22-35000-C,23922.31,sell,0.1,,,,
929,226234588,2022-08-10 17:03:58,1,0.059,0.05951725,71.21,BTC-30DEC22-35000-C,23922.31,sell,0.1,,,,
930,226234589,2022-08-10 17:03:58,1,0.059,0.05951725,71.21,BTC-30DEC22-35000-C,23922.31,sell,0.1,,,,
931,226234617,2022-08-10 17:04:00,1,0.059,0.05949527,71.22,BTC-30DEC22-35000-C,23919.83,sell,0.2,,,,
932,226234631,2022-08-10 17:04:00,1,0.059,0.05949527,71.22,BTC-30DEC22-35000-C,23919.83,sell,0.2,,,,
933,226234643,2022-08-10 17:04:01,1,0.059,0.05949527,71.22,BTC-30DEC22-35000-C,23919.83,sell,0.2,,,,
934,226234651,2022-08-10 17:04:01,1,0.059,0.05949527,71.22,BTC-30DEC22-35000-C,23919.83,sell,0.1,,,,
935,226234654,2022-08-10 17:04:01,1,0.059,0.05949527,71.22,BTC-30DEC22-35000-C,23919.83,sell,0.1,,,,
936,226234655,2022-08-10 17:04:01,1,0.059,0.05949527,71.22,BTC-30DEC22-35000-C,23919.83,sell,0.1,,,,
937,226234656,2022-08-10 17:04:01,1,0.059,0.05949527,71.22,BTC-30DEC22-35000-C,23919.83,sell,0.1,,,,
938,226234657,2022-08-10 17:04:01,1,0.059,0.05949527,71.22,BTC-30DEC22-35000-C,23919.83,sell,0.1,,,,
939,226234658,2022-08-10 17:04:01,1,0.059,0.05949527,71.22,BTC-30DEC22-35000-C,23919.83,sell,0.1,,,,
940,226234662,2022-08-10 17:04:01,1,0.059,0.05940779,71.26,BTC-30DEC22-35000-C,23909.9,sell,0.1,,,,
941,226234858,2022-08-10 17:05:44,1,0.059,0.05940316,71.25,BTC-30DEC22-35000-C,23909.21,sell,0.1,,,,
942,226234859,2022-08-10 17:05:44,1,0.059,0.05935722,71.29,BTC-30DEC22-35000-C,23905.68,sell,0.1,,,,
943,226234860,2022-08-10 17:05:44,1,0.059,0.05935722,71.29,BTC-30DEC22-35000-C,23905.68,sell,0.1,,,,
944,226234861,2022-08-10 17:05:44,1,0.059,0.05935722,71.29,BTC-30DEC22-35000-C,23905.68,sell,0.1,,,,
945,226234875,2022-08-10 17:05:58,1,0.059,0.05931014,71.29,BTC-30DEC22-35000-C,23904.66,sell,0.1,,,,
946,226234876,2022-08-10 17:05:58,1,0.059,0.05931014,71.3,BTC-30DEC22-35000-C,23902.94,sell,0.1,,,,
947,226234903,2022-08-10 17:05:59,1,0.059,0.0592941,71.3,BTC-30DEC22-35000-C,23901.99,sell,0.1,,,,
948,226234904,2022-08-10 17:05:59,1,0.059,0.0592941,71.3,BTC-30DEC22-35000-C,23901.99,sell,0.1,,,,
949,226234905,2022-08-10 17:05:59,1,0.059,0.0592941,71.3,BTC-30DEC22-35000-C,23901.99,sell,0.1,,,,
950,226234906,2022-08-10 17:05:59,1,0.059,0.0592941,71.3,BTC-30DEC22-35000-C,23901.99,sell,0.1,,,,
951,226234907,2022-08-10 17:06:00,1,0.059,0.0592941,71.3,BTC-30DEC22-35000-C,23901.99,sell,0.1,,,,
952,226234987,2022-08-10 17:06:04,1,0.059,0.05924409,71.32,BTC-30DEC22-35000-C,23899.26,sell,1.8,,,,
953,226234991,2022-08-10 17:06:04,1,0.059,0.05924409,71.32,BTC-30DEC22-35000-C,23899.26,sell,0.1,,,,
954,226235194,2022-08-10 17:06:05,1,0.059,0.05924409,71.32,BTC-30DEC22-35000-C,23899.26,sell,3.5,,,,
955,226245889,2022-08-10 19:38:10,2,0.057,0.05680322,71.47,BTC-30DEC22-35000-C,23653.92,sell,2.0,,,,
956,226312242,2022-08-11 12:55:00,0,0.0625,0.06284503,69.57,BTC-30DEC22-35000-C,24752.38,buy,2.0,,,,
957,226328134,2022-08-11 15:06:35,2,0.061,0.06070524,70.07,BTC-30DEC22-35000-C,24473.41,sell,0.5,,,,
958,226353185,2022-08-11 20:50:42,2,0.0571,0.05792246,69.26,BTC-30DEC22-35000-C,24230.25,sell,250.0,,46968,,
959,226353400,2022-08-11 20:55:48,0,0.0575,0.05775296,69.5,BTC-30DEC22-35000-C,24218.05,buy,0.8,,,,
960,226353829,2022-08-11 21:04:52,2,0.0568,0.05762631,69.2,BTC-30DEC22-35000-C,24204.24,sell,250.0,,46970,,
961,226397396,2022-08-12 11:21:41,2,0.0535,0.05290849,69.72,BTC-30DEC22-35000-C,23749.3,buy,0.7,,,,
962,226397397,2022-08-12 11:21:41,3,0.0535,0.05290849,69.72,BTC-30DEC22-35000-C,23749.3,buy,6.0,,,,
963,226397398,2022-08-12 11:21:41,3,0.0535,0.05290849,69.72,BTC-30DEC22-35000-C,23749.3,sell,3.3,,,,
964,226398213,2022-08-12 11:32:14,2,0.0525,0.0526595,69.53,BTC-30DEC22-35000-C,23676.25,sell,0.1,,,,
965,226398214,2022-08-12 11:32:14,3,0.0525,0.0526595,69.53,BTC-30DEC22-35000-C,23676.25,sell,0.1,,,,
966,226398244,2022-08-12 11:32:18,3,0.0525,0.05262832,69.55,BTC-30DEC22-35000-C,23671.4,sell,0.1,,,,
967,226398245,2022-08-12 11:32:18,3,0.0525,0.05262832,69.55,BTC-30DEC22-35000-C,23671.4,sell,0.1,,,,
968,226398246,2022-08-12 11:32:18,3,0.0525,0.05262832,69.55,BTC-30DEC22-35000-C,23671.4,sell,0.1,,,,
969,226398247,2022-08-12 11:32:18,3,0.0525,0.05262832,69.55,BTC-30DEC22-35000-C,23671.4,sell,0.1,,,,
970,226398248,2022-08-12 11:32:18,3,0.0525,0.05262832,69.55,BTC-30DEC22-35000-C,23671.4,sell,0.1,,,,
971,226398278,2022-08-12 11:32:20,3,0.0525,0.05261198,69.56,BTC-30DEC22-35000-C,23669.24,sell,0.1,,,,
972,226398279,2022-08-12 11:32:20,3,0.0525,0.05261198,69.56,BTC-30DEC22-35000-C,23669.24,sell,0.1,,,,
973,226398284,2022-08-12 11:32:21,3,0.0525,0.05261113,69.56,BTC-30DEC22-35000-C,23669.2,sell,0.1,,,,
974,226398286,2022-08-12 11:32:22,3,0.0525,0.05261422,69.56,BTC-30DEC22-35000-C,23669.64,sell,0.1,,,,
975,226398287,2022-08-12 11:32:22,3,0.0525,0.05261422,69.56,BTC-30DEC22-35000-C,23669.64,sell,0.1,,,,
976,226398432,2022-08-12 11:33:37,3,0.0525,0.05253085,69.59,BTC-30DEC22-35000-C,23660.54,sell,0.1,,,,
977,226398433,2022-08-12 11:33:37,3,0.0525,0.05253085,69.59,BTC-30DEC22-35000-C,23660.54,sell,0.1,,,,
978,226398434,2022-08-12 11:33:37,3,0.0525,0.05253085,69.59,BTC-30DEC22-35000-C,23660.54,sell,0.1,,,,
979,226398435,2022-08-12 11:33:37,3,0.0525,0.05253085,69.59,BTC-30DEC22-35000-C,23660.54,sell,0.1,,,,
980,226398443,2022-08-12 11:33:37,3,0.0525,0.05250901,69.6,BTC-30DEC22-35000-C,23658.06,sell,0.1,,,,
981,226398459,2022-08-12 11:33:52,3,0.0525,0.05248313,69.62,BTC-30DEC22-35000-C,23656.59,sell,0.1,,,,
982,226398460,2022-08-12 11:33:52,3,0.0525,0.05248313,69.62,BTC-30DEC22-35000-C,23655.09,sell,0.1,,,,
