trade_seq,trade_id,timestamp,tick_direction,price,mark_price,iv,instrument_name,index_price,direction,contracts,block_trade_id,amount,combo_id,combo_trade_id,liquidation
1,306700343,2024-06-27 14:26:38,1,0.0895,0.08673385,69.11,BTC-27JUN25-130000-C,62260.84,buy,6.0,,6.0,,,
2,306708506,2024-06-27 15:36:17,2,0.0865,0.08733099,68.92,BTC-27JUN25-130000-C,61506.74,sell,0.9,,0.9,,,
3,306768828,2024-06-28 07:06:51,2,0.082,0.08532962,67.75,BTC-27JUN25-130000-C,61494.46,sell,0.2,,0.2,,,
4,306821108,2024-06-28 13:28:53,0,0.086,0.08684647,69.3,BTC-27JUN25-130000-C,61432.52,sell,1.0,,1.0,,,
5,306910493,2024-06-29 15:26:58,1,0.086,0.0848656,69.83,BTC-27JUN25-130000-C,60898.03,buy,1.9,,1.9,,,
6,306910494,2024-06-29 15:26:58,1,0.086,0.0848656,69.83,BTC-27JUN25-130000-C,60898.03,buy,3.1,,3.1,,,
7,306990879,2024-07-01 01:12:53,0,0.088,0.08828753,67.93,BTC-27JUN25-130000-C,63493.84,buy,0.2,,0.2,,,
8,307191188,2024-07-03 04:33:06,2,0.075,0.07524457,67.25,BTC-27JUN25-130000-C,60795.55,sell,0.1,,0.1,,,
9,307223032,2024-07-03 10:32:18,2,0.0725,0.07172616,67.24,BTC-27JUN25-130000-C,60060.43,sell,0.2,,0.2,,,
10,307259383,2024-07-03 14:36:51,2,0.068,0.068371,65.52,BTC-27JUN25-130000-C,60248.41,sell,0.1,,0.1,,,
11,307320379,2024-07-04 01:48:37,2,0.067,0.06756009,66.35,BTC-27JUN25-130000-C,59253.02,sell,0.1,,0.1,,,
12,307417281,2024-07-04 11:04:17,2,0.065,0.06422695,67.01,BTC-27JUN25-130000-C,57878.2,buy,1.9,,1.9,,,
13,307529329,2024-07-05 02:59:29,2,0.063,0.06176177,68.77,BTC-27JUN25-130000-C,55581.73,sell,0.1,,0.1,,,
14,307529330,2024-07-05 02:59:29,3,0.063,0.06176177,68.77,BTC-27JUN25-130000-C,55581.73,sell,0.1,,0.1,,,
15,307563563,2024-07-05 04:19:38,2,0.06,0.05826843,69.6,BTC-27JUN25-130000-C,53683.82,sell,0.1,,0.1,,,
16,307589602,2024-07-05 05:35:54,3,0.06,0.06036468,69.05,BTC-27JUN25-130000-C,54231.34,buy,3.0,,3.0,,,
17,307700000,2024-07-05 14:07:13,0,0.0615,0.06240355,68.08,BTC-27JUN25-130000-C,55668.5,buy,0.1,,0.1,,,
18,307782800,2024-07-06 06:22:07,0,0.065,0.06425981,68.34,BTC-27JUN25-130000-C,56548.77,buy,0.7,,0.7,,,
19,307783332,2024-07-06 06:34:57,1,0.065,0.06420535,68.37,BTC-27JUN25-130000-C,56524.06,buy,0.2,,0.2,,,
20,307901468,2024-07-07 20:36:44,0,0.0695,0.06998344,69.31,BTC-27JUN25-130000-C,57240.72,buy,0.2,,0.2,,,
21,307901471,2024-07-07 20:37:03,1,0.0695,0.0699686,69.31,BTC-27JUN25-130000-C,57242.39,buy,0.3,,0.3,,,
22,307901481,2024-07-07 20:37:22,1,0.0695,0.06996168,69.31,BTC-27JUN25-130000-C,57247.46,buy,0.5,,0.5,,,
23,308030862,2024-07-08 13:09:48,0,0.0705,0.0704617,69.5,BTC-27JUN25-130000-C,57380.15,buy,1.6,,1.6,,,
24,308030869,2024-07-08 13:09:51,1,0.0705,0.07043321,69.51,BTC-27JUN25-130000-C,57371.99,buy,1.6,,1.6,,,
25,308201531,2024-07-09 18:18:23,0,0.071,0.06992387,69.37,BTC-27JUN25-130000-C,57713.54,buy,0.1,,0.1,,,
26,308249563,2024-07-10 04:26:32,2,0.07,0.06990556,67.89,BTC-27JUN25-130000-C,58923.32,buy,1.2,,1.2,,,
27,308813259,2024-07-14 22:40:46,0,0.0745,0.07515938,67.52,BTC-27JUN25-130000-C,60847.93,buy,0.8,,0.8,,,
28,308977879,2024-07-15 18:23:32,0,0.079,0.08050589,66.63,BTC-27JUN25-130000-C,63499.08,sell,0.1,,0.1,,,
29,308977880,2024-07-15 18:23:32,1,0.079,0.08050589,66.63,BTC-27JUN25-130000-C,63499.08,buy,0.9,,0.9,,,
30,308979410,2024-07-15 18:36:41,1,0.079,0.08067712,66.6,BTC-27JUN25-130000-C,63511.89,sell,0.1,,0.1,,,
31,308979411,2024-07-15 18:36:41,1,0.079,0.08067712,66.6,BTC-27JUN25-130000-C,63511.89,buy,1.9,,1.9,,,
32,309032540,2024-07-16 00:23:31,0,0.089,0.08779586,68.52,BTC-27JUN25-130000-C,64641.57,buy,0.1,,0.1,,,
33,309181212,2024-07-16 18:05:00,2,0.087,0.08579764,68.21,BTC-27JUN25-130000-C,64484.98,sell,1.8,,1.8,,,
34,309181780,2024-07-16 18:09:53,0,0.088,0.087333,68.39,BTC-27JUN25-130000-C,64659.3,buy,0.9,,0.9,,,
35,309475636,2024-07-18 13:19:51,0,0.0885,0.08849044,68.34,BTC-27JUN25-130000-C,65084.97,buy,0.1,,0.1,,,
36,309475687,2024-07-18 13:20:24,0,0.089,0.08845353,68.51,BTC-27JUN25-130000-C,65059.96,buy,0.1,,0.1,,,
37,309520549,2024-07-18 19:07:25,0,0.0895,0.08943684,70.02,BTC-27JUN25-130000-C,63598.95,buy,0.1,,0.1,,,
38,309524044,2024-07-18 19:47:33,0,0.09,0.08970509,70.16,BTC-27JUN25-130000-C,63597.73,buy,0.1,,0.1,,,
39,309524458,2024-07-18 19:53:41,0,0.0905,0.08997235,70.25,BTC-27JUN25-130000-C,63648.95,buy,0.1,,0.1,,,
40,309542892,2024-07-19 01:01:30,0,0.091,0.09246183,70.51,BTC-27JUN25-130000-C,63540.89,sell,0.1,,0.1,,,
41,309593725,2024-07-19 08:29:31,0,0.1018,0.11002524,73.87,BTC-27JUN25-130000-C,63516.53,sell,25.0,148811,25.0,,,
42,310383159,2024-07-24 19:26:47,0,0.103,0.10220359,72.46,BTC-27JUN25-130000-C,65928.75,sell,1.0,,1.0,,,
43,310383160,2024-07-24 19:26:47,1,0.103,0.10220359,72.46,BTC-27JUN25-130000-C,65928.75,sell,0.8,,0.8,,,
44,310383168,2024-07-24 19:26:55,0,0.1035,0.10225356,72.59,BTC-27JUN25-130000-C,65936.91,buy,1.8,,1.8,,,
45,310383169,2024-07-24 19:26:55,1,0.1035,0.10225356,72.59,BTC-27JUN25-130000-C,65936.91,sell,1.3,,1.3,,,
46,310383173,2024-07-24 19:26:55,1,0.1035,0.10225356,72.59,BTC-27JUN25-130000-C,65936.91,sell,0.7,,0.7,,,
47,310383182,2024-07-24 19:26:55,1,0.1035,0.10225356,72.59,BTC-27JUN25-130000-C,65936.91,sell,0.4,,0.4,,,
48,310383183,2024-07-24 19:26:55,1,0.1035,0.10225356,72.59,BTC-27JUN25-130000-C,65936.91,sell,0.8,,0.8,,,
49,310549879,2024-07-25 14:54:50,2,0.092,0.09134874,70.93,BTC-27JUN25-130000-C,64698.46,buy,0.1,,0.1,,,
50,310838385,2024-07-27 13:19:40,0,0.104,0.10221493,70.46,BTC-27JUN25-130000-C,68828.79,sell,0.1,,0.1,,,
51,311153328,2024-07-29 06:00:17,2,0.094,0.09527099,66.52,BTC-27JUN25-130000-C,69704.85,sell,2.8,,2.8,,,
52,311178272,2024-07-29 10:12:24,2,0.0915,0.09227951,66.17,BTC-27JUN25-130000-C,69433.41,sell,0.4,,0.4,,,
53,311209625,2024-07-29 14:02:38,0,0.093,0.09202511,66.97,BTC-27JUN25-130000-C,69108.8,sell,2.1,,2.1,,,
54,311349973,2024-07-30 06:32:36,2,0.079,0.07803267,65.21,BTC-27JUN25-130000-C,66685.71,sell,0.1,,0.1,,,
55,311384992,2024-07-30 13:53:19,2,0.076,0.07583658,64.63,BTC-27JUN25-130000-C,66427.51,sell,0.1,,0.1,,,
56,311445927,2024-07-31 02:32:51,3,0.076,0.07687495,64.77,BTC-27JUN25-130000-C,66309.2,sell,1.0,,1.0,,,
57,311605960,2024-08-01 02:27:19,2,0.067,0.06913808,64.7,BTC-27JUN25-130000-C,64016.66,sell,0.1,,0.1,,,
58,311605977,2024-08-01 02:27:22,3,0.067,0.06910034,64.71,BTC-27JUN25-130000-C,64002.68,sell,0.1,,0.1,,,
59,311606003,2024-08-01 02:27:26,3,0.067,0.06906484,64.71,BTC-27JUN25-130000-C,63999.34,sell,0.1,,0.1,,,
60,311606020,2024-08-01 02:27:29,3,0.067,0.06905335,64.74,BTC-27JUN25-130000-C,63974.69,sell,0.1,,0.1,,,
61,311606286,2024-08-01 02:28:23,3,0.067,0.06913565,64.69,BTC-27JUN25-130000-C,64020.66,sell,0.1,,0.1,,,
62,311614615,2024-08-01 03:15:34,2,0.0655,0.06718145,64.41,BTC-27JUN25-130000-C,63824.27,sell,0.1,,0.1,,,
63,311627680,2024-08-01 05:00:46,2,0.0645,0.06570789,64.19,BTC-27JUN25-130000-C,63612.2,sell,0.1,,0.1,,,
64,311672337,2024-08-01 14:15:27,0,0.0665,0.0671958,63.84,BTC-27JUN25-130000-C,64527.34,sell,0.1,,0.1,,,
65,311672366,2024-08-01 14:15:47,1,0.0665,0.0671603,63.86,BTC-27JUN25-130000-C,64507.59,sell,0.1,,0.1,,,
66,311672407,2024-08-01 14:16:33,1,0.0665,0.06723978,63.84,BTC-27JUN25-130000-C,64519.18,sell,0.1,,0.1,,,
67,311672414,2024-08-01 14:16:36,1,0.0665,0.06717953,63.86,BTC-27JUN25-130000-C,64501.23,sell,0.3,,0.3,,,
68,311792310,2024-08-02 00:05:18,0,0.067,0.06854594,63.47,BTC-27JUN25-130000-C,65407.2,buy,0.7,,0.7,,,
69,311874547,2024-08-02 12:35:27,2,0.0625,0.06282795,63.19,BTC-27JUN25-130000-C,64321.17,buy,1.0,,1.0,,,
70,311915178,2024-08-02 15:09:06,2,0.06,0.06003363,63.83,BTC-27JUN25-130000-C,62811.3,sell,0.1,,0.1,,,
71,311922801,2024-08-02 15:28:23,3,0.06,0.06012586,63.93,BTC-27JUN25-130000-C,62695.27,sell,0.1,,0.1,,,
72,311970357,2024-08-02 20:56:56,2,0.0565,0.05798539,63.0,BTC-27JUN25-130000-C,62337.88,sell,0.1,,0.1,,,
73,312191958,2024-08-04 17:36:37,2,0.0515,0.05248739,65.53,BTC-27JUN25-130000-C,58108.68,sell,0.1,,0.1,,,
74,312195566,2024-08-04 17:43:27,2,0.05,0.05092897,65.41,BTC-27JUN25-130000-C,57727.57,sell,0.1,,0.1,,,
75,312344166,2024-08-05 01:31:07,3,0.05,0.04500424,69.17,BTC-27JUN25-130000-C,53869.64,sell,4.2,,4.2,,,
76,312344167,2024-08-05 01:31:07,3,0.05,0.04500424,69.17,BTC-27JUN25-130000-C,53869.64,sell,0.8,,0.8,,,
77,312429567,2024-08-05 05:24:35,2,0.049,0.04806418,69.41,BTC-27JUN25-130000-C,53298.51,buy,0.2,,0.2,,,
78,312495173,2024-08-05 06:38:39,0,0.062,0.05525585,77.79,BTC-27JUN25-130000-C,50802.36,sell,0.2,,0.2,,,
79,313209762,2024-08-07 13:59:20,2,0.0585,0.05931821,69.38,BTC-27JUN25-130000-C,56800.33,buy,0.1,,0.1,,,
80,313214071,2024-08-07 14:21:30,0,0.059,0.05851211,70.0,BTC-27JUN25-130000-C,56375.09,buy,0.1,,0.1,,,
81,313250084,2024-08-07 18:10:34,2,0.058,0.05862309,70.5,BTC-27JUN25-130000-C,55402.56,sell,0.2,,0.2,,,
82,313474768,2024-08-08 21:03:45,0,0.0625,0.06302014,67.84,BTC-27JUN25-130000-C,59618.03,sell,0.1,,0.1,,,
83,313476079,2024-08-08 21:33:06,1,0.0625,0.06194253,67.81,BTC-27JUN25-130000-C,59698.62,buy,0.9,,0.9,,,
84,313507580,2024-08-08 22:54:37,0,0.0685,0.0696478,67.59,BTC-27JUN25-130000-C,61900.48,buy,0.4,,0.4,,,
85,313509118,2024-08-08 22:55:53,1,0.0685,0.06992443,67.35,BTC-27JUN25-130000-C,62112.59,buy,0.6,,0.6,,,
86,313691041,2024-08-09 21:00:40,2,0.0645,0.06539792,67.75,BTC-27JUN25-130000-C,60737.81,buy,0.3,,0.3,,,
87,313691054,2024-08-09 21:01:00,3,0.0645,0.06530713,67.77,BTC-27JUN25-130000-C,60718.55,buy,0.2,,0.2,,,
88,313691055,2024-08-09 21:01:03,3,0.0645,0.06532011,67.76,BTC-27JUN25-130000-C,60723.53,buy,0.2,,0.2,,,
89,313876253,2024-08-11 23:49:01,2,0.059,0.06036132,67.64,BTC-27JUN25-130000-C,58846.9,buy,0.1,,0.1,,,
90,314052057,2024-08-12 23:15:52,0,0.065,0.06424029,69.39,BTC-27JUN25-130000-C,59441.79,buy,2.0,,2.0,,,
91,314280255,2024-08-14 16:45:49,2,0.063,0.06341693,69.44,BTC-27JUN25-130000-C,58908.61,sell,0.1,,0.1,,,
92,314798693,2024-08-19 22:34:13,2,0.06,0.0606912,69.09,BTC-27JUN25-130000-C,59130.21,buy,2.0,,2.0,,,
93,314907989,2024-08-20 16:05:41,2,0.0585,0.05946631,68.8,BTC-27JUN25-130000-C,58925.65,sell,1.0,,1.0,,,
94,315138943,2024-08-22 22:14:30,0,0.063,0.06341325,69.36,BTC-27JUN25-130000-C,60537.16,buy,0.4,,0.4,,,
95,315138944,2024-08-22 22:14:31,1,0.063,0.06341063,69.36,BTC-27JUN25-130000-C,60537.16,buy,0.2,,0.2,,,
96,315139199,2024-08-22 22:20:11,2,0.0625,0.06302893,69.27,BTC-27JUN25-130000-C,60453.61,buy,0.4,,0.4,,,
97,315515307,2024-08-26 14:38:02,0,0.068,0.06839561,68.59,BTC-27JUN25-130000-C,63394.93,sell,1.0,,1.0,,,
98,315846914,2024-08-28 13:47:28,2,0.0555,0.05631096,68.33,BTC-27JUN25-130000-C,59783.05,buy,0.1,,0.1,,,
99,315873062,2024-08-28 15:53:52,2,0.0535,0.05402775,68.45,BTC-27JUN25-130000-C,58904.16,buy,0.5,,0.5,,,
100,315933453,2024-08-29 06:05:15,0,0.0545,0.05502413,68.21,BTC-27JUN25-130000-C,59532.55,buy,0.4,,0.4,,,
101,316016425,2024-08-29 20:45:03,0,0.0565,0.05477846,69.22,BTC-27JUN25-130000-C,59390.05,buy,2.5,,2.5,,,
102,316016426,2024-08-29 20:45:03,1,0.0565,0.05477846,69.22,BTC-27JUN25-130000-C,59390.05,sell,2.5,,2.5,,,
103,316130809,2024-08-30 16:06:11,2,0.053,0.05385293,69.18,BTC-27JUN25-130000-C,58230.56,buy,0.5,,0.5,,,
104,316175024,2024-08-31 14:41:03,2,0.0525,0.05196084,68.27,BTC-27JUN25-130000-C,59090.99,buy,0.5,,0.5,,,
105,316217325,2024-09-01 14:01:00,2,0.05,0.05107663,68.35,BTC-27JUN25-130000-C,58114.22,buy,1.0,,1.0,,,
106,316232419,2024-09-01 18:00:58,3,0.05,0.05157893,68.34,BTC-27JUN25-130000-C,58133.59,buy,2.5,,2.5,,,
107,316232422,2024-09-01 18:00:58,0,0.0505,0.05157496,68.55,BTC-27JUN25-130000-C,58133.59,buy,1.4,,1.4,,,
108,316232423,2024-09-01 18:00:58,1,0.0505,0.05157496,68.55,BTC-27JUN25-130000-C,58133.59,buy,1.1,,1.1,,,
109,316395165,2024-09-03 17:52:46,0,0.052,0.05243221,69.77,BTC-27JUN25-130000-C,57880.07,buy,2.2,,2.2,,,
110,316401413,2024-09-03 19:28:56,1,0.052,0.05276786,69.6,BTC-27JUN25-130000-C,58043.6,buy,0.3,,0.3,,,
111,316520871,2024-09-04 19:24:10,1,0.052,0.05205928,69.97,BTC-27JUN25-130000-C,57842.96,buy,1.0,,1.0,,,
112,316534716,2024-09-05 02:02:33,0,0.0535,0.05247568,70.37,BTC-27JUN25-130000-C,58044.03,sell,1.2,,1.2,,,
113,316534717,2024-09-05 02:02:33,1,0.0535,0.05247568,70.37,BTC-27JUN25-130000-C,58044.03,sell,0.2,,0.2,,,
114,316534749,2024-09-05 02:03:42,0,0.054,0.05281231,70.56,BTC-27JUN25-130000-C,58046.62,sell,3.6,,3.6,,,
115,316585498,2024-09-05 15:00:53,2,0.05,0.04995232,70.74,BTC-27JUN25-130000-C,56471.06,sell,0.7,,0.7,,,
116,316588899,2024-09-05 15:17:49,0,0.0505,0.05032947,70.86,BTC-27JUN25-130000-C,56575.46,sell,0.3,,0.3,,,
117,316861630,2024-09-08 03:06:35,2,0.0435,0.04445872,70.52,BTC-27JUN25-130000-C,54342.21,buy,0.1,,0.1,,,
118,316968749,2024-09-09 13:20:31,0,0.048,0.0466547,71.54,BTC-27JUN25-130000-C,55510.72,buy,1.0,,1.0,,,
119,317087823,2024-09-10 09:39:18,0,0.051,0.04999082,71.2,BTC-27JUN25-130000-C,57151.2,buy,0.1,,0.1,,,
120,317095189,2024-09-10 12:19:30,0,0.0515,0.05026026,71.16,BTC-27JUN25-130000-C,57379.68,buy,0.4,,0.4,,,
121,317600600,2024-09-14 20:27:26,0,0.054,0.05174535,70.06,BTC-27JUN25-130000-C,60050.43,sell,0.1,,0.1,,,
122,317630981,2024-09-15 15:31:37,2,0.051,0.05166351,68.82,BTC-27JUN25-130000-C,60247.07,buy,0.1,,0.1,,,
123,317717333,2024-09-16 14:32:26,2,0.0465,0.0465611,69.58,BTC-27JUN25-130000-C,57803.81,sell,0.9,,0.9,,,
124,317718453,2024-09-16 14:34:40,3,0.0465,0.04616525,69.8,BTC-27JUN25-130000-C,57597.87,sell,0.1,,0.1,,,
125,317829709,2024-09-17 15:18:57,0,0.0525,0.05234671,68.85,BTC-27JUN25-130000-C,61191.16,buy,1.2,,1.2,,,
126,317839973,2024-09-17 16:04:31,2,0.051,0.05176412,68.32,BTC-27JUN25-130000-C,61167.33,sell,1.0,,1.0,,,
127,318150311,2024-09-19 13:34:58,0,0.0525,0.05163016,67.47,BTC-27JUN25-130000-C,63061.06,buy,1.8,,1.8,,,
128,318150312,2024-09-19 13:34:58,1,0.0525,0.05163016,67.47,BTC-27JUN25-130000-C,63061.06,buy,8.2,,8.2,,,
129,318188681,2024-09-19 17:23:33,1,0.0525,0.05286869,67.11,BTC-27JUN25-130000-C,63398.96,buy,2.0,,2.0,,,
130,318191127,2024-09-19 17:39:04,0,0.053,0.05402708,67.02,BTC-27JUN25-130000-C,63657.99,sell,6.0,,6.0,,,
131,318191128,2024-09-19 17:39:04,1,0.053,0.05402708,67.02,BTC-27JUN25-130000-C,63657.99,buy,1.6,,1.6,,,
132,318191129,2024-09-19 17:39:04,1,0.053,0.05402909,67.02,BTC-27JUN25-130000-C,63658.01,buy,2.4,,2.4,,,
133,318191135,2024-09-19 17:39:04,1,0.053,0.05402909,67.02,BTC-27JUN25-130000-C,63658.01,buy,9.1,,9.1,,,
134,318231312,2024-09-19 23:51:16,2,0.052,0.05132285,67.29,BTC-27JUN25-130000-C,62976.84,sell,5.0,,5.0,,,
135,318341951,2024-09-20 17:57:20,2,0.0505,0.05114811,67.06,BTC-27JUN25-130000-C,62650.68,sell,5.0,,5.0,,,
136,318341952,2024-09-20 17:57:20,3,0.0505,0.05114811,67.06,BTC-27JUN25-130000-C,62650.68,sell,3.1,,3.1,,,
137,318341953,2024-09-20 17:57:20,3,0.0505,0.05114811,67.06,BTC-27JUN25-130000-C,62650.68,buy,0.8,,0.8,,,
138,318508773,2024-09-23 13:33:11,3,0.0505,0.05034595,66.9,BTC-27JUN25-130000-C,63207.7,buy,0.5,,0.5,,,
139,318510873,2024-09-23 13:46:39,0,0.051,0.05018903,67.22,BTC-27JUN25-130000-C,63082.47,buy,0.1,,0.1,,,
140,318510883,2024-09-23 13:46:42,1,0.051,0.05021692,67.19,BTC-27JUN25-130000-C,63116.52,buy,2.4,,2.4,,,
141,318514415,2024-09-23 14:09:54,0,0.0525,0.05135724,67.5,BTC-27JUN25-130000-C,63410.82,buy,5.0,,5.0,,,
142,318514416,2024-09-23 14:09:54,1,0.0525,0.05135724,67.5,BTC-27JUN25-130000-C,63410.82,buy,1.0,,1.0,,,
143,318523800,2024-09-23 15:08:17,2,0.0515,0.0509482,67.42,BTC-27JUN25-130000-C,63144.34,buy,0.7,,0.7,,,
144,318529816,2024-09-23 16:09:58,0,0.0525,0.05237525,67.42,BTC-27JUN25-130000-C,63579.28,sell,0.4,,0.4,,,
145,318529817,2024-09-23 16:09:58,1,0.0525,0.05237525,67.42,BTC-27JUN25-130000-C,63579.28,sell,0.1,,0.1,,,
146,318529828,2024-09-23 16:09:59,1,0.0525,0.05236667,67.42,BTC-27JUN25-130000-C,63579.28,sell,0.1,,0.1,,,
147,318529832,2024-09-23 16:09:59,1,0.0525,0.05236667,67.42,BTC-27JUN25-130000-C,63579.28,sell,0.1,,0.1,,,
148,318529843,2024-09-23 16:10:00,1,0.0525,0.05234957,67.43,BTC-27JUN25-130000-C,63579.28,sell,0.1,,0.1,,,
149,318530071,2024-09-23 16:10:43,1,0.0525,0.05228781,67.46,BTC-27JUN25-130000-C,63533.01,sell,0.9,,0.9,,,
150,318530072,2024-09-23 16:10:43,1,0.0525,0.05228781,67.46,BTC-27JUN25-130000-C,63533.01,sell,0.1,,0.1,,,
151,318530118,2024-09-23 16:11:30,1,0.0525,0.05227209,67.49,BTC-27JUN25-130000-C,63508.06,sell,0.1,,0.1,,,
152,318530129,2024-09-23 16:11:33,1,0.0525,0.05226705,67.49,BTC-27JUN25-130000-C,63508.67,sell,0.1,,0.1,,,
153,318530375,2024-09-23 16:12:56,1,0.0525,0.05234368,67.5,BTC-27JUN25-130000-C,63493.48,sell,0.1,,0.1,,,
154,318530391,2024-09-23 16:13:01,1,0.0525,0.05229109,67.5,BTC-27JUN25-130000-C,63486.25,sell,0.1,,0.1,,,
155,318530402,2024-09-23 16:13:02,1,0.0525,0.05229518,67.51,BTC-27JUN25-130000-C,63476.48,sell,0.1,,0.1,,,
156,318530417,2024-09-23 16:13:03,1,0.0525,0.05229518,67.53,BTC-27JUN25-130000-C,63461.48,sell,0.1,,0.1,,,
157,318530427,2024-09-23 16:13:04,1,0.0525,0.05229518,67.53,BTC-27JUN25-130000-C,63461.48,sell,0.1,,0.1,,,
158,318530430,2024-09-23 16:13:06,1,0.0525,0.05217726,67.56,BTC-27JUN25-130000-C,63427.39,sell,1.5,,1.5,,,
159,318578632,2024-09-24 08:55:25,2,0.051,0.05102253,66.51,BTC-27JUN25-130000-C,63860.92,buy,0.8,,0.8,,,
160,318599585,2024-09-24 14:05:43,2,0.05,0.04985104,66.85,BTC-27JUN25-130000-C,63171.89,sell,1.0,,1.0,,,
161,318618447,2024-09-24 16:54:01,2,0.049,0.04916231,66.32,BTC-27JUN25-130000-C,63309.36,buy,0.2,,0.2,,,
162,318621111,2024-09-24 17:22:58,0,0.05,0.04944175,66.57,BTC-27JUN25-130000-C,63468.27,buy,5.0,,5.0,,,
163,318621112,2024-09-24 17:22:58,1,0.05,0.04944175,66.57,BTC-27JUN25-130000-C,63468.27,buy,3.2,,3.2,,,
164,318645234,2024-09-24 20:37:11,0,0.0505,0.05117101,66.1,BTC-27JUN25-130000-C,64165.96,sell,1.0,,1.0,,,
165,318696381,2024-09-25 06:54:56,2,0.05,0.04984207,66.27,BTC-27JUN25-130000-C,63890.66,buy,0.8,,0.8,,,
166,318722932,2024-09-25 12:56:36,2,0.049,0.04903088,65.97,BTC-27JUN25-130000-C,63642.18,buy,0.8,,0.8,,,
167,318766397,2024-09-25 22:36:43,2,0.0484,0.04838095,66.11,BTC-27JUN25-130000-C,63354.29,sell,6.4,159047,6.4,,,
168,318810282,2024-09-26 09:55:37,2,0.0475,0.04725363,65.18,BTC-27JUN25-130000-C,63801.45,buy,0.8,,0.8,,,
169,320204108,2024-10-08 11:48:40,2,0.0375,0.03640588,63.72,BTC-27JUN25-130000-C,62605.36,buy,6.0,,6.0,,,
170,320440385,2024-10-10 14:54:19,2,0.0315,0.03187493,63.01,BTC-27JUN25-130000-C,60537.74,sell,3.0,,3.0,,,
171,320446067,2024-10-10 15:52:31,3,0.0315,0.03180191,62.88,BTC-27JUN25-130000-C,60663.59,sell,2.8,,2.8,,,
172,320455231,2024-10-10 17:09:33,2,0.03,0.03029214,62.73,BTC-27JUN25-130000-C,60036.13,buy,0.1,,0.1,,,
173,320530589,2024-10-11 06:36:29,0,0.032,0.03195917,63.11,BTC-27JUN25-130000-C,60806.55,buy,0.2,,0.2,,,
174,320656247,2024-10-12 06:32:32,0,0.036,0.03651719,63.4,BTC-27JUN25-130000-C,62697.44,buy,0.5,,0.5,,,
175,320656680,2024-10-12 07:03:42,0,0.0375,0.03651019,64.18,BTC-27JUN25-130000-C,62647.23,sell,0.1,,0.1,,,
176,320771025,2024-10-14 03:47:57,0,0.0395,0.03913806,64.08,BTC-27JUN25-130000-C,63935.45,sell,5.0,,5.0,,,
177,320850975,2024-10-14 13:51:06,0,0.0425,0.04135509,64.24,BTC-27JUN25-130000-C,65142.63,buy,8.0,,8.0,,,
178,320850976,2024-10-14 13:51:06,1,0.0425,0.04135509,64.24,BTC-27JUN25-130000-C,65142.63,buy,4.0,,4.0,,,
179,321244343,2024-10-16 12:01:28,0,0.0465,0.04605247,63.67,BTC-27JUN25-130000-C,67755.42,sell,0.5,,0.5,,,
180,321362500,2024-10-17 12:44:08,2,0.043,0.04312721,63.05,BTC-27JUN25-130000-C,67108.41,sell,1.0,,1.0,,,
181,321507282,2024-10-18 15:50:04,0,0.045,0.04492524,62.27,BTC-27JUN25-130000-C,68775.6,buy,0.1,,0.1,,,
182,321618411,2024-10-20 22:47:00,0,0.046,0.04534966,62.31,BTC-27JUN25-130000-C,69228.14,buy,3.9,,3.9,,,
183,321618902,2024-10-20 22:51:41,1,0.046,0.04532222,62.27,BTC-27JUN25-130000-C,69270.98,buy,2.6,,2.6,,,
184,321618903,2024-10-20 22:51:41,1,0.046,0.04532222,62.27,BTC-27JUN25-130000-C,69270.98,buy,0.1,,0.1,,,
185,321625916,2024-10-20 23:43:04,1,0.046,0.04593857,62.49,BTC-27JUN25-130000-C,69059.31,sell,0.1,,0.1,,,
186,321800561,2024-10-22 09:13:20,2,0.0405,0.03965181,62.28,BTC-27JUN25-130000-C,67015.92,sell,2.0,,2.0,,,
187,321800798,2024-10-22 09:16:20,0,0.041,0.04037297,62.52,BTC-27JUN25-130000-C,67002.63,sell,0.7,,0.7,,,
188,321800799,2024-10-22 09:16:31,1,0.041,0.04037432,62.52,BTC-27JUN25-130000-C,67001.44,sell,0.1,,0.1,,,
189,321800863,2024-10-22 09:17:12,1,0.041,0.04042919,62.54,BTC-27JUN25-130000-C,66990.72,sell,0.1,,0.1,,,
190,321800883,2024-10-22 09:17:37,1,0.041,0.04043683,62.57,BTC-27JUN25-130000-C,66966.34,sell,0.1,,0.1,,,
191,321800899,2024-10-22 09:18:02,1,0.041,0.04043166,62.6,BTC-27JUN25-130000-C,66929.63,sell,1.3,,1.3,,,
192,321811100,2024-10-22 11:44:50,2,0.0405,0.04004812,62.05,BTC-27JUN25-130000-C,67318.77,buy,5.0,,5.0,,,
193,321916816,2024-10-23 11:48:46,2,0.037,0.03716582,61.48,BTC-27JUN25-130000-C,66386.94,buy,3.5,,3.5,,,
194,321916819,2024-10-23 11:49:00,3,0.037,0.03715169,61.48,BTC-27JUN25-130000-C,66383.72,buy,3.8,,3.8,,,
195,321919666,2024-10-23 12:19:41,2,0.036,0.03649268,60.95,BTC-27JUN25-130000-C,66420.24,buy,1.0,,1.0,,,
196,321919667,2024-10-23 12:19:41,3,0.036,0.03649268,60.95,BTC-27JUN25-130000-C,66420.24,buy,1.0,,1.0,,,
197,322007739,2024-10-23 22:15:26,0,0.0375,0.03729843,61.86,BTC-27JUN25-130000-C,66451.14,sell,2.0,,2.0,,,
198,322174667,2024-10-25 07:29:18,1,0.0375,0.03837404,61.0,BTC-27JUN25-130000-C,67271.43,sell,5.0,,5.0,,,
199,322452119,2024-10-28 01:12:33,2,0.037,0.03675385,60.44,BTC-27JUN25-130000-C,67788.7,sell,0.1,,0.1,,,
200,322452528,2024-10-28 01:21:14,3,0.037,0.03659715,60.53,BTC-27JUN25-130000-C,67704.47,sell,0.1,,0.1,,,
201,322514177,2024-10-28 14:51:16,0,0.038,0.03840577,59.79,BTC-27JUN25-130000-C,68949.89,buy,10.0,,10.0,,,
202,322617009,2024-10-29 02:40:24,0,0.0435,0.04317904,60.04,BTC-27JUN25-130000-C,71217.75,buy,0.1,,0.1,,,
203,322627782,2024-10-29 03:59:42,2,0.0425,0.0422896,59.98,BTC-27JUN25-130000-C,70873.68,sell,0.1,,0.1,,,
204,322636126,2024-10-29 06:21:04,0,0.043,0.04231129,60.01,BTC-27JUN25-130000-C,71059.41,sell,1.2,,1.2,,,
205,322636127,2024-10-29 06:21:04,1,0.043,0.04231129,60.01,BTC-27JUN25-130000-C,71059.41,sell,0.2,,0.2,,,
206,322636128,2024-10-29 06:21:06,1,0.043,0.04233024,60.01,BTC-27JUN25-130000-C,71059.05,sell,0.1,,0.1,,,
207,322636159,2024-10-29 06:21:19,1,0.043,0.04249722,60.0,BTC-27JUN25-130000-C,71076.49,sell,0.9,,0.9,,,
208,322666414,2024-10-29 11:46:12,0,0.044,0.04439935,59.99,BTC-27JUN25-130000-C,71474.08,sell,0.1,,0.1,,,
209,322678319,2024-10-29 13:37:40,1,0.044,0.04390497,60.29,BTC-27JUN25-130000-C,71183.37,sell,0.4,,0.4,,,
210,322752520,2024-10-29 18:08:45,0,0.0465,0.04711207,59.91,BTC-27JUN25-130000-C,72688.71,buy,0.1,,0.1,,,
211,322869388,2024-10-30 13:06:02,2,0.0425,0.04314853,58.95,BTC-27JUN25-130000-C,71783.21,sell,0.1,,0.1,,,
212,323027334,2024-10-31 15:08:12,2,0.0415,0.04176889,59.6,BTC-27JUN25-130000-C,70963.9,buy,0.1,,0.1,,,
213,323341973,2024-11-01 21:45:54,2,0.0355,0.03665572,58.96,BTC-27JUN25-130000-C,68925.11,sell,1.6,,1.6,,,
214,323341974,2024-11-01 21:45:54,3,0.0355,0.03665572,58.96,BTC-27JUN25-130000-C,68925.11,sell,3.4,,3.4,,,
215,323436300,2024-11-03 02:37:18,2,0.034,0.03419821,59.83,BTC-27JUN25-130000-C,68065.08,buy,0.6,,0.6,,,
216,323444945,2024-11-03 03:37:41,3,0.034,0.0339009,59.62,BTC-27JUN25-130000-C,68301.77,buy,0.4,,0.4,,,
217,323445959,2024-11-03 04:06:00,3,0.034,0.0341871,59.54,BTC-27JUN25-130000-C,68381.92,buy,0.2,,0.2,,,
218,323468758,2024-11-03 11:23:25,2,0.033,0.03367412,58.95,BTC-27JUN25-130000-C,68469.8,buy,10.0,,10.0,,,
219,323609825,2024-11-04 13:40:23,0,0.038,0.03758574,60.89,BTC-27JUN25-130000-C,68949.6,buy,5.0,,5.0,,,
220,323609826,2024-11-04 13:40:23,1,0.038,0.03758574,60.89,BTC-27JUN25-130000-C,68949.6,sell,1.6,,1.6,,,
221,323679605,2024-11-04 21:36:05,2,0.0345,0.03466541,61.29,BTC-27JUN25-130000-C,67022.59,sell,0.5,,0.5,,,
222,323915362,2024-11-06 02:05:41,0,0.04,0.03991527,60.12,BTC-27JUN25-130000-C,71041.11,sell,0.1,,0.1,,,
223,324166077,2024-11-06 11:13:03,0,0.045,0.04443007,59.73,BTC-27JUN25-130000-C,73757.38,buy,0.1,,0.1,,,
224,324166414,2024-11-06 11:15:20,1,0.045,0.04477205,59.59,BTC-27JUN25-130000-C,73892.69,sell,1.6,,1.6,,,
225,324166415,2024-11-06 11:15:20,1,0.045,0.04477205,59.59,BTC-27JUN25-130000-C,73892.69,sell,0.4,,0.4,,,
226,324169046,2024-11-06 11:23:10,2,0.0435,0.04483249,58.79,BTC-27JUN25-130000-C,74063.53,sell,0.1,,0.1,,,
227,324169112,2024-11-06 11:23:19,3,0.0435,0.0448075,58.8,BTC-27JUN25-130000-C,74054.6,sell,0.1,,0.1,,,
228,324169122,2024-11-06 11:23:25,3,0.0435,0.04479459,58.8,BTC-27JUN25-130000-C,74054.21,sell,0.1,,0.1,,,
229,324169131,2024-11-06 11:23:35,3,0.0435,0.04479127,58.8,BTC-27JUN25-130000-C,74057.54,sell,0.1,,0.1,,,
230,324169134,2024-11-06 11:23:44,3,0.0435,0.04479357,58.8,BTC-27JUN25-130000-C,74062.94,sell,0.1,,0.1,,,
231,324169136,2024-11-06 11:23:48,3,0.0435,0.0447824,58.8,BTC-27JUN25-130000-C,74056.04,sell,0.1,,0.1,,,
232,324169145,2024-11-06 11:24:01,3,0.0435,0.04475063,58.81,BTC-27JUN25-130000-C,74052.05,sell,0.1,,0.1,,,
233,324169157,2024-11-06 11:24:04,2,0.043,0.04474702,58.59,BTC-27JUN25-130000-C,74052.66,sell,0.1,,0.1,,,
234,324169162,2024-11-06 11:24:09,3,0.043,0.04474395,58.59,BTC-27JUN25-130000-C,74052.82,sell,0.1,,0.1,,,
235,324169163,2024-11-06 11:24:13,3,0.043,0.04473807,58.59,BTC-27JUN25-130000-C,74053.58,sell,0.1,,0.1,,,
236,324169755,2024-11-06 11:26:44,0,0.0435,0.0449927,58.65,BTC-27JUN25-130000-C,74213.49,sell,0.1,,0.1,,,
237,324169771,2024-11-06 11:26:48,1,0.0435,0.04498768,58.65,BTC-27JUN25-130000-C,74212.56,sell,0.1,,0.1,,,
238,324169781,2024-11-06 11:26:52,1,0.0435,0.04501805,58.64,BTC-27JUN25-130000-C,74228.48,sell,0.1,,0.1,,,
239,324169838,2024-11-06 11:26:55,1,0.0435,0.04503717,58.63,BTC-27JUN25-130000-C,74241.47,sell,0.1,,0.1,,,
240,324169841,2024-11-06 11:27:01,1,0.0435,0.04507372,58.61,BTC-27JUN25-130000-C,74256.66,sell,0.1,,0.1,,,
241,324169921,2024-11-06 11:27:11,1,0.0435,0.04499667,58.64,BTC-27JUN25-130000-C,74227.6,sell,0.1,,0.1,,,
242,324169949,2024-11-06 11:27:19,1,0.0435,0.04504672,58.62,BTC-27JUN25-130000-C,74256.38,sell,0.1,,0.1,,,
243,324169953,2024-11-06 11:27:23,1,0.0435,0.04504587,58.62,BTC-27JUN25-130000-C,74254.15,sell,0.1,,0.1,,,
244,324169984,2024-11-06 11:27:27,1,0.0435,0.04507909,58.6,BTC-27JUN25-130000-C,74270.58,sell,0.1,,0.1,,,
245,324170000,2024-11-06 11:27:30,1,0.0435,0.04506667,58.61,BTC-27JUN25-130000-C,74262.39,sell,0.1,,0.1,,,
246,324187088,2024-11-06 12:48:56,0,0.045,0.04449058,59.2,BTC-27JUN25-130000-C,74335.57,buy,2.9,,2.9,,,
247,324241507,2024-11-06 15:41:57,2,0.0425,0.04301104,58.3,BTC-27JUN25-130000-C,74172.32,buy,2.0,,2.0,,,
248,324275548,2024-11-06 19:04:27,0,0.046,0.04559037,58.8,BTC-27JUN25-130000-C,75169.02,buy,3.0,,3.0,,,
249,324320744,2024-11-06 22:49:59,1,0.046,0.0473337,58.11,BTC-27JUN25-130000-C,75929.58,sell,1.1,,1.1,,,
250,324320745,2024-11-06 22:49:59,1,0.046,0.0473337,58.11,BTC-27JUN25-130000-C,75929.58,sell,5.0,,5.0,,,
251,324320746,2024-11-06 22:49:59,1,0.046,0.0473337,58.11,BTC-27JUN25-130000-C,75929.58,buy,2.8,,2.8,,,
252,324320747,2024-11-06 22:49:59,1,0.046,0.0473337,58.11,BTC-27JUN25-130000-C,75929.58,buy,1.1,,1.1,,,
253,324320778,2024-11-06 22:50:14,1,0.046,0.04730922,58.11,BTC-27JUN25-130000-C,75928.47,buy,0.1,,0.1,,,
254,324442348,2024-11-07 15:07:35,2,0.0425,0.04206901,57.35,BTC-27JUN25-130000-C,74992.16,buy,0.1,,0.1,,,
255,324449363,2024-11-07 15:38:57,0,0.043,0.04424034,56.96,BTC-27JUN25-130000-C,75597.72,sell,0.1,,0.1,,,
256,324449874,2024-11-07 15:40:01,1,0.043,0.04436199,56.89,BTC-27JUN25-130000-C,75659.43,sell,0.1,,0.1,,,
257,324449907,2024-11-07 15:40:08,1,0.043,0.04436355,56.89,BTC-27JUN25-130000-C,75663.44,sell,0.1,,0.1,,,
258,324449944,2024-11-07 15:40:14,1,0.043,0.04436471,56.88,BTC-27JUN25-130000-C,75672.19,sell,0.1,,0.1,,,
259,324573640,2024-11-08 00:56:17,0,0.045,0.04473021,57.18,BTC-27JUN25-130000-C,76131.24,sell,0.1,,0.1,,,
260,324866004,2024-11-10 04:13:14,0,0.0455,0.0444112,56.36,BTC-27JUN25-130000-C,77385.56,buy,0.1,,0.1,,,
261,324879550,2024-11-10 04:51:03,0,0.046,0.04606699,55.76,BTC-27JUN25-130000-C,78196.52,buy,1.0,,1.0,,,
262,324879551,2024-11-10 04:51:03,1,0.046,0.04606699,55.76,BTC-27JUN25-130000-C,78196.52,buy,3.6,,3.6,,,
263,324938775,2024-11-10 06:44:12,0,0.047,0.04805814,55.37,BTC-27JUN25-130000-C,78749.27,sell,5.0,,5.0,,,
264,324938776,2024-11-10 06:44:12,1,0.047,0.04805814,55.37,BTC-27JUN25-130000-C,78749.27,sell,1.5,,1.5,,,
265,324938777,2024-11-10 06:44:12,1,0.047,0.04805814,55.37,BTC-27JUN25-130000-C,78749.27,buy,0.3,,0.3,,,
266,324938778,2024-11-10 06:44:12,1,0.047,0.04805814,55.37,BTC-27JUN25-130000-C,78749.27,buy,1.3,,1.3,,,
267,324938779,2024-11-10 06:44:12,1,0.047,0.04805814,55.37,BTC-27JUN25-130000-C,78749.27,buy,0.3,,0.3,,,
268,324938823,2024-11-10 06:44:29,1,0.047,0.04797407,55.37,BTC-27JUN25-130000-C,78741.38,buy,1.3,,1.3,,,
269,324938824,2024-11-10 06:44:29,1,0.047,0.04797407,55.37,BTC-27JUN25-130000-C,78741.38,buy,0.3,,0.3,,,
270,324942280,2024-11-10 07:04:44,2,0.046,0.04731654,54.7,BTC-27JUN25-130000-C,79006.25,sell,5.0,,5.0,,,
271,324942281,2024-11-10 07:04:44,3,0.046,0.04731654,54.7,BTC-27JUN25-130000-C,79006.25,sell,6.0,,6.0,,,
272,324942282,2024-11-10 07:04:44,3,0.046,0.04731654,54.7,BTC-27JUN25-130000-C,79006.25,sell,11.8,,11.8,,,
273,324942283,2024-11-10 07:04:44,3,0.046,0.04731654,54.7,BTC-27JUN25-130000-C,79006.25,sell,1.6,,1.6,,,
274,324942286,2024-11-10 07:04:44,3,0.046,0.04731654,54.7,BTC-27JUN25-130000-C,79006.25,buy,3.4,,3.4,,,
275,324942287,2024-11-10 07:04:44,3,0.046,0.04731654,54.7,BTC-27JUN25-130000-C,79006.25,buy,0.3,,0.3,,,
276,324942295,2024-11-10 07:04:44,3,0.046,0.04731654,54.7,BTC-27JUN25-130000-C,79006.25,buy,21.9,,21.9,,,
277,324946070,2024-11-10 07:31:50,2,0.0455,0.04591975,54.6,BTC-27JUN25-130000-C,78965.08,sell,0.1,,0.1,,,
278,324949898,2024-11-10 07:51:36,0,0.046,0.04535399,55.01,BTC-27JUN25-130000-C,78804.99,sell,1.0,,1.0,,,
279,324988679,2024-11-10 11:46:37,0,0.05,0.04925462,55.6,BTC-27JUN25-130000-C,79911.82,sell,5.0,,5.0,,,
280,325231527,2024-11-11 08:19:40,1,0.05,0.04927096,54.38,BTC-27JUN25-130000-C,81295.85,buy,1.0,,1.0,,,
281,325231528,2024-11-11 08:19:40,1,0.05,0.04927096,54.38,BTC-27JUN25-130000-C,81295.85,buy,2.2,,2.2,,,
282,325231529,2024-11-11 08:19:40,1,0.05,0.04927096,54.38,BTC-27JUN25-130000-C,81295.85,sell,1.2,,1.2,,,
283,325231659,2024-11-11 08:20:32,2,0.0495,0.04928101,54.21,BTC-27JUN25-130000-C,81261.72,sell,5.0,,5.0,,,
284,325232650,2024-11-11 08:26:08,0,0.051,0.05005813,54.93,BTC-27JUN25-130000-C,81150.68,buy,2.0,,2.0,,,
285,325233288,2024-11-11 08:30:44,0,0.0515,0.050706,55.16,BTC-27JUN25-130000-C,81109.71,buy,1.0,,1.0,,,
286,325233289,2024-11-11 08:30:44,1,0.0515,0.050706,55.16,BTC-27JUN25-130000-C,81109.71,buy,0.3,,0.3,,,
287,325399468,2024-11-11 17:54:29,0,0.061,0.06114389,55.31,BTC-27JUN25-130000-C,84885.73,buy,0.1,,0.1,,,
288,325451533,2024-11-11 19:43:08,0,0.0665,0.06672922,55.74,BTC-27JUN25-130000-C,86475.0,buy,0.1,,0.1,,,
289,325451863,2024-11-11 19:43:54,1,0.0665,0.06647345,55.82,BTC-27JUN25-130000-C,86393.44,buy,0.1,,0.1,,,
290,325451864,2024-11-11 19:43:56,1,0.0665,0.06651041,55.82,BTC-27JUN25-130000-C,86395.91,buy,0.1,,0.1,,,
291,325508162,2024-11-11 21:29:16,0,0.0745,0.07451976,56.79,BTC-27JUN25-130000-C,88399.05,buy,1.1,,1.1,,,
292,325657881,2024-11-12 03:02:10,0,0.076,0.07576405,58.01,BTC-27JUN25-130000-C,87710.45,buy,0.1,,0.1,,,
293,325732302,2024-11-12 07:29:19,0,0.079,0.07904829,56.95,BTC-27JUN25-130000-C,89617.57,buy,0.1,,0.1,,,
294,325917713,2024-11-12 13:56:14,2,0.0695,0.06943725,57.36,BTC-27JUN25-130000-C,85918.15,buy,0.1,,0.1,,,
295,325978092,2024-11-12 16:09:16,0,0.07,0.07014917,57.25,BTC-27JUN25-130000-C,86387.72,sell,3.0,,3.0,,,
296,326031255,2024-11-12 18:36:42,0,0.076,0.07518665,57.16,BTC-27JUN25-130000-C,88614.59,buy,3.0,,3.0,,,
297,326031256,2024-11-12 18:36:42,1,0.076,0.07518665,57.16,BTC-27JUN25-130000-C,88614.59,buy,0.3,,0.3,,,
298,326037633,2024-11-12 18:58:01,0,0.077,0.07688956,57.12,BTC-27JUN25-130000-C,89022.82,buy,1.1,,1.1,,,
299,326104825,2024-11-12 21:32:08,0,0.0785,0.07812074,57.91,BTC-27JUN25-130000-C,88932.54,buy,0.1,,0.1,,,
300,326115694,2024-11-12 22:05:18,2,0.0755,0.07542179,57.71,BTC-27JUN25-130000-C,88183.65,sell,0.1,,0.1,,,
301,326117123,2024-11-12 22:08:47,2,0.0745,0.07425651,57.75,BTC-27JUN25-130000-C,87781.98,sell,0.1,,0.1,,,
302,326184087,2024-11-13 03:27:51,2,0.071,0.07103199,56.67,BTC-27JUN25-130000-C,87645.14,buy,1.0,,1.0,,,
303,326367335,2024-11-13 15:05:31,0,0.085,0.08509923,58.12,BTC-27JUN25-130000-C,91028.24,buy,0.1,,0.1,,,
304,326367402,2024-11-13 15:05:37,1,0.085,0.08499251,58.17,BTC-27JUN25-130000-C,90983.03,buy,0.1,,0.1,,,
305,326367452,2024-11-13 15:05:41,1,0.085,0.08502052,58.12,BTC-27JUN25-130000-C,91036.03,buy,0.1,,0.1,,,
306,326367585,2024-11-13 15:05:56,1,0.085,0.085123,58.12,BTC-27JUN25-130000-C,91036.78,buy,0.1,,0.1,,,
307,326368915,2024-11-13 15:07:40,2,0.084,0.08408028,58.11,BTC-27JUN25-130000-C,90693.34,buy,0.1,,0.1,,,
308,326370824,2024-11-13 15:10:12,0,0.085,0.0854529,57.94,BTC-27JUN25-130000-C,91237.96,buy,0.1,,0.1,,,
309,326371095,2024-11-13 15:10:27,1,0.085,0.08557488,57.96,BTC-27JUN25-130000-C,91226.94,buy,0.1,,0.1,,,
310,326371161,2024-11-13 15:10:30,1,0.085,0.08551296,57.91,BTC-27JUN25-130000-C,91274.9,buy,0.1,,0.1,,,
311,326371225,2024-11-13 15:10:33,0,0.0855,0.08564727,58.03,BTC-27JUN25-130000-C,91331.29,buy,0.1,,0.1,,,
312,326371440,2024-11-13 15:10:46,1,0.0855,0.08571073,58.04,BTC-27JUN25-130000-C,91319.0,buy,0.1,,0.1,,,
313,326409361,2024-11-13 16:08:28,0,0.093,0.0918623,59.09,BTC-27JUN25-130000-C,92781.77,buy,0.2,,0.2,,,
314,326477291,2024-11-13 18:12:04,2,0.09,0.08968814,58.38,BTC-27JUN25-130000-C,92458.21,sell,1.2,,1.2,,,
315,326478020,2024-11-13 18:15:22,0,0.0905,0.08996672,58.48,BTC-27JUN25-130000-C,92543.3,buy,1.8,,1.8,,,
316,326609548,2024-11-13 23:21:14,2,0.0805,0.08129737,57.61,BTC-27JUN25-130000-C,90188.08,sell,0.1,,0.1,,,
317,326609552,2024-11-13 23:21:16,3,0.0805,0.08131395,57.6,BTC-27JUN25-130000-C,90194.29,sell,0.1,,0.1,,,
318,326658797,2024-11-14 04:45:58,2,0.0765,0.07747042,56.46,BTC-27JUN25-130000-C,89915.4,sell,0.5,,0.5,,,
319,326658798,2024-11-14 04:45:58,3,0.0765,0.07747042,56.46,BTC-27JUN25-130000-C,89915.4,sell,4.0,,4.0,,,
320,326658799,2024-11-14 04:45:58,3,0.0765,0.07747042,56.46,BTC-27JUN25-130000-C,89915.4,sell,0.5,,0.5,,,
321,326725887,2024-11-14 10:14:36,0,0.0845,0.08434213,57.82,BTC-27JUN25-130000-C,91331.67,sell,8.0,,8.0,,,
322,326782973,2024-11-14 14:33:53,0,0.087,0.08697796,58.14,BTC-27JUN25-130000-C,91768.24,buy,0.7,,0.7,,,
323,326792330,2024-11-14 14:41:54,2,0.083,0.08225657,58.64,BTC-27JUN25-130000-C,89950.85,sell,3.0,,3.0,,,
324,326881308,2024-11-14 18:55:22,2,0.0795,0.07972016,58.18,BTC-27JUN25-130000-C,89302.5,buy,0.1,,0.1,,,
325,326883605,2024-11-14 19:13:26,0,0.08,0.08048779,58.16,BTC-27JUN25-130000-C,89507.04,buy,4.0,,4.0,,,
326,326883668,2024-11-14 19:13:59,1,0.08,0.0803624,58.18,BTC-27JUN25-130000-C,89490.27,buy,4.0,,4.0,,,
327,326883709,2024-11-14 19:14:33,1,0.08,0.08042531,58.14,BTC-27JUN25-130000-C,89530.4,buy,2.0,,2.0,,,
328,326890218,2024-11-14 19:54:21,2,0.0785,0.07831507,57.66,BTC-27JUN25-130000-C,89467.85,buy,10.0,,10.0,,,
329,327096522,2024-11-15 09:25:52,2,0.078,0.07849258,57.79,BTC-27JUN25-130000-C,89258.16,buy,1.0,,1.0,,,
330,327119517,2024-11-15 10:42:46,0,0.0795,0.07928622,58.38,BTC-27JUN25-130000-C,89140.91,buy,1.1,,1.1,,,
331,327119573,2024-11-15 10:43:14,1,0.0795,0.07926681,58.39,BTC-27JUN25-130000-C,89144.61,buy,1.1,,1.1,,,
332,327120257,2024-11-15 10:46:32,1,0.0795,0.07947361,58.28,BTC-27JUN25-130000-C,89235.01,buy,1.1,,1.1,,,
333,327121081,2024-11-15 10:49:28,1,0.0795,0.07965649,58.22,BTC-27JUN25-130000-C,89284.85,buy,1.1,,1.1,,,
334,327518055,2024-11-17 09:28:05,0,0.0856,0.0835161,58.52,BTC-27JUN25-130000-C,91193.72,buy,25.0,168442,25.0,,,
335,327569433,2024-11-17 16:35:34,2,0.0825,0.083573,58.19,BTC-27JUN25-130000-C,90390.16,buy,0.1,,0.1,,,
336,327569435,2024-11-17 16:35:44,3,0.0825,0.08354585,58.2,BTC-27JUN25-130000-C,90383.6,buy,0.9,,0.9,,,
337,327569443,2024-11-17 16:35:53,3,0.0825,0.08352889,58.21,BTC-27JUN25-130000-C,90373.1,buy,1.0,,1.0,,,
338,327569444,2024-11-17 16:35:57,3,0.0825,0.08348346,58.21,BTC-27JUN25-130000-C,90370.0,buy,1.0,,1.0,,,
339,327569445,2024-11-17 16:35:59,3,0.0825,0.08348693,58.21,BTC-27JUN25-130000-C,90372.42,buy,1.0,,1.0,,,
340,327673228,2024-11-18 08:09:12,0,0.0878,0.08629105,58.71,BTC-27JUN25-130000-C,91760.01,buy,25.0,168524,25.0,,,
341,327679298,2024-11-18 08:36:43,2,0.0876,0.08590047,58.74,BTC-27JUN25-130000-C,91661.14,buy,25.0,168529,25.0,,,
342,327707550,2024-11-18 11:29:04,2,0.086,0.0842852,59.19,BTC-27JUN25-130000-C,90838.97,sell,25.0,168550,25.0,,,
343,327867796,2024-11-18 22:33:23,2,0.0845,0.08439557,58.07,BTC-27JUN25-130000-C,91205.24,buy,0.1,,0.1,,,
344,327894998,2024-11-19 03:13:00,0,0.0865,0.08563586,58.69,BTC-27JUN25-130000-C,91306.95,buy,4.0,,4.0,,,
345,327894999,2024-11-19 03:13:00,1,0.0865,0.08563586,58.69,BTC-27JUN25-130000-C,91306.95,buy,1.0,,1.0,,,
346,327896098,2024-11-19 03:22:59,1,0.0865,0.08592987,58.59,BTC-27JUN25-130000-C,91420.96,sell,1.0,,1.0,,,
347,327948739,2024-11-19 11:02:21,0,0.087,0.08852817,58.46,BTC-27JUN25-130000-C,91803.27,sell,8.4,,8.4,,,
348,327948740,2024-11-19 11:02:21,1,0.087,0.08852817,58.46,BTC-27JUN25-130000-C,91803.27,sell,1.6,,1.6,,,
349,327948741,2024-11-19 11:02:21,1,0.087,0.08852817,58.46,BTC-27JUN25-130000-C,91803.27,sell,6.0,,6.0,,,
350,327948742,2024-11-19 11:02:21,1,0.087,0.08852817,58.46,BTC-27JUN25-130000-C,91803.27,buy,9.0,,9.0,,,
351,327948768,2024-11-19 11:02:54,2,0.0865,0.08845263,58.31,BTC-27JUN25-130000-C,91790.33,sell,8.4,,8.4,,,
352,327948769,2024-11-19 11:02:54,3,0.0865,0.08845263,58.31,BTC-27JUN25-130000-C,91790.33,sell,2.4,,2.4,,,
353,327948770,2024-11-19 11:02:54,3,0.0865,0.08845263,58.31,BTC-27JUN25-130000-C,91790.33,buy,1.5,,1.5,,,
354,327948771,2024-11-19 11:02:54,3,0.0865,0.08845263,58.31,BTC-27JUN25-130000-C,91790.33,buy,12.7,,12.7,,,
355,327948859,2024-11-19 11:03:17,2,0.086,0.08837923,58.14,BTC-27JUN25-130000-C,91778.48,sell,4.0,,4.0,,,
356,327948860,2024-11-19 11:03:17,3,0.086,0.08837923,58.14,BTC-27JUN25-130000-C,91778.48,sell,8.4,,8.4,,,
357,327948861,2024-11-19 11:03:17,3,0.086,0.08837923,58.14,BTC-27JUN25-130000-C,91778.48,buy,12.6,,12.6,,,
358,328165938,2024-11-20 00:29:56,0,0.0905,0.0907549,59.34,BTC-27JUN25-130000-C,92196.43,sell,1.1,,1.1,,,
359,328205615,2024-11-20 07:20:53,0,0.092,0.09220359,59.26,BTC-27JUN25-130000-C,92869.49,buy,0.1,,0.1,,,
360,328205685,2024-11-20 07:21:00,1,0.092,0.09220079,59.26,BTC-27JUN25-130000-C,92869.3,buy,0.1,,0.1,,,
361,328218073,2024-11-20 08:35:16,0,0.093,0.0937388,59.27,BTC-27JUN25-130000-C,93156.14,buy,1.0,,1.0,,,
362,328218364,2024-11-20 08:38:34,1,0.093,0.09374841,59.21,BTC-27JUN25-130000-C,93218.21,buy,1.0,,1.0,,,
363,328218370,2024-11-20 08:38:52,1,0.093,0.09370015,59.22,BTC-27JUN25-130000-C,93217.6,buy,1.0,,1.0,,,
364,328218415,2024-11-20 08:40:14,1,0.093,0.09363465,59.21,BTC-27JUN25-130000-C,93219.11,buy,1.0,,1.0,,,
365,328218418,2024-11-20 08:40:20,1,0.093,0.09363226,59.21,BTC-27JUN25-130000-C,93217.17,buy,1.0,,1.0,,,
366,328233401,2024-11-20 10:00:13,0,0.0945,0.09432026,59.84,BTC-27JUN25-130000-C,93192.7,sell,0.7,,0.7,,,
367,328234794,2024-11-20 10:11:04,0,0.095,0.09500277,59.9,BTC-27JUN25-130000-C,93323.95,sell,0.6,,0.6,,,
368,328239627,2024-11-20 10:50:03,0,0.0984,0.0955882,60.94,BTC-27JUN25-130000-C,93490.87,buy,500.0,168950,500.0,BTC-CDIAG-27JUN25_27DEC24-130000_85000,,
369,328239860,2024-11-20 10:51:57,2,0.096,0.09554694,60.19,BTC-27JUN25-130000-C,93433.61,sell,0.6,,0.6,,,
370,328239960,2024-11-20 10:53:11,0,0.0975,0.09565762,60.7,BTC-27JUN25-130000-C,93448.63,sell,1.0,,1.0,,,
371,328243920,2024-11-20 11:19:29,2,0.0965,0.09697749,60.62,BTC-27JUN25-130000-C,93122.04,sell,0.7,,0.7,,,
372,328251372,2024-11-20 12:05:06,0,0.1005,0.10051977,61.51,BTC-27JUN25-130000-C,93532.45,buy,0.1,,0.1,,,
373,328251606,2024-11-20 12:07:25,2,0.1,0.10083925,61.25,BTC-27JUN25-130000-C,93606.18,sell,0.1,,0.1,,,
374,328253753,2024-11-20 12:19:24,0,0.101,0.10113644,61.56,BTC-27JUN25-130000-C,93644.25,sell,0.6,,0.6,,,
375,328294786,2024-11-20 14:16:32,0,0.1075,0.1032853,62.95,BTC-27JUN25-130000-C,94295.96,buy,500.0,168986,500.0,,,
376,328299709,2024-11-20 14:29:39,2,0.104,0.10412303,61.47,BTC-27JUN25-130000-C,94590.21,buy,0.1,,0.1,,,
377,328302519,2024-11-20 14:35:47,3,0.104,0.10404126,61.55,BTC-27JUN25-130000-C,94549.25,sell,0.9,,0.9,,,
378,328329280,2024-11-20 15:36:59,0,0.1065,0.10694823,62.27,BTC-27JUN25-130000-C,94754.35,sell,0.1,,0.1,,,
379,328358736,2024-11-20 16:51:36,0,0.1079,0.10570485,63.74,BTC-27JUN25-130000-C,93825.69,buy,200.0,169015,200.0,,,
380,328359986,2024-11-20 16:55:17,0,0.108,0.10667741,63.49,BTC-27JUN25-130000-C,94089.61,buy,100.0,169016,100.0,,,
381,328364097,2024-11-20 17:17:17,2,0.1076,0.1073814,63.25,BTC-27JUN25-130000-C,94176.77,buy,100.0,169017,100.0,BTC-CSR23-27JUN25-130000_160000,,
382,328400500,2024-11-20 20:16:02,2,0.1065,0.10473222,63.16,BTC-27JUN25-130000-C,94004.96,buy,100.0,169038,100.0,BTC-CS-27JUN25-130000_170000,,
383,328400974,2024-11-20 20:19:24,0,0.1068,0.10506434,63.11,BTC-27JUN25-130000-C,94154.2,buy,100.0,169039,100.0,BTC-CS-27JUN25-130000_170000,,
384,328407893,2024-11-20 20:58:44,2,0.1045,0.10542962,62.26,BTC-27JUN25-130000-C,94220.28,sell,0.5,,0.5,,,
385,328408175,2024-11-20 20:59:30,3,0.1045,0.10557738,62.17,BTC-27JUN25-130000-C,94314.94,sell,3.0,,3.0,,,
386,328433492,2024-11-21 01:10:13,0,0.106,0.10683215,62.05,BTC-27JUN25-130000-C,94891.7,sell,7.7,,7.7,,,
387,328433493,2024-11-21 01:10:13,1,0.106,0.10683215,62.05,BTC-27JUN25-130000-C,94891.7,buy,1.3,,1.3,,,
388,328490858,2024-11-21 04:46:35,0,0.1208,0.11437721,65.16,BTC-27JUN25-130000-C,96697.83,buy,50.0,169122,50.0,,,
389,328491063,2024-11-21 04:47:07,2,0.1165,0.11427883,63.77,BTC-27JUN25-130000-C,96640.64,buy,7.4,,7.4,,,
390,328491064,2024-11-21 04:47:07,3,0.1165,0.11427883,63.77,BTC-27JUN25-130000-C,96640.64,buy,3.0,,3.0,,,
391,328491135,2024-11-21 04:47:30,3,0.1165,0.11441054,63.73,BTC-27JUN25-130000-C,96666.62,buy,1.1,,1.1,,,
392,328491136,2024-11-21 04:47:30,3,0.1165,0.11441054,63.73,BTC-27JUN25-130000-C,96666.62,buy,5.2,,5.2,,,
393,328497067,2024-11-21 04:57:27,0,0.1225,0.12006461,64.7,BTC-27JUN25-130000-C,97613.87,buy,0.1,,0.1,,,
394,328497111,2024-11-21 04:57:28,1,0.1225,0.12004882,64.71,BTC-27JUN25-130000-C,97608.0,buy,0.1,,0.1,,,
395,328498275,2024-11-21 04:59:18,2,0.1215,0.11999893,64.46,BTC-27JUN25-130000-C,97502.87,buy,25.0,169127,25.0,,,
396,328511579,2024-11-21 05:31:22,0,0.122,0.12214769,64.28,BTC-27JUN25-130000-C,97815.36,buy,0.1,,0.1,,,
397,328517199,2024-11-21 05:46:32,2,0.121,0.12106244,64.3,BTC-27JUN25-130000-C,97525.74,sell,0.1,,0.1,,,
398,328517454,2024-11-21 05:47:37,2,0.1195,0.12086793,63.81,BTC-27JUN25-130000-C,97515.54,buy,0.9,,0.9,,,
399,328517455,2024-11-21 05:47:37,3,0.1195,0.12086793,63.81,BTC-27JUN25-130000-C,97515.54,buy,0.2,,0.2,,,
400,328517456,2024-11-21 05:47:37,3,0.1195,0.12086793,63.81,BTC-27JUN25-130000-C,97515.54,buy,0.3,,0.3,,,
401,328517457,2024-11-21 05:47:37,3,0.1195,0.12086793,63.81,BTC-27JUN25-130000-C,97515.54,buy,4.0,,4.0,,,
402,328517557,2024-11-21 05:48:00,2,0.119,0.12068479,63.69,BTC-27JUN25-130000-C,97463.68,buy,1.9,,1.9,,,
403,328517597,2024-11-21 05:48:07,2,0.1185,0.12063531,63.53,BTC-27JUN25-130000-C,97462.54,buy,3.7,,3.7,,,
404,328517598,2024-11-21 05:48:07,3,0.1185,0.12063531,63.53,BTC-27JUN25-130000-C,97462.54,buy,0.1,,0.1,,,
405,328517599,2024-11-21 05:48:08,3,0.1185,0.12063531,63.53,BTC-27JUN25-130000-C,97462.54,buy,10.1,,10.1,,,
406,328517613,2024-11-21 05:48:10,3,0.1185,0.12059779,63.53,BTC-27JUN25-130000-C,97464.83,buy,1.4,,1.4,,,
407,328517623,2024-11-21 05:48:13,3,0.1185,0.12061732,63.55,BTC-27JUN25-130000-C,97449.0,buy,0.1,,0.1,,,
408,328517628,2024-11-21 05:48:18,3,0.1185,0.12059648,63.53,BTC-27JUN25-130000-C,97463.49,buy,1.0,,1.0,,,
409,328519221,2024-11-21 05:52:15,2,0.1175,0.11727964,63.62,BTC-27JUN25-130000-C,97014.49,sell,0.1,,0.1,,,
410,328520650,2024-11-21 05:54:51,2,0.1165,0.11712436,63.27,BTC-27JUN25-130000-C,97030.65,buy,0.9,,0.9,,,
411,328520696,2024-11-21 05:54:56,3,0.1165,0.11724036,63.24,BTC-27JUN25-130000-C,97063.22,buy,3.0,,3.0,,,
412,328520769,2024-11-21 05:55:05,3,0.1165,0.11734468,63.2,BTC-27JUN25-130000-C,97106.61,buy,1.1,,1.1,,,
413,328520974,2024-11-21 05:55:27,3,0.1165,0.11711336,63.24,BTC-27JUN25-130000-C,97076.02,buy,1.2,,1.2,,,
414,328521038,2024-11-21 05:55:51,2,0.116,0.11705816,63.08,BTC-27JUN25-130000-C,97076.33,buy,0.3,,0.3,,,
415,328521040,2024-11-21 05:55:51,3,0.116,0.11705816,63.08,BTC-27JUN25-130000-C,97076.33,buy,9.9,,9.9,,,
416,328521283,2024-11-21 05:57:00,2,0.1155,0.11683017,62.92,BTC-27JUN25-130000-C,97059.78,buy,0.9,,0.9,,,
417,328521284,2024-11-21 05:57:00,3,0.1155,0.11683017,62.92,BTC-27JUN25-130000-C,97059.78,buy,0.2,,0.2,,,
418,328521285,2024-11-21 05:57:00,3,0.1155,0.11683017,62.92,BTC-27JUN25-130000-C,97059.78,buy,1.3,,1.3,,,
419,328521293,2024-11-21 05:57:03,3,0.1155,0.11679907,62.93,BTC-27JUN25-130000-C,97054.37,buy,1.1,,1.1,,,
420,328521394,2024-11-21 05:57:22,3,0.1155,0.11693278,62.87,BTC-27JUN25-130000-C,97108.06,buy,1.1,,1.1,,,
421,328521412,2024-11-21 05:57:24,3,0.1155,0.11697462,62.83,BTC-27JUN25-130000-C,97148.94,buy,3.0,,3.0,,,
422,328521415,2024-11-21 05:57:25,3,0.1155,0.11697462,62.83,BTC-27JUN25-130000-C,97148.94,buy,4.7,,4.7,,,
423,328521418,2024-11-21 05:57:26,3,0.1155,0.11709013,62.8,BTC-27JUN25-130000-C,97175.09,buy,5.0,,5.0,,,
424,328521428,2024-11-21 05:57:28,3,0.1155,0.11708379,62.8,BTC-27JUN25-130000-C,97176.5,buy,0.1,,0.1,,,
425,328521429,2024-11-21 05:57:28,3,0.1155,0.11708508,62.81,BTC-27JUN25-130000-C,97166.99,buy,1.0,,1.0,,,
426,328521517,2024-11-21 05:58:02,3,0.1155,0.11679916,62.8,BTC-27JUN25-130000-C,97170.91,buy,6.0,,6.0,,,
427,328522065,2024-11-21 05:59:12,3,0.1155,0.11707686,62.61,BTC-27JUN25-130000-C,97386.09,buy,13.0,,13.0,,,
428,328522093,2024-11-21 05:59:15,3,0.1155,0.11707738,62.6,BTC-27JUN25-130000-C,97391.73,buy,4.3,,4.3,,,
429,328522094,2024-11-21 05:59:15,3,0.1155,0.11707738,62.6,BTC-27JUN25-130000-C,97391.73,buy,5.7,,5.7,,,
430,328522187,2024-11-21 05:59:23,3,0.1155,0.11713507,62.58,BTC-27JUN25-130000-C,97421.41,buy,1.0,,1.0,,,
431,328522289,2024-11-21 05:59:40,3,0.1155,0.11676412,62.62,BTC-27JUN25-130000-C,97391.03,buy,21.3,,21.3,,,
432,328538757,2024-11-21 07:04:39,0,0.1165,0.11722923,63.29,BTC-27JUN25-130000-C,97027.28,sell,2.4,,2.4,,,
433,328540122,2024-11-21 07:15:08,2,0.1145,0.11620184,62.51,BTC-27JUN25-130000-C,97135.77,buy,1.7,,1.7,,,
434,328551572,2024-11-21 08:06:11,0,0.116,0.11507561,63.15,BTC-27JUN25-130000-C,96961.59,buy,0.6,,0.6,,,
435,328551573,2024-11-21 08:06:11,1,0.116,0.11507561,63.15,BTC-27JUN25-130000-C,96961.59,buy,5.0,,5.0,,,
436,328551575,2024-11-21 08:06:11,0,0.1165,0.11507561,63.31,BTC-27JUN25-130000-C,96961.59,buy,0.1,,0.1,,,
437,328560825,2024-11-21 09:10:10,0,0.118,0.11590842,63.38,BTC-27JUN25-130000-C,97469.66,buy,1.8,,1.8,,,
438,328560826,2024-11-21 09:10:10,1,0.118,0.11590842,63.38,BTC-27JUN25-130000-C,97469.66,sell,1.0,,1.0,,,
439,328560827,2024-11-21 09:10:10,1,0.118,0.11590842,63.38,BTC-27JUN25-130000-C,97469.66,sell,0.2,,0.2,,,
440,328560828,2024-11-21 09:10:10,1,0.118,0.11590842,63.38,BTC-27JUN25-130000-C,97469.66,sell,0.3,,0.3,,,
441,328561702,2024-11-21 09:10:47,0,0.119,0.11653258,63.59,BTC-27JUN25-130000-C,97585.56,buy,3.0,,3.0,,,
442,328561703,2024-11-21 09:10:47,1,0.119,0.11653258,63.59,BTC-27JUN25-130000-C,97585.56,sell,1.0,,1.0,,,
443,328561704,2024-11-21 09:10:47,1,0.119,0.11653258,63.59,BTC-27JUN25-130000-C,97585.56,sell,1.0,,1.0,,,
444,328561705,2024-11-21 09:10:47,1,0.119,0.11653258,63.59,BTC-27JUN25-130000-C,97585.56,sell,2.8,,2.8,,,
445,328561717,2024-11-21 09:10:48,1,0.119,0.11654219,63.6,BTC-27JUN25-130000-C,97578.5,sell,0.2,,0.2,,,
446,328561845,2024-11-21 09:10:55,0,0.12,0.11649404,63.97,BTC-27JUN25-130000-C,97543.13,buy,1.7,,1.7,,,
447,328561846,2024-11-21 09:10:55,1,0.12,0.11649404,63.97,BTC-27JUN25-130000-C,97543.13,sell,1.8,,1.8,,,
448,328561847,2024-11-21 09:10:55,1,0.12,0.11649404,63.97,BTC-27JUN25-130000-C,97543.13,sell,1.2,,1.2,,,
449,328561848,2024-11-21 09:10:55,1,0.12,0.11649404,63.97,BTC-27JUN25-130000-C,97543.13,sell,0.2,,0.2,,,
450,328561855,2024-11-21 09:10:55,1,0.12,0.11649404,63.97,BTC-27JUN25-130000-C,97543.13,sell,0.3,,0.3,,,
451,328561863,2024-11-21 09:10:56,1,0.12,0.11649404,63.97,BTC-27JUN25-130000-C,97543.13,sell,3.0,,3.0,,,
452,328561868,2024-11-21 09:10:57,1,0.12,0.11659954,63.99,BTC-27JUN25-130000-C,97521.95,sell,0.1,,0.1,,,
453,328561869,2024-11-21 09:10:58,1,0.12,0.11659954,63.99,BTC-27JUN25-130000-C,97521.95,sell,10.0,,10.0,,,
454,328561870,2024-11-21 09:10:58,1,0.12,0.11659954,63.99,BTC-27JUN25-130000-C,97521.95,sell,0.1,,0.1,,,
455,328561888,2024-11-21 09:10:58,1,0.12,0.11662991,63.99,BTC-27JUN25-130000-C,97520.78,sell,0.1,,0.1,,,
456,328561907,2024-11-21 09:10:59,1,0.12,0.11669793,63.99,BTC-27JUN25-130000-C,97518.66,sell,0.1,,0.1,,,
457,328561918,2024-11-21 09:11:00,1,0.12,0.11669793,63.99,BTC-27JUN25-130000-C,97518.66,sell,0.2,,0.2,,,
458,328562298,2024-11-21 09:11:55,1,0.12,0.11784959,63.96,BTC-27JUN25-130000-C,97549.92,sell,5.0,,5.0,,,
459,328562394,2024-11-21 09:12:10,1,0.12,0.11786795,63.97,BTC-27JUN25-130000-C,97551.12,sell,5.6,,5.6,,,
460,328562920,2024-11-21 09:13:02,1,0.12,0.1182474,64.0,BTC-27JUN25-130000-C,97514.8,sell,5.0,,5.0,,,
461,328563071,2024-11-21 09:13:43,1,0.12,0.11870344,64.05,BTC-27JUN25-130000-C,97462.77,sell,1.0,,1.0,,,
462,328564222,2024-11-21 09:18:22,1,0.12,0.11974327,63.94,BTC-27JUN25-130000-C,97530.13,sell,25.7,,25.7,,,
463,328564230,2024-11-21 09:18:25,1,0.12,0.1197509,63.94,BTC-27JUN25-130000-C,97534.49,sell,2.8,,2.8,,,
464,328564736,2024-11-21 09:20:09,1,0.12,0.11992807,63.94,BTC-27JUN25-130000-C,97535.58,sell,1.7,,1.7,,,
465,328564757,2024-11-21 09:20:20,1,0.12,0.11997439,63.93,BTC-27JUN25-130000-C,97542.58,sell,1.1,,1.1,,,
466,328564847,2024-11-21 09:20:23,1,0.12,0.11998067,63.94,BTC-27JUN25-130000-C,97528.44,sell,2.7,,2.7,,,
467,328565943,2024-11-21 09:25:38,1,0.12,0.12026031,63.91,BTC-27JUN25-130000-C,97571.63,sell,3.9,,3.9,,,
468,328565952,2024-11-21 09:25:40,1,0.12,0.12026144,63.91,BTC-27JUN25-130000-C,97571.64,sell,2.8,,2.8,,,
469,328566078,2024-11-21 09:26:09,1,0.12,0.12018443,63.94,BTC-27JUN25-130000-C,97549.35,sell,0.9,,0.9,,,
470,328566147,2024-11-21 09:26:35,1,0.12,0.12027446,63.92,BTC-27JUN25-130000-C,97554.15,sell,1.0,,1.0,,,
471,328566157,2024-11-21 09:26:38,1,0.12,0.12025615,63.93,BTC-27JUN25-130000-C,97546.32,sell,1.0,,1.0,,,
472,328566173,2024-11-21 09:27:03,1,0.12,0.12020286,63.94,BTC-27JUN25-130000-C,97533.08,sell,1.0,,1.0,,,
473,328566246,2024-11-21 09:27:38,1,0.12,0.12016362,63.95,BTC-27JUN25-130000-C,97519.94,sell,1.1,,1.1,,,
474,328566257,2024-11-21 09:27:41,1,0.12,0.12013316,63.97,BTC-27JUN25-130000-C,97499.07,sell,1.9,,1.9,,,
475,328566909,2024-11-21 09:33:58,1,0.12,0.12014909,64.05,BTC-27JUN25-130000-C,97428.53,sell,1.0,,1.0,,,
476,328566910,2024-11-21 09:34:01,1,0.12,0.120155,64.05,BTC-27JUN25-130000-C,97427.73,sell,1.0,,1.0,,,
477,328567047,2024-11-21 09:35:21,1,0.12,0.12015748,64.07,BTC-27JUN25-130000-C,97386.38,sell,0.5,,0.5,,,
478,328567591,2024-11-21 09:38:10,1,0.12,0.12019313,64.08,BTC-27JUN25-130000-C,97383.62,sell,1.0,,1.0,,,
479,328567615,2024-11-21 09:38:35,1,0.12,0.12025349,64.06,BTC-27JUN25-130000-C,97398.42,sell,15.0,,15.0,,,
480,328568054,2024-11-21 09:42:31,1,0.12,0.1207394,63.9,BTC-27JUN25-130000-C,97544.47,sell,10.0,,10.0,,,
481,328569077,2024-11-21 09:51:11,1,0.12,0.12036582,63.98,BTC-27JUN25-130000-C,97510.48,sell,2.2,,2.2,,,
482,328569078,2024-11-21 09:51:11,1,0.12,0.12036582,63.98,BTC-27JUN25-130000-C,97510.48,sell,0.3,,0.3,,,
483,328582570,2024-11-21 11:04:11,0,0.1225,0.12202956,64.41,BTC-27JUN25-130000-C,97942.82,sell,5.0,,5.0,,,
484,328582679,2024-11-21 11:04:28,1,0.1225,0.12195833,64.45,BTC-27JUN25-130000-C,97910.47,sell,5.0,,5.0,,,
485,328587476,2024-11-21 11:12:18,0,0.1245,0.12384789,64.84,BTC-27JUN25-130000-C,98131.89,sell,0.1,,0.1,,,
486,328620506,2024-11-21 12:55:05,2,0.1225,0.12296102,64.82,BTC-27JUN25-130000-C,97607.31,sell,1.0,,1.0,,,
487,328620839,2024-11-21 12:57:06,3,0.1225,0.12304173,64.8,BTC-27JUN25-130000-C,97615.37,sell,1.1,,1.1,,,
488,328620850,2024-11-21 12:57:09,3,0.1225,0.12301897,64.81,BTC-27JUN25-130000-C,97606.37,sell,1.1,,1.1,,,
489,328620893,2024-11-21 12:57:20,3,0.1225,0.12295162,64.84,BTC-27JUN25-130000-C,97587.19,sell,1.2,,1.2,,,
490,328620980,2024-11-21 12:57:29,3,0.1225,0.12290323,64.86,BTC-27JUN25-130000-C,97571.85,sell,0.6,,0.6,,,
491,328630954,2024-11-21 13:34:45,2,0.1215,0.1218156,64.53,BTC-27JUN25-130000-C,97569.01,sell,0.1,,0.1,,,
492,328633833,2024-11-21 13:54:51,2,0.12,0.12113819,63.91,BTC-27JUN25-130000-C,97660.14,sell,0.3,,0.3,,,
493,328646849,2024-11-21 14:42:16,2,0.1195,0.11880112,64.52,BTC-27JUN25-130000-C,96950.44,buy,0.1,,0.1,,,
494,328657911,2024-11-21 15:00:43,2,0.1185,0.1179556,64.23,BTC-27JUN25-130000-C,96919.19,buy,1.1,,1.1,,,
495,328657912,2024-11-21 15:00:43,3,0.1185,0.1179556,64.23,BTC-27JUN25-130000-C,96919.19,buy,1.9,,1.9,,,
496,328726499,2024-11-21 18:35:37,0,0.121,0.12056545,63.63,BTC-27JUN25-130000-C,98319.03,buy,1.4,,1.4,,,
497,328740064,2024-11-21 19:25:21,0,0.1235,0.12255749,63.89,BTC-27JUN25-130000-C,98825.52,buy,0.1,,0.1,,,
498,328833024,2024-11-22 06:38:09,0,0.1245,0.12341657,64.17,BTC-27JUN25-130000-C,98845.85,sell,1.0,,1.0,,,
499,329068787,2024-11-23 04:02:47,2,0.1195,0.11935925,62.73,BTC-27JUN25-130000-C,98691.2,buy,0.1,,0.1,,,
500,329074442,2024-11-23 06:09:16,3,0.1195,0.1194524,62.75,BTC-27JUN25-130000-C,98802.04,buy,0.1,,0.1,,,
501,329074463,2024-11-23 06:09:30,0,0.12,0.11949626,62.91,BTC-27JUN25-130000-C,98809.33,buy,0.1,,0.1,,,
502,329092836,2024-11-23 12:16:12,2,0.1195,0.11944688,62.97,BTC-27JUN25-130000-C,98638.05,buy,0.1,,0.1,,,
503,329094129,2024-11-23 12:51:45,3,0.1195,0.11944983,63.0,BTC-27JUN25-130000-C,98628.08,buy,0.1,,0.1,,,
504,329094347,2024-11-23 12:59:43,0,0.12,0.11949399,63.03,BTC-27JUN25-130000-C,98727.75,buy,0.1,,0.1,,,
505,329112679,2024-11-23 16:28:35,2,0.1185,0.11843724,63.16,BTC-27JUN25-130000-C,98088.55,buy,0.1,,0.1,,,
506,329120225,2024-11-23 17:02:15,2,0.118,0.11767997,63.45,BTC-27JUN25-130000-C,97713.07,buy,0.1,,0.1,,,
507,329125176,2024-11-23 17:40:23,0,0.1195,0.11941628,63.47,BTC-27JUN25-130000-C,98175.82,buy,0.1,,0.1,,,
508,329125561,2024-11-23 17:50:29,2,0.119,0.11890664,63.33,BTC-27JUN25-130000-C,98149.0,buy,0.1,,0.1,,,
509,329158778,2024-11-24 04:33:14,2,0.1185,0.11912434,63.1,BTC-27JUN25-130000-C,98165.31,buy,1.9,,1.9,,,
510,329280261,2024-11-25 02:53:17,0,0.12,0.11981636,64.46,BTC-27JUN25-130000-C,97595.07,sell,1.0,,1.0,,,
511,329353305,2024-11-25 14:44:26,2,0.114,0.11416125,63.62,BTC-27JUN25-130000-C,96522.9,sell,0.6,,0.6,,,
512,329388748,2024-11-25 15:19:14,2,0.111,0.11112376,63.8,BTC-27JUN25-130000-C,95513.24,sell,5.0,,5.0,,,
513,329401022,2024-11-25 15:38:31,3,0.111,0.11082144,63.58,BTC-27JUN25-130000-C,95649.23,sell,5.0,,5.0,,,
514,329421414,2024-11-25 17:00:39,0,0.1115,0.11124391,63.48,BTC-27JUN25-130000-C,95858.86,sell,0.1,,0.1,,,
515,329421478,2024-11-25 17:01:03,1,0.1115,0.11114592,63.52,BTC-27JUN25-130000-C,95826.92,sell,0.1,,0.1,,,
516,329444335,2024-11-25 18:17:47,2,0.111,0.11083072,63.44,BTC-27JUN25-130000-C,95760.07,buy,0.8,,0.8,,,
517,329484303,2024-11-25 21:21:53,2,0.106,0.10690053,62.88,BTC-27JUN25-130000-C,94790.96,sell,1.0,,1.0,,,
518,329484422,2024-11-25 21:23:50,3,0.106,0.10704987,62.76,BTC-27JUN25-130000-C,94901.94,sell,1.0,,1.0,,,
519,329521211,2024-11-25 22:56:46,2,0.104,0.10365929,62.94,BTC-27JUN25-130000-C,94302.13,sell,0.1,,0.1,,,
520,329587399,2024-11-26 06:06:13,0,0.1065,0.10615357,63.22,BTC-27JUN25-130000-C,94817.91,sell,0.1,,0.1,,,
521,329596487,2024-11-26 07:14:32,2,0.1045,0.10410658,63.38,BTC-27JUN25-130000-C,94021.14,sell,0.5,,0.5,,,
522,329666059,2024-11-26 11:03:49,2,0.0985,0.09907439,63.37,BTC-27JUN25-130000-C,92140.48,buy,0.1,,0.1,,,
523,329762111,2024-11-26 15:16:07,2,0.0975,0.09761633,62.26,BTC-27JUN25-130000-C,93033.54,buy,0.9,,0.9,,,
524,329762311,2024-11-26 15:16:23,3,0.0975,0.09786661,62.15,BTC-27JUN25-130000-C,93154.13,buy,0.9,,0.9,,,
525,329960453,2024-11-27 08:20:41,0,0.1005,0.10084557,62.77,BTC-27JUN25-130000-C,93475.01,buy,1.0,,1.0,,,
526,329960460,2024-11-27 08:20:55,1,0.1005,0.10087034,62.77,BTC-27JUN25-130000-C,93478.93,buy,1.0,,1.0,,,
527,330042866,2024-11-27 15:23:38,0,0.105,0.10377657,63.23,BTC-27JUN25-130000-C,94468.46,buy,0.1,,0.1,,,
528,330042867,2024-11-27 15:23:38,1,0.105,0.10377657,63.23,BTC-27JUN25-130000-C,94468.46,sell,0.2,,0.2,,,
529,330221453,2024-11-28 08:45:30,0,0.1055,0.10628802,62.76,BTC-27JUN25-130000-C,95398.82,sell,0.2,,0.2,,,
530,330271363,2024-11-28 12:58:00,2,0.103,0.1038123,61.79,BTC-27JUN25-130000-C,95607.21,buy,0.7,,0.7,,,
531,330272801,2024-11-28 13:02:26,2,0.102,0.10260264,61.82,BTC-27JUN25-130000-C,95247.77,buy,3.0,,3.0,,,
532,330272802,2024-11-28 13:02:26,0,0.1025,0.10260264,61.99,BTC-27JUN25-130000-C,95247.77,buy,2.0,,2.0,,,
533,330284252,2024-11-28 14:04:39,1,0.1025,0.10339249,61.48,BTC-27JUN25-130000-C,95831.07,buy,2.0,,2.0,,,
534,330598642,2024-11-29 17:06:08,0,0.109,0.10867926,61.61,BTC-27JUN25-130000-C,97569.15,sell,0.7,,0.7,,,
535,330598711,2024-11-29 17:06:10,1,0.109,0.10863229,61.64,BTC-27JUN25-130000-C,97537.83,sell,0.6,,0.6,,,
536,330598724,2024-11-29 17:06:12,1,0.109,0.10854105,61.64,BTC-27JUN25-130000-C,97540.22,sell,0.7,,0.7,,,
537,330775875,2024-12-01 08:33:46,2,0.1075,0.10544019,61.96,BTC-27JUN25-130000-C,97007.61,buy,0.1,,0.1,,,
538,330776319,2024-12-01 08:34:53,3,0.1075,0.10551246,61.93,BTC-27JUN25-130000-C,97041.6,buy,1.0,,1.0,,,
539,330776448,2024-12-01 08:35:38,2,0.107,0.10544934,61.79,BTC-27JUN25-130000-C,97007.81,sell,0.9,,0.9,,,
540,330776449,2024-12-01 08:35:38,3,0.107,0.10544934,61.79,BTC-27JUN25-130000-C,97007.81,sell,0.1,,0.1,,,
541,330776487,2024-12-01 08:36:08,3,0.107,0.10556073,61.76,BTC-27JUN25-130000-C,97036.76,sell,1.0,,1.0,,,
542,330777636,2024-12-01 08:47:51,2,0.1065,0.10581441,61.49,BTC-27JUN25-130000-C,97123.41,sell,0.2,,0.2,,,
543,330856561,2024-12-02 03:31:57,3,0.1065,0.10617519,61.07,BTC-27JUN25-130000-C,97459.91,sell,0.5,,0.5,,,
544,330928100,2024-12-02 12:18:01,2,0.1,0.09999441,61.78,BTC-27JUN25-130000-C,95130.66,sell,0.2,,0.2,,,
545,330928457,2024-12-02 12:21:27,0,0.101,0.1001127,62.11,BTC-27JUN25-130000-C,95151.89,buy,0.1,,0.1,,,
546,331177397,2024-12-03 14:40:02,2,0.094,0.09368603,60.91,BTC-27JUN25-130000-C,94359.3,buy,2.1,,2.1,,,
547,331195845,2024-12-03 15:22:39,0,0.0995,0.09918962,60.87,BTC-27JUN25-130000-C,96009.72,buy,1.1,,1.1,,,
548,331263076,2024-12-03 21:55:43,1,0.0995,0.0990517,60.58,BTC-27JUN25-130000-C,96095.53,buy,1.1,,1.1,,,
549,331619474,2024-12-05 03:32:46,0,0.1225,0.12217171,61.25,BTC-27JUN25-130000-C,102808.89,buy,2.0,,2.0,,,
550,331619805,2024-12-05 03:33:07,1,0.1225,0.12189738,61.32,BTC-27JUN25-130000-C,102741.51,buy,2.0,,2.0,,,
551,331649448,2024-12-05 04:19:51,1,0.1225,0.12269217,61.59,BTC-27JUN25-130000-C,102683.27,sell,0.2,,0.2,,,
552,331649475,2024-12-05 04:19:59,1,0.1225,0.12270321,61.59,BTC-27JUN25-130000-C,102689.23,sell,0.7,,0.7,,,
553,331649656,2024-12-05 04:20:25,1,0.1225,0.12289781,61.53,BTC-27JUN25-130000-C,102730.36,sell,1.0,,1.0,,,
554,331728391,2024-12-05 08:33:15,2,0.122,0.12108178,60.92,BTC-27JUN25-130000-C,102751.22,buy,0.5,,0.5,,,
555,331794641,2024-12-05 14:10:07,0,0.124,0.12520956,61.14,BTC-27JUN25-130000-C,102802.75,sell,0.3,,0.3,,,
556,331948677,2024-12-05 19:57:33,2,0.1125,0.11074681,62.07,BTC-27JUN25-130000-C,98717.76,buy,0.5,,0.5,,,
557,332308026,2024-12-06 16:15:39,2,0.1105,0.11022202,61.0,BTC-27JUN25-130000-C,99458.91,buy,2.1,,2.1,,,
558,332308096,2024-12-06 16:15:46,3,0.1105,0.11031416,60.96,BTC-27JUN25-130000-C,99497.22,buy,0.4,,0.4,,,
559,332308120,2024-12-06 16:15:50,3,0.1105,0.11041286,60.95,BTC-27JUN25-130000-C,99510.41,buy,0.2,,0.2,,,
560,332308194,2024-12-06 16:15:54,3,0.1105,0.11034933,60.97,BTC-27JUN25-130000-C,99485.5,buy,0.1,,0.1,,,
561,332310065,2024-12-06 16:21:46,2,0.1095,0.10978503,60.85,BTC-27JUN25-130000-C,99299.82,sell,1.0,,1.0,,,
562,332397295,2024-12-06 21:42:33,0,0.116,0.11530506,61.14,BTC-27JUN25-130000-C,100983.08,buy,1.8,,1.8,,,
563,332397320,2024-12-06 21:42:46,1,0.116,0.11537107,61.13,BTC-27JUN25-130000-C,100988.1,buy,0.8,,0.8,,,
564,332603215,2024-12-08 15:01:23,2,0.111,0.1105043,61.32,BTC-27JUN25-130000-C,99819.03,sell,0.5,,0.5,,,
565,332711883,2024-12-09 08:16:33,0,0.1115,0.11148467,62.13,BTC-27JUN25-130000-C,99614.84,sell,2.6,,2.6,,,
566,332782083,2024-12-09 15:08:47,0,0.1125,0.11218393,62.21,BTC-27JUN25-130000-C,99693.29,buy,0.7,,0.7,,,
567,332782125,2024-12-09 15:08:56,1,0.1125,0.11233217,62.17,BTC-27JUN25-130000-C,99729.08,buy,0.7,,0.7,,,
568,332782127,2024-12-09 15:08:56,1,0.1125,0.11233091,62.19,BTC-27JUN25-130000-C,99716.32,buy,0.1,,0.1,,,
569,332782137,2024-12-09 15:08:59,1,0.1125,0.11225946,62.21,BTC-27JUN25-130000-C,99695.6,buy,0.1,,0.1,,,
570,332782148,2024-12-09 15:09:04,1,0.1125,0.11231893,62.18,BTC-27JUN25-130000-C,99726.72,buy,0.1,,0.1,,,
571,332782584,2024-12-09 15:11:04,1,0.1125,0.11220931,62.17,BTC-27JUN25-130000-C,99728.9,buy,0.5,,0.5,,,
572,332782612,2024-12-09 15:11:06,1,0.1125,0.11220499,62.22,BTC-27JUN25-130000-C,99686.28,buy,0.6,,0.6,,,
573,332830040,2024-12-09 17:46:18,2,0.1045,0.1035598,62.34,BTC-27JUN25-130000-C,97532.58,buy,1.7,,1.7,,,
574,332969316,2024-12-10 00:38:55,0,0.106,0.1064982,62.23,BTC-27JUN25-130000-C,98068.78,sell,0.6,,0.6,,,
575,332969876,2024-12-10 00:40:35,2,0.1055,0.10587111,62.26,BTC-27JUN25-130000-C,97878.23,sell,0.9,,0.9,,,
576,332969906,2024-12-10 00:40:40,3,0.1055,0.10586463,62.27,BTC-27JUN25-130000-C,97873.06,sell,0.8,,0.8,,,
577,332970004,2024-12-10 00:40:46,3,0.1055,0.10584993,62.27,BTC-27JUN25-130000-C,97872.23,sell,0.6,,0.6,,,
578,333343722,2024-12-11 14:58:36,0,0.109,0.10979653,62.0,BTC-27JUN25-130000-C,99503.3,sell,0.4,,0.4,,,
579,333343724,2024-12-11 14:58:36,1,0.109,0.10979653,62.0,BTC-27JUN25-130000-C,99503.3,sell,0.4,,0.4,,,
580,333343727,2024-12-11 14:58:36,1,0.109,0.10979653,62.0,BTC-27JUN25-130000-C,99503.3,sell,0.3,,0.3,,,
581,333343728,2024-12-11 14:58:36,1,0.109,0.10979653,62.0,BTC-27JUN25-130000-C,99503.3,sell,0.5,,0.5,,,
582,333355888,2024-12-11 15:23:02,0,0.113,0.11319987,62.28,BTC-27JUN25-130000-C,100449.57,sell,0.8,,0.8,,,
583,333355889,2024-12-11 15:23:02,1,0.113,0.11319987,62.28,BTC-27JUN25-130000-C,100449.57,sell,0.8,,0.8,,,
584,333355890,2024-12-11 15:23:02,1,0.113,0.11319987,62.28,BTC-27JUN25-130000-C,100449.57,sell,0.8,,0.8,,,
585,333355892,2024-12-11 15:23:02,1,0.113,0.11324315,62.28,BTC-27JUN25-130000-C,100449.57,sell,0.8,,0.8,,,
586,333355893,2024-12-11 15:23:02,1,0.113,0.11324315,62.28,BTC-27JUN25-130000-C,100449.57,sell,0.8,,0.8,,,
587,333355894,2024-12-11 15:23:02,1,0.113,0.11324315,62.28,BTC-27JUN25-130000-C,100449.57,sell,0.4,,0.4,,,
588,333369448,2024-12-11 15:56:14,0,0.114,0.11368354,62.63,BTC-27JUN25-130000-C,100413.06,sell,0.2,,0.2,,,
589,333369923,2024-12-11 15:58:23,0,0.1145,0.11381923,62.8,BTC-27JUN25-130000-C,100424.93,sell,0.6,,0.6,,,
590,333369928,2024-12-11 15:58:25,1,0.1145,0.11382437,62.8,BTC-27JUN25-130000-C,100420.81,sell,0.2,,0.2,,,
591,333408329,2024-12-11 18:30:55,2,0.113,0.11275888,62.29,BTC-27JUN25-130000-C,100475.28,sell,0.5,,0.5,,,
592,333574585,2024-12-12 15:42:40,0,0.117,0.11705047,62.4,BTC-27JUN25-130000-C,101615.3,buy,0.2,,0.2,,,
593,333579734,2024-12-12 15:55:56,0,0.1185,0.11805477,62.76,BTC-27JUN25-130000-C,101761.31,sell,0.6,,0.6,,,
594,333587185,2024-12-12 16:08:31,0,0.1205,0.1199992,62.84,BTC-27JUN25-130000-C,102297.26,sell,0.5,,0.5,,,
595,333644414,2024-12-12 19:54:03,2,0.1125,0.11250349,62.89,BTC-27JUN25-130000-C,99854.93,buy,0.3,,0.3,,,
596,333661428,2024-12-12 21:06:06,2,0.112,0.11244884,62.8,BTC-27JUN25-130000-C,99866.01,sell,0.8,,0.8,,,
597,333667021,2024-12-12 21:59:32,0,0.1125,0.11172141,63.04,BTC-27JUN25-130000-C,99810.52,buy,0.8,,0.8,,,
598,333671421,2024-12-12 22:35:04,2,0.112,0.11296744,62.52,BTC-27JUN25-130000-C,100144.79,sell,1.1,,1.1,,,
599,333722476,2024-12-13 07:54:07,0,0.1125,0.11320776,62.68,BTC-27JUN25-130000-C,100204.77,sell,1.4,,1.4,,,
600,333853978,2024-12-13 22:16:11,0,0.1145,0.11532493,62.28,BTC-27JUN25-130000-C,101228.34,buy,1.4,,1.4,,,
601,333853979,2024-12-13 22:16:21,1,0.1145,0.11531126,62.28,BTC-27JUN25-130000-C,101233.23,buy,0.2,,0.2,,,
602,333853980,2024-12-13 22:16:22,1,0.1145,0.11531464,62.27,BTC-27JUN25-130000-C,101237.82,buy,0.1,,0.1,,,
603,333853983,2024-12-13 22:16:29,1,0.1145,0.11532874,62.27,BTC-27JUN25-130000-C,101242.06,buy,0.1,,0.1,,,
604,333853987,2024-12-13 22:16:30,1,0.1145,0.11532874,62.27,BTC-27JUN25-130000-C,101242.06,buy,0.1,,0.1,,,
605,333853994,2024-12-13 22:16:35,1,0.1145,0.11537202,62.25,BTC-27JUN25-130000-C,101256.72,buy,0.1,,0.1,,,
606,333854238,2024-12-13 22:19:47,1,0.1145,0.11472635,62.36,BTC-27JUN25-130000-C,101169.51,buy,3.0,,3.0,,,
607,333897653,2024-12-14 02:57:04,0,0.121,0.11907432,63.33,BTC-27JUN25-130000-C,102007.64,buy,0.5,,0.5,,,
608,334032806,2024-12-15 12:12:58,2,0.118,0.11776885,61.95,BTC-27JUN25-130000-C,102720.03,buy,1.0,,1.0,,,
609,334035677,2024-12-15 12:29:07,3,0.118,0.11787613,61.89,BTC-27JUN25-130000-C,102742.94,buy,0.1,,0.1,,,
610,334035695,2024-12-15 12:29:13,3,0.118,0.11791311,61.87,BTC-27JUN25-130000-C,102750.92,buy,0.1,,0.1,,,
611,334063843,2024-12-15 17:49:52,0,0.125,0.12101319,63.73,BTC-27JUN25-130000-C,103203.53,buy,0.3,,0.3,,,
612,334073878,2024-12-15 20:46:45,2,0.1215,0.12136511,62.68,BTC-27JUN25-130000-C,103134.87,sell,0.2,,0.2,,,
613,334109222,2024-12-15 23:33:10,0,0.1235,0.1259013,61.68,BTC-27JUN25-130000-C,104648.48,sell,0.3,,0.3,,,
614,334273429,2024-12-16 15:24:36,0,0.131,0.13037264,62.71,BTC-27JUN25-130000-C,106311.98,sell,0.6,,0.6,,,
615,334280288,2024-12-16 15:36:48,2,0.13,0.12974943,62.67,BTC-27JUN25-130000-C,106055.67,sell,0.5,,0.5,,,
616,334280902,2024-12-16 15:39:01,0,0.131,0.13039103,62.78,BTC-27JUN25-130000-C,106269.43,buy,1.1,,1.1,,,
617,334316478,2024-12-16 17:34:53,0,0.133,0.13343955,62.73,BTC-27JUN25-130000-C,107018.29,sell,1.1,,1.1,,,
618,334324307,2024-12-16 18:19:55,0,0.1335,0.13426487,62.47,BTC-27JUN25-130000-C,107448.35,sell,1.0,,1.0,,,
619,334389452,2024-12-17 01:21:45,2,0.129,0.12852496,62.69,BTC-27JUN25-130000-C,106077.05,sell,0.3,,0.3,,,
620,334581127,2024-12-18 01:15:02,2,0.1285,0.12823519,62.71,BTC-27JUN25-130000-C,106302.08,sell,0.1,,0.1,BTC-CS-27JUN25-130000_150000,334581126,
621,334905130,2024-12-18 22:55:52,2,0.1115,0.11048533,63.19,BTC-27JUN25-130000-C,101058.61,sell,0.1,,0.1,,,
622,334905158,2024-12-18 22:56:03,3,0.1115,0.11071773,63.11,BTC-27JUN25-130000-C,101133.06,sell,0.1,,0.1,,,
623,334907467,2024-12-18 23:05:34,2,0.1105,0.10977506,63.24,BTC-27JUN25-130000-C,100739.03,sell,9.0,,9.0,,,
624,334909027,2024-12-18 23:09:32,0,0.111,0.11039035,63.21,BTC-27JUN25-130000-C,100944.93,sell,1.0,,1.0,,,
625,334909085,2024-12-18 23:09:53,1,0.111,0.11026452,63.26,BTC-27JUN25-130000-C,100902.21,sell,1.0,,1.0,,,
626,334909112,2024-12-18 23:10:00,1,0.111,0.11017186,63.29,BTC-27JUN25-130000-C,100871.63,sell,1.2,,1.2,,,
627,334909113,2024-12-18 23:10:00,1,0.111,0.11017186,63.29,BTC-27JUN25-130000-C,100871.63,sell,0.8,,0.8,,,
628,334909147,2024-12-18 23:10:09,1,0.111,0.10994971,63.38,BTC-27JUN25-130000-C,100797.29,sell,0.8,,0.8,,,
629,334909459,2024-12-18 23:12:22,2,0.1105,0.10989337,63.26,BTC-27JUN25-130000-C,100739.73,sell,1.0,,1.0,,,
630,335001481,2024-12-19 04:04:11,0,0.1125,0.11250276,63.43,BTC-27JUN25-130000-C,100972.37,sell,0.2,,0.2,,,
631,335059798,2024-12-19 11:23:16,0,0.1145,0.11506969,62.73,BTC-27JUN25-130000-C,102310.08,buy,0.1,,0.1,,,
632,335180569,2024-12-19 17:58:28,2,0.1045,0.10298124,63.59,BTC-27JUN25-130000-C,98419.97,buy,0.5,,0.5,,,
633,335180570,2024-12-19 17:58:28,3,0.1045,0.10298124,63.59,BTC-27JUN25-130000-C,98419.97,buy,0.8,,0.8,,,
634,335249609,2024-12-19 20:09:39,2,0.0965,0.09713366,63.14,BTC-27JUN25-130000-C,96144.8,buy,0.7,,0.7,,,
635,335274780,2024-12-19 20:36:58,2,0.0945,0.09508258,63.09,BTC-27JUN25-130000-C,95681.77,buy,1.0,,1.0,,,
636,335274849,2024-12-19 20:37:00,3,0.0945,0.09499551,63.09,BTC-27JUN25-130000-C,95687.86,buy,1.1,,1.1,,,
637,335274946,2024-12-19 20:37:02,3,0.0945,0.09500652,63.09,BTC-27JUN25-130000-C,95698.12,buy,1.3,,1.3,,,
638,335274992,2024-12-19 20:37:03,3,0.0945,0.09501863,63.06,BTC-27JUN25-130000-C,95723.42,buy,1.3,,1.3,,,
639,335274994,2024-12-19 20:37:03,3,0.0945,0.09501863,63.06,BTC-27JUN25-130000-C,95723.42,buy,0.3,,0.3,,,
640,335275350,2024-12-19 20:37:14,3,0.0945,0.09536447,62.98,BTC-27JUN25-130000-C,95823.37,buy,1.2,,1.2,,,
641,335276798,2024-12-19 20:38:08,3,0.0945,0.09527481,62.88,BTC-27JUN25-130000-C,95995.15,buy,1.4,,1.4,,,
642,335276799,2024-12-19 20:38:08,3,0.0945,0.09527481,62.88,BTC-27JUN25-130000-C,95995.15,buy,0.1,,0.1,,,
643,335276804,2024-12-19 20:38:08,3,0.0945,0.09527481,62.88,BTC-27JUN25-130000-C,95995.15,buy,0.1,,0.1,,,
644,335276814,2024-12-19 20:38:09,3,0.0945,0.09533149,62.84,BTC-27JUN25-130000-C,96033.67,buy,2.2,,2.2,,,
645,335279085,2024-12-19 20:41:25,0,0.095,0.09577077,62.79,BTC-27JUN25-130000-C,96270.35,buy,4.8,,4.8,,,
646,335371615,2024-12-20 01:43:04,1,0.095,0.09497239,63.16,BTC-27JUN25-130000-C,96366.25,sell,1.0,,1.0,,,
647,335500111,2024-12-20 08:42:35,2,0.094,0.09387797,63.35,BTC-27JUN25-130000-C,96027.85,buy,0.1,,0.1,,,
648,335518151,2024-12-20 09:01:15,2,0.0935,0.09253239,63.89,BTC-27JUN25-130000-C,95362.84,buy,0.5,,0.5,,,
649,335574821,2024-12-20 10:22:24,2,0.093,0.09281249,64.26,BTC-27JUN25-130000-C,94677.27,buy,0.1,,0.1,,,
650,335687781,2024-12-20 13:58:28,0,0.0945,0.09539546,64.3,BTC-27JUN25-130000-C,95160.07,sell,0.1,,0.1,,,
651,335777832,2024-12-20 17:43:10,0,0.0995,0.09874289,63.92,BTC-27JUN25-130000-C,97134.6,sell,1.1,,1.1,,,
652,335777840,2024-12-20 17:43:11,1,0.0995,0.09874289,63.94,BTC-27JUN25-130000-C,97112.87,sell,2.6,,2.6,,,
653,335777841,2024-12-20 17:43:11,1,0.0995,0.09874289,63.94,BTC-27JUN25-130000-C,97112.87,sell,1.1,,1.1,,,
654,335777898,2024-12-20 17:43:13,1,0.0995,0.09874121,63.96,BTC-27JUN25-130000-C,97095.36,sell,0.1,,0.1,,,
655,335777924,2024-12-20 17:43:14,1,0.0995,0.09867773,64.01,BTC-27JUN25-130000-C,97050.84,sell,2.6,,2.6,,,
656,336146453,2024-12-22 20:06:57,2,0.0905,0.09102445,64.0,BTC-27JUN25-130000-C,94511.96,sell,0.1,,0.1,,,
657,336207581,2024-12-23 01:19:16,2,0.09,0.08997235,64.54,BTC-27JUN25-130000-C,93859.6,sell,0.1,,0.1,,,
658,336264175,2024-12-23 06:53:44,3,0.09,0.09019253,63.64,BTC-27JUN25-130000-C,94747.67,buy,0.4,,0.4,,,
659,336598644,2024-12-24 12:46:34,2,0.089,0.08821174,64.32,BTC-27JUN25-130000-C,94015.03,buy,2.0,,2.0,,,
660,336833449,2024-12-25 10:55:03,0,0.0975,0.09766651,62.68,BTC-27JUN25-130000-C,98168.08,buy,1.0,,1.0,,,
661,336970292,2024-12-26 07:34:06,2,0.0955,0.0954868,62.69,BTC-27JUN25-130000-C,97746.28,buy,1.0,,1.0,,,
662,337039167,2024-12-26 11:10:14,2,0.092,0.09106568,63.94,BTC-27JUN25-130000-C,95639.99,sell,0.1,,0.1,,,
663,337520817,2024-12-27 17:43:25,2,0.0875,0.08635717,64.11,BTC-27JUN25-130000-C,94077.68,buy,0.1,,0.1,,,
664,337672768,2024-12-29 16:17:42,2,0.086,0.08645342,64.04,BTC-27JUN25-130000-C,93915.65,buy,0.1,,0.1,,,
665,337703568,2024-12-29 23:00:26,2,0.084,0.08424943,64.27,BTC-27JUN25-130000-C,93037.24,buy,0.1,,0.1,,,
666,337724495,2024-12-30 02:41:50,0,0.0845,0.08461451,64.16,BTC-27JUN25-130000-C,93409.64,buy,0.1,,0.1,,,
667,337725383,2024-12-30 02:52:45,1,0.0845,0.08488973,64.05,BTC-27JUN25-130000-C,93508.89,buy,0.1,,0.1,,,
668,337725397,2024-12-30 02:52:57,1,0.0845,0.08499132,64.01,BTC-27JUN25-130000-C,93539.1,buy,0.3,,0.3,,,
669,337752061,2024-12-30 08:02:06,1,0.0845,0.08497118,63.94,BTC-27JUN25-130000-C,93661.23,buy,0.1,,0.1,,,
670,337773628,2024-12-30 13:22:08,2,0.083,0.08313811,64.1,BTC-27JUN25-130000-C,93072.06,buy,0.1,,0.1,,,
671,337773629,2024-12-30 13:22:09,3,0.083,0.08310481,64.1,BTC-27JUN25-130000-C,93071.44,buy,0.1,,0.1,,,
672,337777124,2024-12-30 13:43:49,0,0.0835,0.08320328,64.43,BTC-27JUN25-130000-C,92977.66,sell,0.1,,0.1,,,
673,337777651,2024-12-30 13:47:28,1,0.0835,0.08330625,64.53,BTC-27JUN25-130000-C,92885.17,sell,10.0,,10.0,,,
674,337778625,2024-12-30 13:50:15,1,0.0835,0.08312649,64.69,BTC-27JUN25-130000-C,92724.14,sell,10.0,,10.0,,,
675,337778667,2024-12-30 13:50:18,1,0.0835,0.08307,64.7,BTC-27JUN25-130000-C,92720.76,sell,8.0,,8.0,,,
676,337778680,2024-12-30 13:50:18,1,0.0835,0.08307,64.7,BTC-27JUN25-130000-C,92720.76,sell,1.9,,1.9,,,
677,337778770,2024-12-30 13:50:22,2,0.083,0.08301872,64.55,BTC-27JUN25-130000-C,92674.05,buy,0.1,,0.1,,,
678,337839671,2024-12-30 17:37:30,2,0.0825,0.08284075,64.16,BTC-27JUN25-130000-C,92890.94,buy,0.1,,0.1,,,
679,337846826,2024-12-30 17:47:32,0,0.0855,0.0856371,64.16,BTC-27JUN25-130000-C,93841.51,buy,0.1,,0.1,,,
680,337878426,2024-12-30 19:55:03,0,0.0865,0.08681157,64.18,BTC-27JUN25-130000-C,94222.44,buy,0.1,,0.1,,,
681,337885993,2024-12-30 20:28:15,0,0.088,0.08821463,64.3,BTC-27JUN25-130000-C,94644.9,buy,0.1,,0.1,,,
682,337922058,2024-12-30 22:30:07,2,0.0825,0.08268206,64.63,BTC-27JUN25-130000-C,92468.88,buy,0.1,,0.1,,,
683,337925938,2024-12-30 23:00:23,3,0.0825,0.08296553,64.53,BTC-27JUN25-130000-C,92561.48,buy,0.1,,0.1,,,
684,338067413,2024-12-31 16:29:27,0,0.0885,0.08854563,64.36,BTC-27JUN25-130000-C,94834.51,buy,0.1,,0.1,,,
685,338073289,2024-12-31 17:05:10,2,0.0875,0.08785085,64.21,BTC-27JUN25-130000-C,94625.28,buy,0.1,,0.1,,,
686,338137135,2025-01-01 08:00:47,2,0.083,0.08354333,63.84,BTC-27JUN25-130000-C,93500.31,sell,0.1,,0.1,,,
687,338139029,2025-01-01 08:26:28,3,0.083,0.08282036,64.04,BTC-27JUN25-130000-C,93326.67,sell,0.1,,0.1,,,
688,338144764,2025-01-01 09:32:40,2,0.0815,0.08158707,63.77,BTC-27JUN25-130000-C,93058.26,buy,0.1,,0.1,,,
689,338153992,2025-01-01 12:58:47,0,0.0835,0.08342541,63.9,BTC-27JUN25-130000-C,93615.34,buy,0.1,,0.1,,,
690,338157670,2025-01-01 14:06:24,0,0.085,0.08563695,63.86,BTC-27JUN25-130000-C,94153.17,buy,0.1,,0.1,,,
691,338202533,2025-01-02 00:49:05,0,0.09,0.08913056,64.71,BTC-27JUN25-130000-C,95099.55,buy,0.2,,0.2,,,
692,338280040,2025-01-02 12:51:16,0,0.0915,0.09230785,63.6,BTC-27JUN25-130000-C,96687.52,sell,5.3,,5.3,,,
693,338293837,2025-01-02 14:32:00,0,0.093,0.09298765,63.98,BTC-27JUN25-130000-C,96850.37,buy,0.5,,0.5,,,
694,338385377,2025-01-02 23:13:09,2,0.0915,0.09093,63.5,BTC-27JUN25-130000-C,96723.33,buy,0.1,,0.1,,,
695,338385625,2025-01-02 23:22:22,0,0.092,0.09114123,63.58,BTC-27JUN25-130000-C,96809.25,buy,0.1,,0.1,,,
696,338386017,2025-01-02 23:34:48,1,0.092,0.09140884,63.5,BTC-27JUN25-130000-C,96899.09,buy,0.1,,0.1,,,
697,338386027,2025-01-02 23:35:04,1,0.092,0.09136405,63.52,BTC-27JUN25-130000-C,96887.27,buy,0.1,,0.1,,,
698,338386056,2025-01-02 23:35:30,1,0.092,0.09141419,63.5,BTC-27JUN25-130000-C,96901.08,buy,0.1,,0.1,,,
699,338386059,2025-01-02 23:36:10,0,0.0925,0.09144375,63.68,BTC-27JUN25-130000-C,96908.42,buy,0.1,,0.1,,,
700,338437450,2025-01-03 09:24:08,2,0.0905,0.09013369,63.57,BTC-27JUN25-130000-C,96395.83,buy,0.1,,0.1,,,
701,338445159,2025-01-03 11:16:33,3,0.0905,0.09032157,63.6,BTC-27JUN25-130000-C,96439.08,buy,0.1,,0.1,,,
702,338452967,2025-01-03 13:19:13,2,0.09,0.09038073,63.4,BTC-27JUN25-130000-C,96422.26,sell,0.2,,0.2,,,
703,338464766,2025-01-03 14:37:24,0,0.096,0.09646504,65.36,BTC-27JUN25-130000-C,96662.76,sell,0.1,,0.1,,,
704,338464782,2025-01-03 14:37:28,1,0.096,0.09658291,65.33,BTC-27JUN25-130000-C,96692.63,sell,0.1,,0.1,,,
705,338472782,2025-01-03 15:01:01,0,0.097,0.09717801,65.39,BTC-27JUN25-130000-C,96969.05,sell,0.2,,0.2,,,
706,338472787,2025-01-03 15:01:01,1,0.097,0.09717801,65.4,BTC-27JUN25-130000-C,96967.94,buy,4.8,,4.8,,,
707,338521483,2025-01-03 19:49:48,0,0.098,0.09893903,63.89,BTC-27JUN25-130000-C,98628.6,sell,0.1,,0.1,,,
708,338521513,2025-01-03 19:50:16,1,0.098,0.09888045,63.91,BTC-27JUN25-130000-C,98616.35,sell,0.1,,0.1,,,
709,338521514,2025-01-03 19:50:16,1,0.098,0.09888045,63.91,BTC-27JUN25-130000-C,98616.35,sell,0.1,,0.1,,,
710,338534249,2025-01-03 22:19:37,0,0.0985,0.09822944,64.34,BTC-27JUN25-130000-C,98416.67,sell,0.2,,0.2,,,
711,338534273,2025-01-03 22:20:02,1,0.0985,0.09819348,64.36,BTC-27JUN25-130000-C,98403.18,sell,0.1,,0.1,,,
712,338534279,2025-01-03 22:20:05,1,0.0985,0.09819316,64.36,BTC-27JUN25-130000-C,98403.27,sell,0.1,,0.1,,,
713,338534283,2025-01-03 22:20:07,1,0.0985,0.09819424,64.36,BTC-27JUN25-130000-C,98403.45,sell,0.1,,0.1,,,
714,338534291,2025-01-03 22:20:17,1,0.0985,0.09819359,64.37,BTC-27JUN25-130000-C,98403.6,sell,0.1,,0.1,,,
715,338534294,2025-01-03 22:20:20,1,0.0985,0.09819326,64.37,BTC-27JUN25-130000-C,98403.52,sell,0.1,,0.1,,,
716,338534296,2025-01-03 22:20:22,1,0.0985,0.09819397,64.37,BTC-27JUN25-130000-C,98403.52,sell,0.1,,0.1,,,
717,338534299,2025-01-03 22:20:24,1,0.0985,0.09819579,64.37,BTC-27JUN25-130000-C,98403.56,sell,0.1,,0.1,,,
718,338534302,2025-01-03 22:20:29,1,0.0985,0.09819683,64.37,BTC-27JUN25-130000-C,98403.33,sell,0.1,,0.1,,,
719,338553876,2025-01-04 04:33:14,2,0.0955,0.0962206,63.98,BTC-27JUN25-130000-C,97858.47,sell,0.2,,0.2,,,
720,338553877,2025-01-04 04:33:14,3,0.0955,0.0962206,63.98,BTC-27JUN25-130000-C,97858.47,buy,0.2,,0.2,,,
721,338553878,2025-01-04 04:33:14,3,0.0955,0.0962206,63.98,BTC-27JUN25-130000-C,97858.47,buy,12.0,,12.0,,,
722,338553919,2025-01-04 04:33:30,3,0.0955,0.09619916,63.98,BTC-27JUN25-130000-C,97858.01,buy,0.7,,0.7,,,
723,338553923,2025-01-04 04:33:32,3,0.0955,0.09619771,63.98,BTC-27JUN25-130000-C,97858.09,buy,0.8,,0.8,,,
724,338553924,2025-01-04 04:33:32,3,0.0955,0.09619771,63.98,BTC-27JUN25-130000-C,97858.09,buy,0.1,,0.1,,,
725,338553925,2025-01-04 04:33:34,3,0.0955,0.09619485,63.98,BTC-27JUN25-130000-C,97858.08,buy,0.7,,0.7,,,
726,338553926,2025-01-04 04:33:34,3,0.0955,0.09619485,63.98,BTC-27JUN25-130000-C,97858.08,buy,0.2,,0.2,,,
727,338723800,2025-01-06 04:23:11,0,0.0995,0.09893495,64.53,BTC-27JUN25-130000-C,99320.3,buy,0.1,,0.1,,,
728,338726239,2025-01-06 04:53:27,1,0.0995,0.09913117,64.49,BTC-27JUN25-130000-C,99364.15,buy,0.1,,0.1,,,
729,338727019,2025-01-06 04:57:44,1,0.0995,0.09920338,64.42,BTC-27JUN25-130000-C,99418.81,buy,9.8,,9.8,,,
730,338732800,2025-01-06 05:30:28,1,0.0995,0.09937594,64.19,BTC-27JUN25-130000-C,99652.57,buy,1.2,,1.2,,,
731,338733008,2025-01-06 05:31:55,1,0.0995,0.09956538,64.13,BTC-27JUN25-130000-C,99691.68,buy,10.0,,10.0,,,
732,338733169,2025-01-06 05:32:42,1,0.0995,0.0995527,64.13,BTC-27JUN25-130000-C,99696.72,buy,10.0,,10.0,,,
733,338733636,2025-01-06 05:34:07,0,0.1,0.09966843,64.28,BTC-27JUN25-130000-C,99729.42,buy,0.1,,0.1,,,
734,338786962,2025-01-06 13:32:01,2,0.0995,0.09924336,64.54,BTC-27JUN25-130000-C,99331.07,sell,0.4,,0.4,,,
735,338796206,2025-01-06 14:26:36,2,0.097,0.09742641,64.04,BTC-27JUN25-130000-C,98969.72,sell,3.0,,3.0,,,
736,338920085,2025-01-06 21:56:51,0,0.104,0.10398916,63.61,BTC-27JUN25-130000-C,101715.96,sell,0.1,,0.1,,,
737,338920585,2025-01-06 22:02:34,1,0.104,0.10395512,63.63,BTC-27JUN25-130000-C,101685.83,sell,0.4,,0.4,,,
738,338920586,2025-01-06 22:02:34,1,0.104,0.10395512,63.63,BTC-27JUN25-130000-C,101685.83,sell,0.1,,0.1,,,
739,338920593,2025-01-06 22:02:43,1,0.104,0.10395328,63.63,BTC-27JUN25-130000-C,101685.47,sell,0.4,,0.4,,,
740,338920594,2025-01-06 22:02:43,1,0.104,0.10395328,63.63,BTC-27JUN25-130000-C,101685.47,sell,0.1,,0.1,,,
741,338941860,2025-01-07 00:40:16,0,0.1045,0.10525029,63.22,BTC-27JUN25-130000-C,102245.26,sell,0.1,,0.1,,,
742,338953234,2025-01-07 02:42:35,2,0.1035,0.10406744,63.38,BTC-27JUN25-130000-C,101845.41,buy,1.5,,1.5,,,
743,338953235,2025-01-07 02:42:35,3,0.1035,0.10406744,63.38,BTC-27JUN25-130000-C,101845.41,buy,8.5,,8.5,,,
744,338953237,2025-01-07 02:42:41,3,0.1035,0.10404181,63.39,BTC-27JUN25-130000-C,101844.53,buy,2.7,,2.7,,,
745,338953720,2025-01-07 02:50:08,2,0.103,0.10331922,63.29,BTC-27JUN25-130000-C,101762.17,buy,6.8,,6.8,,,
746,339087019,2025-01-07 15:38:13,2,0.093,0.09309927,63.81,BTC-27JUN25-130000-C,97947.55,sell,0.1,,0.1,,,
747,339178515,2025-01-07 19:09:57,2,0.0885,0.0887672,63.45,BTC-27JUN25-130000-C,96983.16,sell,0.1,,0.1,,,
748,339179890,2025-01-07 19:17:28,3,0.0885,0.08871855,63.45,BTC-27JUN25-130000-C,96990.82,sell,0.1,,0.1,,,
749,339189714,2025-01-07 20:00:22,2,0.0865,0.08712203,63.41,BTC-27JUN25-130000-C,96354.6,sell,0.1,,0.1,,,
750,339191771,2025-01-07 20:05:22,0,0.087,0.08750628,63.42,BTC-27JUN25-130000-C,96512.01,sell,0.1,,0.1,,,
751,339215114,2025-01-07 21:46:43,1,0.087,0.08710311,63.57,BTC-27JUN25-130000-C,96530.97,buy,0.1,,0.1,,,
752,339215801,2025-01-07 21:50:45,1,0.087,0.08730465,63.49,BTC-27JUN25-130000-C,96598.07,buy,0.1,,0.1,,,
753,339234374,2025-01-08 00:19:21,0,0.089,0.08889069,63.66,BTC-27JUN25-130000-C,97078.06,sell,0.1,,0.1,,,
754,339314212,2025-01-08 08:17:33,2,0.0835,0.0839483,63.41,BTC-27JUN25-130000-C,95771.61,buy,0.1,,0.1,,,
755,339325519,2025-01-08 09:59:24,0,0.084,0.08394293,63.94,BTC-27JUN25-130000-C,95437.01,sell,0.3,,0.3,,,
756,339363379,2025-01-08 13:15:57,2,0.0835,0.08369928,63.79,BTC-27JUN25-130000-C,95433.61,sell,0.1,,0.1,,,
757,339429648,2025-01-08 17:31:50,2,0.077,0.07663876,64.23,BTC-27JUN25-130000-C,92699.6,buy,0.1,,0.1,,,
758,339490259,2025-01-08 21:33:28,0,0.0795,0.0798292,63.41,BTC-27JUN25-130000-C,94247.02,sell,0.1,,0.1,,,
759,339512067,2025-01-09 01:34:01,0,0.083,0.08196891,63.74,BTC-27JUN25-130000-C,95205.87,buy,0.2,,0.2,,,
760,339799554,2025-01-10 07:42:09,2,0.078,0.07773867,62.65,BTC-27JUN25-130000-C,94637.28,sell,2.0,,2.0,,,M
761,339814327,2025-01-10 08:13:52,3,0.078,0.07726071,62.72,BTC-27JUN25-130000-C,94659.92,buy,0.2,,0.2,,,
762,339846749,2025-01-10 13:30:02,0,0.08,0.08050731,63.23,BTC-27JUN25-130000-C,94824.84,sell,0.1,,0.1,,,
763,340055237,2025-01-11 11:36:19,2,0.076,0.07597081,62.18,BTC-27JUN25-130000-C,94697.42,buy,1.0,,1.0,,,
764,340227208,2025-01-13 10:35:30,2,0.068,0.06823383,62.82,BTC-27JUN25-130000-C,91764.86,buy,0.1,,0.1,,,
765,340384632,2025-01-13 18:32:14,2,0.0675,0.06779013,62.42,BTC-27JUN25-130000-C,91874.75,sell,0.1,,0.1,,,
766,340551451,2025-01-14 13:30:09,0,0.0825,0.08133106,63.7,BTC-27JUN25-130000-C,96357.19,buy,0.1,,0.1,,,
767,340585741,2025-01-14 15:20:57,1,0.0825,0.08248815,63.3,BTC-27JUN25-130000-C,96633.87,sell,0.1,,0.1,,,
768,340605292,2025-01-14 16:34:33,2,0.0805,0.08052708,63.38,BTC-27JUN25-130000-C,95776.37,buy,0.1,,0.1,,,
769,340607645,2025-01-14 16:41:18,3,0.0805,0.08003792,63.58,BTC-27JUN25-130000-C,95620.56,buy,1.0,,1.0,,,
770,340607646,2025-01-14 16:41:18,3,0.0805,0.08003792,63.58,BTC-27JUN25-130000-C,95620.56,sell,1.0,,1.0,,,
771,340632449,2025-01-14 18:46:42,0,0.0815,0.08191836,62.87,BTC-27JUN25-130000-C,96693.72,sell,0.1,,0.1,,,
772,340633046,2025-01-14 18:48:51,0,0.082,0.08241372,62.89,BTC-27JUN25-130000-C,96838.51,buy,0.1,,0.1,,,
773,340633048,2025-01-14 18:48:57,1,0.082,0.08240319,62.88,BTC-27JUN25-130000-C,96846.86,buy,0.1,,0.1,,,
774,340718262,2025-01-15 08:37:44,0,0.084,0.08426576,63.03,BTC-27JUN25-130000-C,97463.35,buy,0.1,,0.1,,,
775,340732819,2025-01-15 12:06:16,2,0.0815,0.08125972,62.9,BTC-27JUN25-130000-C,96720.06,buy,1.0,,1.0,,,
776,340739746,2025-01-15 13:24:54,0,0.0825,0.08251057,62.84,BTC-27JUN25-130000-C,97145.65,buy,0.1,,0.1,,,
777,340740904,2025-01-15 13:29:15,0,0.083,0.08296378,62.94,BTC-27JUN25-130000-C,97241.01,buy,0.1,,0.1,,,
778,340815677,2025-01-15 16:07:20,0,0.0885,0.08903032,62.63,BTC-27JUN25-130000-C,99316.5,sell,0.1,,0.1,,,
779,340847050,2025-01-15 20:14:00,0,0.091,0.09098619,62.6,BTC-27JUN25-130000-C,100287.93,sell,0.1,,0.1,,,
780,340863726,2025-01-15 21:51:49,2,0.0895,0.08926003,62.68,BTC-27JUN25-130000-C,99770.8,sell,0.1,,0.1,,,
781,340940147,2025-01-16 09:06:35,2,0.0845,0.08490829,62.13,BTC-27JUN25-130000-C,98660.5,sell,1.3,,1.3,,,
782,340972123,2025-01-16 14:40:28,0,0.085,0.08552425,61.98,BTC-27JUN25-130000-C,98940.57,sell,0.7,,0.7,,,
783,340972124,2025-01-16 14:40:28,1,0.085,0.08552425,61.98,BTC-27JUN25-130000-C,98940.57,sell,0.1,,0.1,,,
784,340972125,2025-01-16 14:40:28,1,0.085,0.08552425,61.98,BTC-27JUN25-130000-C,98940.57,sell,8.0,,8.0,,,
785,340972126,2025-01-16 14:40:28,1,0.085,0.08552425,61.98,BTC-27JUN25-130000-C,98940.57,sell,1.1,,1.1,,,
786,340972127,2025-01-16 14:40:28,1,0.085,0.08552425,61.98,BTC-27JUN25-130000-C,98940.57,buy,0.1,,0.1,,,
787,340986780,2025-01-16 15:00:25,2,0.082,0.08190717,62.42,BTC-27JUN25-130000-C,97482.47,buy,0.1,,0.1,,,
788,340988461,2025-01-16 15:02:53,0,0.0825,0.08230011,62.47,BTC-27JUN25-130000-C,97600.92,sell,0.1,,0.1,,,
789,341031149,2025-01-16 17:11:32,0,0.0885,0.08897939,62.86,BTC-27JUN25-130000-C,99334.38,sell,0.6,,0.6,,,
790,341031150,2025-01-16 17:11:32,2,0.088,0.08897939,62.66,BTC-27JUN25-130000-C,99334.38,sell,0.2,,0.2,,,
791,341105271,2025-01-17 01:21:57,0,0.09,0.08973998,62.49,BTC-27JUN25-130000-C,100105.53,buy,0.6,,0.6,,,
792,341105272,2025-01-17 01:21:57,1,0.09,0.08973998,62.49,BTC-27JUN25-130000-C,100105.53,sell,0.4,,0.4,,,
793,341161216,2025-01-17 06:25:57,0,0.095,0.09441952,62.84,BTC-27JUN25-130000-C,101485.77,buy,1.5,,1.5,,,
794,341173043,2025-01-17 07:58:24,0,0.0955,0.09486771,63.04,BTC-27JUN25-130000-C,101466.29,buy,0.6,,0.6,,,
795,341185387,2025-01-17 08:51:54,0,0.0965,0.09649184,62.94,BTC-27JUN25-130000-C,101936.83,sell,2.6,,2.6,,,
796,341185533,2025-01-17 08:52:22,1,0.0965,0.0964462,62.96,BTC-27JUN25-130000-C,101923.13,sell,0.4,,0.4,,,
797,341204134,2025-01-17 10:40:08,0,0.097,0.09664477,62.62,BTC-27JUN25-130000-C,102498.1,buy,1.3,,1.3,,,
798,341204135,2025-01-17 10:40:08,1,0.097,0.09664477,62.62,BTC-27JUN25-130000-C,102498.1,buy,0.6,,0.6,,,
799,341234003,2025-01-17 14:32:05,2,0.096,0.09579763,62.12,BTC-27JUN25-130000-C,102605.79,buy,0.1,,0.1,,,
800,341236434,2025-01-17 14:36:14,0,0.0975,0.09742532,62.07,BTC-27JUN25-130000-C,103117.43,buy,1.9,,1.9,,,
801,341239621,2025-01-17 14:41:08,2,0.0965,0.09631113,62.23,BTC-27JUN25-130000-C,102681.58,sell,1.5,,1.5,,,
802,341239654,2025-01-17 14:41:11,3,0.0965,0.09614351,62.23,BTC-27JUN25-130000-C,102676.09,sell,1.1,,1.1,,,
803,341242646,2025-01-17 14:47:35,0,0.097,0.09677616,62.41,BTC-27JUN25-130000-C,102709.31,sell,2.6,,2.6,,,
804,341255552,2025-01-17 15:17:41,0,0.102,0.10183687,62.47,BTC-27JUN25-130000-C,104285.96,sell,0.6,,0.6,,,
805,341296030,2025-01-17 17:00:21,0,0.105,0.10450947,62.67,BTC-27JUN25-130000-C,105024.5,buy,0.6,,0.6,,,
806,341296031,2025-01-17 17:00:21,1,0.105,0.10450947,62.67,BTC-27JUN25-130000-C,105024.5,buy,0.8,,0.8,,,
807,341331249,2025-01-17 19:37:41,0,0.106,0.10588366,62.74,BTC-27JUN25-130000-C,105292.68,buy,0.2,,0.2,,,
808,341331839,2025-01-17 19:41:12,0,0.1065,0.10658258,62.68,BTC-27JUN25-130000-C,105500.69,buy,0.1,,0.1,,,
809,341337713,2025-01-17 20:00:22,0,0.1085,0.10814181,62.97,BTC-27JUN25-130000-C,105889.11,sell,0.1,,0.1,,,
810,341337714,2025-01-17 20:00:22,1,0.1085,0.10814181,62.97,BTC-27JUN25-130000-C,105889.11,sell,0.1,,0.1,,,
811,341337989,2025-01-17 20:00:51,1,0.1085,0.10786702,63.09,BTC-27JUN25-130000-C,105796.1,sell,0.1,,0.1,,,
812,341337990,2025-01-17 20:00:51,1,0.1085,0.10786702,63.09,BTC-27JUN25-130000-C,105796.1,sell,0.1,,0.1,,,
813,341338150,2025-01-17 20:01:03,2,0.108,0.10781666,62.92,BTC-27JUN25-130000-C,105772.72,sell,0.5,,0.5,,,
814,341338386,2025-01-17 20:01:43,0,0.1085,0.10801613,63.03,BTC-27JUN25-130000-C,105836.11,sell,0.1,,0.1,,,
815,341342485,2025-01-17 20:15:33,2,0.1075,0.10717525,62.97,BTC-27JUN25-130000-C,105570.92,sell,2.0,,2.0,,,
816,341353273,2025-01-17 21:11:18,2,0.104,0.1045327,62.68,BTC-27JUN25-130000-C,104711.9,sell,0.1,,0.1,,,
817,341353274,2025-01-17 21:11:18,3,0.104,0.1045327,62.68,BTC-27JUN25-130000-C,104711.9,sell,0.9,,0.9,,,
818,341640206,2025-01-19 20:33:48,0,0.1095,0.10994457,63.45,BTC-27JUN25-130000-C,105893.84,buy,0.5,,0.5,,,
819,341640236,2025-01-19 20:33:59,1,0.1095,0.11011188,63.4,BTC-27JUN25-130000-C,105938.53,buy,0.5,,0.5,,,
820,341861578,2025-01-20 04:29:07,2,0.0965,0.0960871,63.57,BTC-27JUN25-130000-C,101589.65,buy,0.9,,0.9,,,
821,341865350,2025-01-20 04:53:03,0,0.099,0.09831025,63.75,BTC-27JUN25-130000-C,102230.61,buy,3.0,,3.0,,,
822,341974871,2025-01-20 07:36:14,0,0.1165,0.11654135,63.75,BTC-27JUN25-130000-C,107807.29,buy,2.0,,2.0,,,
823,341975908,2025-01-20 07:38:36,0,0.1175,0.11779922,63.74,BTC-27JUN25-130000-C,108117.43,sell,0.1,,0.1,,,
824,341984482,2025-01-20 07:58:15,2,0.1165,0.11659102,64.41,BTC-27JUN25-130000-C,107237.79,sell,1.1,,1.1,,,
825,341984483,2025-01-20 07:58:15,3,0.1165,0.11645853,64.42,BTC-27JUN25-130000-C,107222.98,sell,0.6,,0.6,,,
826,342030213,2025-01-20 10:21:50,0,0.1195,0.11958062,64.23,BTC-27JUN25-130000-C,108393.35,buy,0.2,,0.2,,,
827,342050220,2025-01-20 11:52:58,0,0.1205,0.11982173,65.03,BTC-27JUN25-130000-C,107997.96,buy,7.5,,7.5,,,
828,342082206,2025-01-20 12:44:39,2,0.116,0.11609295,65.26,BTC-27JUN25-130000-C,106379.65,buy,0.1,,0.1,,,
829,342084100,2025-01-20 12:48:08,0,0.1175,0.11809295,65.04,BTC-27JUN25-130000-C,106994.48,sell,0.1,,0.1,,,
830,342123992,2025-01-20 14:39:09,0,0.1205,0.1203593,65.65,BTC-27JUN25-130000-C,107536.76,buy,0.1,,0.1,,,
831,342130697,2025-01-20 15:00:03,2,0.1185,0.11922628,64.6,BTC-27JUN25-130000-C,107715.93,sell,0.1,,0.1,,,
832,342138142,2025-01-20 15:17:55,2,0.115,0.11534866,64.6,BTC-27JUN25-130000-C,106653.28,sell,0.1,,0.1,,,
833,342140041,2025-01-20 15:18:35,2,0.114,0.11440915,64.59,BTC-27JUN25-130000-C,106348.59,sell,0.1,,0.1,,,
834,342241608,2025-01-20 17:06:17,2,0.1,0.10101182,63.95,BTC-27JUN25-130000-C,102467.36,sell,0.1,,0.1,,,
835,342448456,2025-01-20 23:54:44,2,0.094,0.09419528,62.87,BTC-27JUN25-130000-C,101822.9,sell,1.6,,1.6,,,
836,342462352,2025-01-21 00:17:21,2,0.0935,0.09330317,62.54,BTC-27JUN25-130000-C,102059.98,sell,0.1,,0.1,,,
837,342467682,2025-01-21 00:28:30,2,0.092,0.09252834,62.23,BTC-27JUN25-130000-C,101810.28,sell,3.8,,3.8,,,
838,342497037,2025-01-21 01:30:11,2,0.089,0.08813282,62.81,BTC-27JUN25-130000-C,100224.03,buy,0.1,,0.1,,,
839,342593857,2025-01-21 08:50:34,0,0.093,0.09328356,61.8,BTC-27JUN25-130000-C,102309.16,buy,0.3,,0.3,,,
840,342593859,2025-01-21 08:50:34,1,0.093,0.09328356,61.8,BTC-27JUN25-130000-C,102309.16,sell,0.1,,0.1,,,
841,342594154,2025-01-21 08:51:51,2,0.0925,0.09300507,61.74,BTC-27JUN25-130000-C,102203.97,sell,1.5,,1.5,,,
842,342594181,2025-01-21 08:52:04,3,0.0925,0.09282327,61.79,BTC-27JUN25-130000-C,102163.86,sell,1.9,,1.9,,,
843,342595961,2025-01-21 09:01:31,0,0.093,0.09326708,61.76,BTC-27JUN25-130000-C,102338.9,sell,1.8,,1.8,,,
844,342596010,2025-01-21 09:01:32,1,0.093,0.09337149,61.75,BTC-27JUN25-130000-C,102345.65,sell,6.3,,6.3,,,
845,342599469,2025-01-21 09:05:37,1,0.093,0.09330928,61.54,BTC-27JUN25-130000-C,102587.32,buy,10.0,,10.0,,,
846,342646201,2025-01-21 13:46:21,0,0.101,0.10102856,62.21,BTC-27JUN25-130000-C,104609.2,buy,0.1,,0.1,,,
847,342770077,2025-01-21 20:11:36,0,0.108,0.10840419,62.31,BTC-27JUN25-130000-C,106968.91,sell,0.9,,0.9,,,
848,342787044,2025-01-21 21:17:42,2,0.1045,0.10408392,62.16,BTC-27JUN25-130000-C,105974.47,sell,0.7,,0.7,,,
849,342890664,2025-01-22 12:55:19,2,0.101,0.10105944,61.71,BTC-27JUN25-130000-C,105324.26,buy,0.6,,0.6,,,
850,342901636,2025-01-22 13:54:42,2,0.0975,0.0971991,62.06,BTC-27JUN25-130000-C,104043.6,sell,6.8,,6.8,,,
851,342901662,2025-01-22 13:54:46,3,0.0975,0.09720083,62.06,BTC-27JUN25-130000-C,104044.09,sell,0.1,,0.1,,,
852,342901838,2025-01-22 13:55:11,3,0.0975,0.09726647,62.06,BTC-27JUN25-130000-C,104042.0,sell,3.1,,3.1,,,
853,342901850,2025-01-22 13:55:12,3,0.0975,0.09726647,62.09,BTC-27JUN25-130000-C,104020.37,sell,0.1,,0.1,,,
854,342903389,2025-01-22 13:59:01,0,0.098,0.09762024,62.2,BTC-27JUN25-130000-C,104116.27,sell,1.5,,1.5,,,
855,342904118,2025-01-22 14:02:12,2,0.097,0.09708671,62.09,BTC-27JUN25-130000-C,103873.52,sell,3.0,,3.0,,,
856,342904711,2025-01-22 14:03:23,3,0.097,0.09717297,62.1,BTC-27JUN25-130000-C,103855.99,sell,2.7,,2.7,,,
857,342905808,2025-01-22 14:04:58,3,0.097,0.09726278,62.05,BTC-27JUN25-130000-C,103893.71,sell,2.7,,2.7,,,
858,342951588,2025-01-22 17:14:12,2,0.0965,0.09666169,61.58,BTC-27JUN25-130000-C,104084.88,buy,0.1,,0.1,,,
859,342951589,2025-01-22 17:14:16,3,0.0965,0.09666819,61.58,BTC-27JUN25-130000-C,104088.22,buy,0.1,,0.1,,,
860,342951655,2025-01-22 17:14:53,3,0.0965,0.09667725,61.55,BTC-27JUN25-130000-C,104108.06,buy,0.1,,0.1,,,
861,342951660,2025-01-22 17:14:54,0,0.097,0.09671113,61.74,BTC-27JUN25-130000-C,104112.0,buy,0.1,,0.1,,,
862,342952228,2025-01-22 17:18:10,1,0.097,0.09690959,61.67,BTC-27JUN25-130000-C,104163.88,buy,0.1,,0.1,,,
863,342953097,2025-01-22 17:21:11,0,0.0975,0.09727587,61.74,BTC-27JUN25-130000-C,104252.75,buy,0.1,,0.1,,,
864,342953142,2025-01-22 17:21:44,1,0.0975,0.09746062,61.69,BTC-27JUN25-130000-C,104283.41,sell,0.1,,0.1,,,
865,342953145,2025-01-22 17:21:52,1,0.0975,0.09748099,61.67,BTC-27JUN25-130000-C,104293.89,buy,0.1,,0.1,,,
866,342953147,2025-01-22 17:21:55,1,0.0975,0.09750398,61.68,BTC-27JUN25-130000-C,104291.35,buy,0.1,,0.1,,,
867,342953200,2025-01-22 17:22:11,1,0.0975,0.0975302,61.68,BTC-27JUN25-130000-C,104282.49,buy,0.1,,0.1,,,
868,342953246,2025-01-22 17:22:22,1,0.0975,0.0974685,61.7,BTC-27JUN25-130000-C,104273.11,buy,0.1,,0.1,,,
869,342953280,2025-01-22 17:22:41,1,0.0975,0.097504,61.68,BTC-27JUN25-130000-C,104287.73,buy,0.1,,0.1,,,
870,342953378,2025-01-22 17:22:49,1,0.0975,0.09756073,61.66,BTC-27JUN25-130000-C,104305.63,buy,0.1,,0.1,,,
871,342953493,2025-01-22 17:23:29,0,0.098,0.09764583,61.84,BTC-27JUN25-130000-C,104316.65,buy,0.1,,0.1,,,
872,342954090,2025-01-22 17:24:55,1,0.098,0.09771075,61.86,BTC-27JUN25-130000-C,104300.28,buy,0.1,,0.1,,,
873,342954091,2025-01-22 17:24:59,1,0.098,0.09770269,61.86,BTC-27JUN25-130000-C,104300.98,buy,0.1,,0.1,,,
874,342954092,2025-01-22 17:25:01,1,0.098,0.09770464,61.86,BTC-27JUN25-130000-C,104300.97,buy,0.1,,0.1,,,
875,342954120,2025-01-22 17:25:05,1,0.098,0.09768899,61.87,BTC-27JUN25-130000-C,104291.3,buy,0.1,,0.1,,,
876,342954556,2025-01-22 17:27:16,1,0.098,0.09767178,61.96,BTC-27JUN25-130000-C,104210.74,sell,0.1,,0.1,,,
877,342954574,2025-01-22 17:27:47,1,0.098,0.09771699,61.95,BTC-27JUN25-130000-C,104222.59,buy,0.1,,0.1,,,
878,342954603,2025-01-22 17:27:50,1,0.098,0.09775577,61.94,BTC-27JUN25-130000-C,104228.38,buy,0.1,,0.1,,,
879,342954635,2025-01-22 17:27:53,1,0.098,0.09771038,61.96,BTC-27JUN25-130000-C,104207.72,buy,0.1,,0.1,,,
880,342954637,2025-01-22 17:27:56,1,0.098,0.09763107,61.98,BTC-27JUN25-130000-C,104190.85,buy,0.1,,0.1,,,
881,342954641,2025-01-22 17:27:59,1,0.098,0.09768772,61.97,BTC-27JUN25-130000-C,104205.24,buy,0.1,,0.1,,,
882,342954650,2025-01-22 17:28:03,1,0.098,0.09767779,61.98,BTC-27JUN25-130000-C,104199.65,buy,0.1,,0.1,,,
883,342954656,2025-01-22 17:28:07,1,0.098,0.0976652,61.98,BTC-27JUN25-130000-C,104195.94,buy,0.1,,0.1,,,
884,342954731,2025-01-22 17:28:45,1,0.098,0.09784706,61.92,BTC-27JUN25-130000-C,104241.67,buy,0.1,,0.1,,,
885,342954732,2025-01-22 17:28:48,1,0.098,0.0978442,61.92,BTC-27JUN25-130000-C,104240.16,buy,0.1,,0.1,,,
886,342954734,2025-01-22 17:28:50,1,0.098,0.09784739,61.92,BTC-27JUN25-130000-C,104238.94,buy,0.1,,0.1,,,
887,342955259,2025-01-22 17:32:28,1,0.098,0.09792152,61.96,BTC-27JUN25-130000-C,104211.5,buy,0.1,,0.1,,,
888,342956758,2025-01-22 17:39:23,0,0.0985,0.09872957,61.79,BTC-27JUN25-130000-C,104502.16,buy,0.1,,0.1,,,
889,342956759,2025-01-22 17:39:23,1,0.0985,0.09872957,61.79,BTC-27JUN25-130000-C,104502.16,buy,0.1,,0.1,,,
890,342966586,2025-01-22 19:01:43,2,0.097,0.09719317,61.62,BTC-27JUN25-130000-C,104192.11,buy,0.1,,0.1,,,
891,343141946,2025-01-23 14:16:29,2,0.0885,0.08822776,61.4,BTC-27JUN25-130000-C,102152.0,buy,8.0,,8.0,,,
892,343141947,2025-01-23 14:16:29,3,0.0885,0.08822776,61.4,BTC-27JUN25-130000-C,102152.0,sell,1.9,,1.9,,,
893,343141948,2025-01-23 14:16:29,3,0.0885,0.08822776,61.4,BTC-27JUN25-130000-C,102152.0,sell,0.1,,0.1,,,
894,343155839,2025-01-23 14:35:59,0,0.0945,0.09414678,61.28,BTC-27JUN25-130000-C,104314.71,buy,0.1,,0.1,,,
895,343155883,2025-01-23 14:36:00,1,0.0945,0.09414678,61.28,BTC-27JUN25-130000-C,104314.71,buy,0.1,,0.1,,,
896,343157794,2025-01-23 14:37:14,0,0.095,0.09467626,61.35,BTC-27JUN25-130000-C,104427.42,buy,0.1,,0.1,,,
897,343272224,2025-01-23 15:57:31,0,0.099,0.09799637,61.97,BTC-27JUN25-130000-C,105070.83,buy,2.9,,2.9,,,
898,343276164,2025-01-23 16:04:16,0,0.101,0.10065857,62.23,BTC-27JUN25-130000-C,105500.53,sell,0.5,,0.5,,,
899,343278044,2025-01-23 16:06:57,1,0.101,0.10103972,62.19,BTC-27JUN25-130000-C,105516.72,sell,1.0,,1.0,,,
900,343360538,2025-01-23 19:26:16,2,0.099,0.09978152,61.88,BTC-27JUN25-130000-C,105067.66,sell,3.0,,3.0,,,
901,343649311,2025-01-24 14:27:22,2,0.096,0.0959288,61.11,BTC-27JUN25-130000-C,105253.22,sell,0.5,,0.5,,,
902,343653024,2025-01-24 14:37:24,3,0.096,0.09604999,61.04,BTC-27JUN25-130000-C,105265.2,buy,0.6,,0.6,,,
903,343657859,2025-01-24 14:44:04,0,0.098,0.09811809,60.93,BTC-27JUN25-130000-C,105993.29,buy,0.1,,0.1,,,
904,343658992,2025-01-24 14:45:01,0,0.099,0.09888419,61.0,BTC-27JUN25-130000-C,106238.7,buy,0.1,,0.1,,,
905,343671386,2025-01-24 15:21:21,0,0.0995,0.09948136,61.6,BTC-27JUN25-130000-C,105883.76,sell,1.0,,1.0,,,
906,343673940,2025-01-24 15:32:37,2,0.0985,0.09841915,61.6,BTC-27JUN25-130000-C,105577.91,sell,0.9,,0.9,,,
907,343678617,2025-01-24 15:58:59,0,0.1,0.09944799,61.78,BTC-27JUN25-130000-C,105948.73,buy,0.1,,0.1,,,
908,343684114,2025-01-24 16:24:14,2,0.0995,0.10003852,61.4,BTC-27JUN25-130000-C,106087.74,sell,1.0,,1.0,,,
909,343709036,2025-01-24 18:24:11,0,0.1015,0.10155562,60.98,BTC-27JUN25-130000-C,107010.51,buy,0.1,,0.1,,,
910,343734567,2025-01-24 20:32:07,2,0.0955,0.09557427,60.97,BTC-27JUN25-130000-C,105137.9,sell,0.9,,0.9,,,
911,343870538,2025-01-26 15:17:07,2,0.0925,0.09275958,60.05,BTC-27JUN25-130000-C,105015.3,buy,0.2,,0.2,,,
912,343981784,2025-01-27 02:43:55,2,0.0815,0.0815462,60.6,BTC-27JUN25-130000-C,101135.05,buy,0.1,,0.1,,,
913,343981892,2025-01-27 02:45:31,3,0.0815,0.08137678,60.66,BTC-27JUN25-130000-C,101080.62,buy,0.1,,0.1,,,
914,343987063,2025-01-27 03:04:42,2,0.081,0.0812577,60.49,BTC-27JUN25-130000-C,101062.53,buy,0.2,,0.2,,,
915,343987064,2025-01-27 03:04:42,3,0.081,0.0812577,60.49,BTC-27JUN25-130000-C,101062.53,buy,0.2,,0.2,,,
916,343987065,2025-01-27 03:04:42,3,0.081,0.0812577,60.49,BTC-27JUN25-130000-C,101062.53,buy,0.2,,0.2,,,
917,343990129,2025-01-27 03:20:56,0,0.082,0.08232604,60.34,BTC-27JUN25-130000-C,101543.42,buy,0.2,,0.2,,,
918,343990130,2025-01-27 03:20:56,1,0.082,0.08232604,60.34,BTC-27JUN25-130000-C,101543.42,buy,0.2,,0.2,,,
919,343990131,2025-01-27 03:20:56,1,0.082,0.08232604,60.34,BTC-27JUN25-130000-C,101543.42,buy,0.2,,0.2,,,
920,343993438,2025-01-27 03:41:01,0,0.0825,0.08207703,60.58,BTC-27JUN25-130000-C,101447.65,sell,0.1,,0.1,,,
921,344005866,2025-01-27 04:55:22,2,0.078,0.07785872,60.09,BTC-27JUN25-130000-C,100365.51,buy,0.2,,0.2,,,
922,344005867,2025-01-27 04:55:22,3,0.078,0.07785872,60.09,BTC-27JUN25-130000-C,100365.51,buy,0.2,,0.2,,,
923,344008896,2025-01-27 05:18:55,0,0.079,0.07857899,60.29,BTC-27JUN25-130000-C,100561.2,buy,0.2,,0.2,,,
924,344008897,2025-01-27 05:18:55,1,0.079,0.07857899,60.29,BTC-27JUN25-130000-C,100561.2,buy,0.2,,0.2,,,
925,344009104,2025-01-27 05:21:17,1,0.079,0.07839222,60.41,BTC-27JUN25-130000-C,100462.01,buy,0.2,,0.2,,,
926,344009105,2025-01-27 05:21:17,1,0.079,0.07839222,60.41,BTC-27JUN25-130000-C,100462.01,buy,0.2,,0.2,,,
927,344009106,2025-01-27 05:21:17,1,0.079,0.07839222,60.41,BTC-27JUN25-130000-C,100462.01,buy,0.2,,0.2,,,
928,344009221,2025-01-27 05:23:06,1,0.079,0.07847538,60.4,BTC-27JUN25-130000-C,100466.68,buy,0.2,,0.2,,,
929,344009222,2025-01-27 05:23:06,1,0.079,0.07847538,60.4,BTC-27JUN25-130000-C,100466.68,buy,0.2,,0.2,,,
930,344009223,2025-01-27 05:23:06,1,0.079,0.07847538,60.4,BTC-27JUN25-130000-C,100466.68,buy,0.2,,0.2,,,
931,344018699,2025-01-27 05:59:35,2,0.077,0.07744767,59.72,BTC-27JUN25-130000-C,100338.2,buy,0.2,,0.2,,,
932,344018700,2025-01-27 05:59:35,3,0.077,0.07744767,59.72,BTC-27JUN25-130000-C,100338.2,buy,0.2,,0.2,,,
