trade_seq,trade_id,timestamp,tick_direction,price,mark_price,iv,instrument_name,index_price,direction,contracts,amount,block_trade_id,combo_id,combo_trade_id
1,324569306,2024-11-08 00:16:30,1,0.0255,0.02558529,55.37,BTC-31JAN25-102000-C,76176.7,buy,0.1,0.1,,,
2,324569307,2024-11-08 00:16:30,1,0.0255,0.02558529,55.37,BTC-31JAN25-102000-C,76176.7,buy,0.9,0.9,,,
3,324593672,2024-11-08 04:08:53,2,0.024,0.0246307,54.77,BTC-31JAN25-102000-C,75913.63,sell,0.1,0.1,,,
4,324645822,2024-11-08 08:49:41,2,0.0225,0.02299017,53.71,BTC-31JAN25-102000-C,75903.76,buy,0.1,0.1,,,
5,324666877,2024-11-08 11:24:54,3,0.0225,0.02298316,53.18,BTC-31JAN25-102000-C,76243.94,sell,2.1,2.1,,,
6,324666878,2024-11-08 11:24:54,3,0.0225,0.02298316,53.18,BTC-31JAN25-102000-C,76243.94,sell,6.0,6.0,,,
7,324666879,2024-11-08 11:24:54,3,0.0225,0.02298316,53.18,BTC-31JAN25-102000-C,76243.94,sell,3.3,3.3,,,
8,324666880,2024-11-08 11:24:54,3,0.0225,0.02298316,53.18,BTC-31JAN25-102000-C,76243.94,sell,8.7,8.7,,,
9,324666881,2024-11-08 11:24:54,3,0.0225,0.02298316,53.18,BTC-31JAN25-102000-C,76243.94,sell,0.1,0.1,,,
10,324666891,2024-11-08 11:24:54,3,0.0225,0.02298316,53.18,BTC-31JAN25-102000-C,76243.94,buy,0.5,0.5,,,
11,324666893,2024-11-08 11:24:54,3,0.0225,0.02298316,53.18,BTC-31JAN25-102000-C,76243.94,buy,12.0,12.0,,,
12,324666915,2024-11-08 11:25:07,3,0.0225,0.02296689,53.18,BTC-31JAN25-102000-C,76243.92,buy,15.0,15.0,,,
13,324671754,2024-11-08 12:24:40,0,0.023,0.02247191,53.83,BTC-31JAN25-102000-C,76069.6,buy,0.1,0.1,,,
14,324692509,2024-11-08 14:54:44,2,0.0225,0.02242329,53.71,BTC-31JAN25-102000-C,75894.24,buy,1.0,1.0,,,
15,324692510,2024-11-08 14:54:44,3,0.0225,0.02242329,53.71,BTC-31JAN25-102000-C,75894.24,buy,3.0,3.0,,,
16,324725377,2024-11-08 17:34:13,0,0.0235,0.02323126,54.19,BTC-31JAN25-102000-C,76151.64,buy,1.3,1.3,,,
17,324757178,2024-11-08 20:48:59,1,0.0235,0.02429649,53.41,BTC-31JAN25-102000-C,76648.77,sell,0.1,0.1,,,
18,324767423,2024-11-08 22:02:38,1,0.0235,0.02402604,53.61,BTC-31JAN25-102000-C,76536.21,sell,0.1,0.1,,,
19,324767627,2024-11-08 22:05:08,0,0.024,0.02420914,53.83,BTC-31JAN25-102000-C,76630.63,buy,0.1,0.1,,,
20,324843779,2024-11-10 00:20:21,0,0.0245,0.024469,54.25,BTC-31JAN25-102000-C,76746.9,buy,0.1,0.1,,,
21,324843826,2024-11-10 00:20:39,1,0.0245,0.02442863,54.29,BTC-31JAN25-102000-C,76723.82,sell,1.6,1.6,,,
22,324843827,2024-11-10 00:20:39,1,0.0245,0.02442863,54.29,BTC-31JAN25-102000-C,76723.82,sell,0.3,0.3,,,
23,324843861,2024-11-10 00:20:42,1,0.0245,0.02440438,54.3,BTC-31JAN25-102000-C,76709.55,sell,0.3,0.3,,,
24,324843949,2024-11-10 00:20:47,1,0.0245,0.02438645,54.33,BTC-31JAN25-102000-C,76704.85,sell,1.6,1.6,,,
25,324843950,2024-11-10 00:20:47,1,0.0245,0.02438645,54.33,BTC-31JAN25-102000-C,76704.85,sell,0.3,0.3,,,
26,324843974,2024-11-10 00:20:57,1,0.0245,0.02435887,54.36,BTC-31JAN25-102000-C,76689.3,sell,0.3,0.3,,,
27,324844010,2024-11-10 00:20:58,1,0.0245,0.02435967,54.36,BTC-31JAN25-102000-C,76688.22,sell,3.5,3.5,,,
28,324851730,2024-11-10 02:03:59,1,0.0245,0.02419009,54.34,BTC-31JAN25-102000-C,76740.59,buy,0.1,0.1,,,
29,324853780,2024-11-10 02:19:25,0,0.025,0.02530065,54.03,BTC-31JAN25-102000-C,77277.86,buy,0.1,0.1,,,
30,324867520,2024-11-10 04:33:12,0,0.0255,0.02546099,53.83,BTC-31JAN25-102000-C,77473.67,buy,0.1,0.1,,,
31,324929850,2024-11-10 06:05:29,0,0.03,0.03061776,54.34,BTC-31JAN25-102000-C,78992.45,sell,0.1,0.1,,,
32,324930546,2024-11-10 06:07:33,0,0.0305,0.03072159,54.6,BTC-31JAN25-102000-C,79055.19,buy,0.1,0.1,,,
33,325004601,2024-11-10 12:48:31,2,0.029,0.02960167,52.88,BTC-31JAN25-102000-C,79408.37,sell,0.2,0.2,,,
34,325008283,2024-11-10 13:15:40,0,0.0305,0.03010487,53.49,BTC-31JAN25-102000-C,79617.55,sell,0.2,0.2,,,
35,325008376,2024-11-10 13:16:49,1,0.0305,0.03019764,53.44,BTC-31JAN25-102000-C,79644.24,sell,0.1,0.1,,,
36,325215337,2024-11-11 07:04:37,0,0.033,0.0332286,53.05,BTC-31JAN25-102000-C,80915.07,buy,0.5,0.5,,,
37,325233106,2024-11-11 08:28:44,0,0.0335,0.03373134,52.99,BTC-31JAN25-102000-C,81154.13,buy,0.8,0.8,,,
38,325369828,2024-11-11 16:18:49,0,0.048,0.04707467,55.34,BTC-31JAN25-102000-C,84744.78,buy,0.3,0.3,,,
39,325402504,2024-11-11 18:02:32,2,0.0455,0.04561773,54.61,BTC-31JAN25-102000-C,84519.64,sell,0.1,0.1,,,
40,325439139,2024-11-11 19:18:01,0,0.051,0.05105803,54.93,BTC-31JAN25-102000-C,86018.32,buy,1.0,1.0,,,
41,325439140,2024-11-11 19:18:01,1,0.051,0.05105803,54.93,BTC-31JAN25-102000-C,86018.32,buy,0.1,0.1,,,
42,325439872,2024-11-11 19:20:01,0,0.052,0.05178695,55.1,BTC-31JAN25-102000-C,86228.16,buy,1.0,1.0,,,
43,325447819,2024-11-11 19:36:26,0,0.054,0.05329467,55.67,BTC-31JAN25-102000-C,86512.95,buy,1.5,1.5,,,
44,325530239,2024-11-11 22:24:10,0,0.0585,0.05865395,58.0,BTC-31JAN25-102000-C,86766.04,buy,5.0,5.0,,,
45,325589948,2024-11-12 00:04:37,0,0.067,0.06627343,59.36,BTC-31JAN25-102000-C,88317.85,buy,0.1,0.1,,,
46,325604545,2024-11-12 00:26:51,2,0.0645,0.06463584,59.12,BTC-31JAN25-102000-C,87790.5,buy,0.1,0.1,,,
47,325649507,2024-11-12 02:37:19,2,0.062,0.06232123,57.49,BTC-31JAN25-102000-C,87890.98,sell,0.1,0.1,,,
48,325694698,2024-11-12 05:31:24,0,0.066,0.06638018,57.69,BTC-31JAN25-102000-C,88704.11,buy,0.1,0.1,,,
49,325694751,2024-11-12 05:31:32,1,0.066,0.06644008,57.66,BTC-31JAN25-102000-C,88723.92,buy,0.1,0.1,,,
50,325694789,2024-11-12 05:31:34,1,0.066,0.06648062,57.65,BTC-31JAN25-102000-C,88735.59,buy,0.1,0.1,,,
51,325694801,2024-11-12 05:31:35,1,0.066,0.06648062,57.65,BTC-31JAN25-102000-C,88735.59,buy,0.1,0.1,,,
52,325703674,2024-11-12 06:29:23,2,0.065,0.0652141,57.31,BTC-31JAN25-102000-C,88621.56,sell,0.1,0.1,,,
53,325784603,2024-11-12 10:10:16,2,0.063,0.06269879,58.03,BTC-31JAN25-102000-C,87710.1,buy,0.1,0.1,,,
54,325784604,2024-11-12 10:10:16,3,0.063,0.06269879,58.03,BTC-31JAN25-102000-C,87710.1,buy,0.9,0.9,,,
55,325827607,2024-11-12 11:03:40,2,0.059,0.05860816,57.3,BTC-31JAN25-102000-C,86941.23,sell,1.7,1.7,,,
56,325921985,2024-11-12 14:02:55,2,0.0585,0.05829457,57.95,BTC-31JAN25-102000-C,86461.26,buy,3.0,3.0,,,
57,326170271,2024-11-13 02:27:17,2,0.056,0.05612285,55.71,BTC-31JAN25-102000-C,87578.53,buy,0.1,0.1,,,
58,326218919,2024-11-13 05:54:31,2,0.054,0.05410971,56.12,BTC-31JAN25-102000-C,86836.45,sell,0.1,0.1,,,
59,326235342,2024-11-13 07:29:47,0,0.0555,0.05495648,56.16,BTC-31JAN25-102000-C,87250.38,buy,0.1,0.1,,,
60,326266347,2024-11-13 11:01:55,2,0.055,0.05510858,55.15,BTC-31JAN25-102000-C,87625.55,buy,0.1,0.1,,,
61,326342135,2024-11-13 14:39:08,0,0.071,0.07093841,58.38,BTC-31JAN25-102000-C,90441.9,buy,0.1,0.1,,,
62,326342795,2024-11-13 14:39:55,0,0.0725,0.07169279,58.71,BTC-31JAN25-102000-C,90608.09,buy,0.4,0.4,,,
63,326358361,2024-11-13 14:56:08,0,0.0775,0.07720217,59.02,BTC-31JAN25-102000-C,91620.86,sell,0.3,0.3,,,
64,326379685,2024-11-13 15:24:59,0,0.078,0.0779297,58.78,BTC-31JAN25-102000-C,91941.17,buy,0.1,0.1,,,
65,326395254,2024-11-13 15:47:28,0,0.08,0.07989414,58.71,BTC-31JAN25-102000-C,92586.32,sell,0.2,0.2,,,
66,326411443,2024-11-13 16:11:30,0,0.083,0.08262488,59.1,BTC-31JAN25-102000-C,93022.36,sell,0.1,0.1,,,
67,326413187,2024-11-13 16:12:40,0,0.0845,0.0836107,59.44,BTC-31JAN25-102000-C,93254.49,buy,7.4,7.4,,,
68,326471762,2024-11-13 17:51:44,2,0.077,0.07730337,57.57,BTC-31JAN25-102000-C,92221.06,sell,1.0,1.0,,,
69,326471953,2024-11-13 17:52:30,3,0.077,0.07707945,57.74,BTC-31JAN25-102000-C,92175.57,sell,1.0,1.0,,,
70,326501580,2024-11-13 19:11:11,2,0.0735,0.07311549,57.79,BTC-31JAN25-102000-C,91478.51,buy,7.4,7.4,,,
71,326525139,2024-11-13 19:36:05,2,0.0685,0.06880388,57.27,BTC-31JAN25-102000-C,90219.09,sell,0.1,0.1,,,
72,326525142,2024-11-13 19:36:06,3,0.0685,0.06883005,57.27,BTC-31JAN25-102000-C,90236.69,sell,0.9,0.9,,,
73,326635299,2024-11-14 01:54:34,2,0.0655,0.06545124,56.33,BTC-31JAN25-102000-C,90127.25,sell,3.0,3.0,,,
74,326730240,2024-11-14 10:36:57,0,0.0715,0.07152273,57.29,BTC-31JAN25-102000-C,91089.07,buy,0.6,0.6,,,
75,326734278,2024-11-14 10:57:26,1,0.0715,0.07135974,57.42,BTC-31JAN25-102000-C,91040.99,buy,0.7,0.7,,,
76,327315016,2024-11-15 23:22:49,2,0.068,0.06809403,55.62,BTC-31JAN25-102000-C,91348.41,sell,0.7,0.7,,,
77,327315403,2024-11-15 23:27:23,3,0.068,0.06794078,55.78,BTC-31JAN25-102000-C,91288.11,sell,0.7,0.7,,,
78,327315584,2024-11-15 23:31:20,3,0.068,0.06798952,55.78,BTC-31JAN25-102000-C,91280.04,sell,0.6,0.6,,,
79,327336390,2024-11-16 03:05:53,3,0.068,0.0672866,55.57,BTC-31JAN25-102000-C,91472.07,buy,5.0,5.0,,,
80,327336391,2024-11-16 03:05:53,3,0.068,0.0672866,55.57,BTC-31JAN25-102000-C,91472.07,buy,2.5,2.5,,,
81,327336392,2024-11-16 03:05:53,3,0.068,0.0672866,55.57,BTC-31JAN25-102000-C,91472.07,sell,0.5,0.5,,,
82,327336801,2024-11-16 03:10:42,0,0.0685,0.06804234,55.62,BTC-31JAN25-102000-C,91540.12,buy,1.7,1.7,,,
83,327336802,2024-11-16 03:10:42,1,0.0685,0.06804234,55.62,BTC-31JAN25-102000-C,91540.12,sell,8.3,8.3,,,
84,327337038,2024-11-16 03:13:46,1,0.0685,0.06792455,55.85,BTC-31JAN25-102000-C,91458.88,sell,0.3,0.3,,,
85,327337083,2024-11-16 03:14:36,1,0.0685,0.06818534,55.81,BTC-31JAN25-102000-C,91476.93,sell,0.6,0.6,,,
86,327337168,2024-11-16 03:15:26,1,0.0685,0.06815897,55.84,BTC-31JAN25-102000-C,91454.62,sell,0.5,0.5,,,
87,327337255,2024-11-16 03:16:37,1,0.0685,0.06803677,55.95,BTC-31JAN25-102000-C,91399.18,sell,0.6,0.6,,,
88,327337773,2024-11-16 03:31:24,1,0.0685,0.06838746,56.0,BTC-31JAN25-102000-C,91369.98,sell,10.0,10.0,,,
89,327339733,2024-11-16 03:49:40,1,0.0685,0.06817098,56.17,BTC-31JAN25-102000-C,91263.46,sell,0.5,0.5,,,
90,327348825,2024-11-16 06:03:10,1,0.0685,0.06881848,56.06,BTC-31JAN25-102000-C,91353.0,sell,1.6,1.6,,,
91,327348872,2024-11-16 06:04:35,1,0.0685,0.06882375,56.07,BTC-31JAN25-102000-C,91342.65,sell,1.6,1.6,,,
92,327348913,2024-11-16 06:05:19,1,0.0685,0.06873977,56.13,BTC-31JAN25-102000-C,91320.63,sell,1.7,1.7,,,
93,327348918,2024-11-16 06:05:23,1,0.0685,0.06871396,56.14,BTC-31JAN25-102000-C,91312.49,sell,1.6,1.6,,,
94,327348925,2024-11-16 06:05:26,1,0.0685,0.0686484,56.15,BTC-31JAN25-102000-C,91291.14,sell,1.8,1.8,,,
95,327348963,2024-11-16 06:05:32,1,0.0685,0.06860538,56.21,BTC-31JAN25-102000-C,91287.2,sell,1.2,1.2,,,
96,327353012,2024-11-16 07:30:44,0,0.069,0.0688557,56.4,BTC-31JAN25-102000-C,91352.26,sell,5.4,5.4,,,
97,327353056,2024-11-16 07:31:53,1,0.069,0.06882209,56.45,BTC-31JAN25-102000-C,91322.02,sell,1.6,1.6,,,
98,327353085,2024-11-16 07:32:22,1,0.069,0.06887865,56.47,BTC-31JAN25-102000-C,91316.62,sell,0.3,0.3,,,
99,327353086,2024-11-16 07:32:22,1,0.069,0.06887865,56.47,BTC-31JAN25-102000-C,91316.62,sell,1.5,1.5,,,
100,327353168,2024-11-16 07:32:48,1,0.069,0.06882532,56.51,BTC-31JAN25-102000-C,91304.65,sell,0.3,0.3,,,
101,327353175,2024-11-16 07:32:48,1,0.069,0.06882532,56.51,BTC-31JAN25-102000-C,91304.65,sell,0.9,0.9,,,
102,327356602,2024-11-16 07:56:10,0,0.0695,0.06927047,57.0,BTC-31JAN25-102000-C,91205.23,sell,10.0,10.0,,,
103,327359695,2024-11-16 08:10:05,1,0.0695,0.06916944,57.0,BTC-31JAN25-102000-C,91204.79,sell,5.0,5.0,,,
104,327361297,2024-11-16 08:21:43,2,0.069,0.06963888,56.7,BTC-31JAN25-102000-C,91222.44,sell,1.8,1.8,,,
105,327361307,2024-11-16 08:21:47,3,0.069,0.06965212,56.69,BTC-31JAN25-102000-C,91224.41,sell,1.5,1.5,,,
106,327361733,2024-11-16 08:24:30,3,0.069,0.06972991,56.6,BTC-31JAN25-102000-C,91279.88,sell,7.8,7.8,,,
107,327361767,2024-11-16 08:24:35,3,0.069,0.06969388,56.61,BTC-31JAN25-102000-C,91268.81,sell,3.8,3.8,,,
108,327361801,2024-11-16 08:24:38,3,0.069,0.06966275,56.63,BTC-31JAN25-102000-C,91255.87,sell,4.3,4.3,,,
109,327361820,2024-11-16 08:24:41,3,0.069,0.06959628,56.67,BTC-31JAN25-102000-C,91249.45,sell,0.8,0.8,,,
110,327365319,2024-11-16 08:52:44,0,0.0695,0.06959515,56.69,BTC-31JAN25-102000-C,91354.36,sell,8.4,8.4,,,
111,327368750,2024-11-16 10:06:26,0,0.0715,0.07070418,57.71,BTC-31JAN25-102000-C,91402.02,buy,11.5,11.5,,,
112,327368751,2024-11-16 10:06:26,1,0.0715,0.07070418,57.71,BTC-31JAN25-102000-C,91402.02,buy,7.5,7.5,,,
113,327368752,2024-11-16 10:06:26,1,0.0715,0.07070418,57.71,BTC-31JAN25-102000-C,91402.02,buy,3.0,3.0,,,
114,327368753,2024-11-16 10:06:26,1,0.0715,0.07070418,57.71,BTC-31JAN25-102000-C,91402.02,sell,0.3,0.3,,,
115,327368755,2024-11-16 10:06:26,1,0.0715,0.07070418,57.71,BTC-31JAN25-102000-C,91402.02,sell,6.0,6.0,,,
116,327368756,2024-11-16 10:06:26,1,0.0715,0.07070418,57.71,BTC-31JAN25-102000-C,91402.02,sell,11.7,11.7,,,
117,327368807,2024-11-16 10:06:56,1,0.0715,0.07075756,57.76,BTC-31JAN25-102000-C,91371.01,sell,0.3,0.3,,,
118,327368913,2024-11-16 10:08:53,1,0.0715,0.07092185,57.78,BTC-31JAN25-102000-C,91354.67,sell,1.3,1.3,,,
119,327369760,2024-11-16 10:20:52,1,0.0715,0.07093583,57.69,BTC-31JAN25-102000-C,91407.01,buy,4.2,4.2,,,
120,327369761,2024-11-16 10:20:52,1,0.0715,0.07093583,57.69,BTC-31JAN25-102000-C,91407.01,buy,7.5,7.5,,,
121,327369762,2024-11-16 10:20:52,1,0.0715,0.07093583,57.69,BTC-31JAN25-102000-C,91407.01,buy,2.8,2.8,,,
122,327369763,2024-11-16 10:20:52,1,0.0715,0.07093583,57.69,BTC-31JAN25-102000-C,91407.01,sell,5.5,5.5,,,
123,327370035,2024-11-16 10:23:22,1,0.0715,0.07097897,57.72,BTC-31JAN25-102000-C,91397.36,sell,0.3,0.3,,,
124,327373541,2024-11-16 11:00:01,1,0.0715,0.0718473,57.64,BTC-31JAN25-102000-C,91413.84,sell,9.7,9.7,,,
125,327410759,2024-11-16 15:52:30,2,0.0685,0.06839194,58.52,BTC-31JAN25-102000-C,90220.25,sell,0.1,0.1,,,
126,327448747,2024-11-16 22:59:47,2,0.067,0.06723671,57.26,BTC-31JAN25-102000-C,90465.33,sell,0.1,0.1,,,
127,327501458,2024-11-17 06:59:04,2,0.0665,0.06687235,56.79,BTC-31JAN25-102000-C,90624.36,sell,7.3,7.3,,,
128,327536136,2024-11-17 12:46:26,0,0.0695,0.07000648,57.35,BTC-31JAN25-102000-C,91091.71,buy,0.1,0.1,,,
129,327576122,2024-11-17 18:25:39,2,0.068,0.06788927,58.65,BTC-31JAN25-102000-C,90117.55,sell,0.2,0.2,,,
130,327686528,2024-11-18 09:26:27,0,0.073,0.07328675,57.5,BTC-31JAN25-102000-C,91924.35,buy,1.0,1.0,,,
131,327898468,2024-11-19 03:43:28,2,0.07,0.07091257,57.65,BTC-31JAN25-102000-C,91329.3,sell,0.1,0.1,,,
132,327932671,2024-11-19 08:32:32,0,0.0745,0.07450379,59.18,BTC-31JAN25-102000-C,91748.41,buy,0.3,0.3,,,
133,327945721,2024-11-19 10:26:21,2,0.074,0.07458717,58.95,BTC-31JAN25-102000-C,91785.87,sell,1.0,1.0,,,
134,327977321,2024-11-19 13:17:04,0,0.0755,0.07551699,57.92,BTC-31JAN25-102000-C,92568.18,sell,3.0,3.0,,,
135,327980001,2024-11-19 13:26:13,2,0.074,0.07433843,57.74,BTC-31JAN25-102000-C,92299.79,sell,0.9,0.9,,,
136,328021703,2024-11-19 15:27:26,2,0.0715,0.07176446,57.35,BTC-31JAN25-102000-C,91862.24,sell,3.0,3.0,,,
137,328022109,2024-11-19 15:28:36,3,0.0715,0.07195588,57.58,BTC-31JAN25-102000-C,91894.57,sell,2.7,2.7,,,
138,328025056,2024-11-19 15:32:37,0,0.0735,0.07284572,58.13,BTC-31JAN25-102000-C,92112.09,buy,5.0,5.0,,,
139,328025057,2024-11-19 15:32:37,1,0.0735,0.07284572,58.13,BTC-31JAN25-102000-C,92112.09,buy,5.0,5.0,,,
140,328025058,2024-11-19 15:32:37,1,0.0735,0.07284572,58.13,BTC-31JAN25-102000-C,92112.09,buy,3.2,3.2,,,
141,328025059,2024-11-19 15:32:37,0,0.074,0.07284572,58.41,BTC-31JAN25-102000-C,92112.09,buy,2.1,2.1,,,
142,328025060,2024-11-19 15:32:37,1,0.074,0.07284572,58.41,BTC-31JAN25-102000-C,92112.09,buy,7.3,7.3,,,
143,328025061,2024-11-19 15:32:37,1,0.074,0.07284572,58.41,BTC-31JAN25-102000-C,92112.09,buy,2.4,2.4,,,
144,328025086,2024-11-19 15:32:39,2,0.073,0.07272272,57.85,BTC-31JAN25-102000-C,92083.12,sell,1.8,1.8,,,
145,328027147,2024-11-19 15:38:04,0,0.0745,0.07503128,58.03,BTC-31JAN25-102000-C,92286.89,sell,5.0,5.0,,,
146,328053074,2024-11-19 17:11:00,0,0.0755,0.07589751,57.19,BTC-31JAN25-102000-C,92936.21,sell,0.1,0.1,,,
147,328079030,2024-11-19 18:24:12,0,0.0785,0.07835412,58.16,BTC-31JAN25-102000-C,93221.87,sell,0.1,0.1,,,
148,328087121,2024-11-19 18:44:10,0,0.0805,0.08029152,58.36,BTC-31JAN25-102000-C,93672.06,buy,7.3,7.3,,,
149,328087903,2024-11-19 18:46:28,0,0.0815,0.08142636,58.25,BTC-31JAN25-102000-C,93927.56,buy,7.3,7.3,,,
150,328089249,2024-11-19 18:49:17,2,0.0805,0.08078044,57.84,BTC-31JAN25-102000-C,93770.22,sell,3.0,3.0,,,
151,328096115,2024-11-19 19:05:52,2,0.079,0.07889768,58.34,BTC-31JAN25-102000-C,93320.82,buy,7.3,7.3,,,
152,328097998,2024-11-19 19:11:33,0,0.081,0.08101528,58.19,BTC-31JAN25-102000-C,93873.17,buy,7.3,7.3,,,
153,328184408,2024-11-20 03:22:32,2,0.071,0.07072869,58.11,BTC-31JAN25-102000-C,91699.84,buy,7.7,7.7,,,
154,328250652,2024-11-20 12:01:23,0,0.081,0.08054848,59.46,BTC-31JAN25-102000-C,93628.93,buy,0.1,0.1,,,
155,328250653,2024-11-20 12:01:23,1,0.081,0.08054848,59.46,BTC-31JAN25-102000-C,93628.93,buy,7.2,7.2,,,
156,328283044,2024-11-20 13:50:01,0,0.0855,0.08466632,59.76,BTC-31JAN25-102000-C,94577.63,buy,3.6,3.6,,,
157,328283045,2024-11-20 13:50:01,1,0.0855,0.08466632,59.76,BTC-31JAN25-102000-C,94577.63,buy,3.7,3.7,,,
158,328308184,2024-11-20 14:45:53,2,0.085,0.0843308,60.11,BTC-31JAN25-102000-C,94207.48,buy,0.1,0.1,,,
159,328320133,2024-11-20 15:11:51,0,0.0865,0.08592893,61.0,BTC-31JAN25-102000-C,94332.42,buy,0.1,0.1,,,
160,328320134,2024-11-20 15:11:51,1,0.0865,0.08592893,61.0,BTC-31JAN25-102000-C,94332.42,buy,7.2,7.2,,,
161,328321065,2024-11-20 15:13:38,0,0.087,0.08730357,60.56,BTC-31JAN25-102000-C,94563.04,sell,0.9,0.9,,,
162,328321289,2024-11-20 15:14:05,1,0.087,0.08722743,60.56,BTC-31JAN25-102000-C,94571.74,sell,0.9,0.9,,,
163,328321547,2024-11-20 15:14:53,2,0.0865,0.08661901,60.7,BTC-31JAN25-102000-C,94401.99,sell,3.0,3.0,,,
164,328321573,2024-11-20 15:14:58,3,0.0865,0.08671086,60.64,BTC-31JAN25-102000-C,94428.21,sell,0.2,0.2,,,
165,328321622,2024-11-20 15:15:04,3,0.0865,0.08670684,60.64,BTC-31JAN25-102000-C,94417.11,sell,0.3,0.3,,,
166,328325953,2024-11-20 15:29:43,0,0.0885,0.08816327,61.29,BTC-31JAN25-102000-C,94646.8,sell,0.1,0.1,,,
167,328352953,2024-11-20 16:34:26,2,0.0845,0.08406262,61.23,BTC-31JAN25-102000-C,93778.31,buy,7.3,7.3,,,
168,328353402,2024-11-20 16:35:25,0,0.085,0.08451216,61.24,BTC-31JAN25-102000-C,93887.56,buy,0.1,0.1,,,
169,328353403,2024-11-20 16:35:25,1,0.085,0.08451216,61.24,BTC-31JAN25-102000-C,93887.56,buy,1.0,1.0,,,
170,328353469,2024-11-20 16:35:27,1,0.085,0.08454839,61.24,BTC-31JAN25-102000-C,93898.1,sell,3.0,3.0,,,
171,328353528,2024-11-20 16:35:31,2,0.0845,0.08458388,60.95,BTC-31JAN25-102000-C,93911.91,sell,0.3,0.3,,,
172,328354165,2024-11-20 16:36:52,2,0.084,0.08379279,61.25,BTC-31JAN25-102000-C,93614.98,sell,0.5,0.5,,,
173,328359741,2024-11-20 16:54:27,0,0.087,0.08653536,61.8,BTC-31JAN25-102000-C,94136.35,buy,0.1,0.1,,,
174,328359742,2024-11-20 16:54:27,1,0.087,0.08653536,61.8,BTC-31JAN25-102000-C,94136.35,buy,7.2,7.2,,,
175,328361479,2024-11-20 17:02:27,0,0.088,0.0875947,61.82,BTC-31JAN25-102000-C,94337.59,buy,0.1,0.1,,,
176,328361480,2024-11-20 17:02:27,1,0.088,0.0875947,61.82,BTC-31JAN25-102000-C,94337.59,buy,1.8,1.8,,,
177,328361484,2024-11-20 17:02:29,1,0.088,0.08759209,61.82,BTC-31JAN25-102000-C,94337.73,buy,1.2,1.2,,,
178,328361485,2024-11-20 17:02:29,1,0.088,0.08759209,61.82,BTC-31JAN25-102000-C,94337.73,buy,0.1,0.1,,,
179,328363894,2024-11-20 17:14:37,2,0.087,0.08662967,61.98,BTC-31JAN25-102000-C,94057.66,buy,0.5,0.5,,,
180,328364918,2024-11-20 17:21:30,2,0.0865,0.08590774,62.2,BTC-31JAN25-102000-C,93844.3,buy,7.3,7.3,,,
181,328365544,2024-11-20 17:26:29,0,0.087,0.08666079,62.16,BTC-31JAN25-102000-C,93956.42,buy,3.9,3.9,,,
182,328365545,2024-11-20 17:26:29,1,0.087,0.08666079,62.16,BTC-31JAN25-102000-C,93956.42,buy,3.4,3.4,,,
183,328371242,2024-11-20 18:00:26,1,0.087,0.08708993,62.04,BTC-31JAN25-102000-C,94076.04,sell,3.0,3.0,,,
184,328372379,2024-11-20 18:02:07,1,0.087,0.08699221,62.16,BTC-31JAN25-102000-C,93990.35,sell,0.9,0.9,,,
185,328373251,2024-11-20 18:03:09,0,0.0875,0.08748427,62.33,BTC-31JAN25-102000-C,94061.43,sell,2.5,2.5,,,
186,328373739,2024-11-20 18:04:59,0,0.088,0.08817725,62.35,BTC-31JAN25-102000-C,94176.28,sell,0.4,0.4,,,
187,328374045,2024-11-20 18:06:26,1,0.088,0.08828626,62.23,BTC-31JAN25-102000-C,94210.39,sell,0.4,0.4,,,
188,328374160,2024-11-20 18:07:11,1,0.088,0.08857868,62.05,BTC-31JAN25-102000-C,94286.67,sell,0.4,0.4,,,
189,328407607,2024-11-20 20:57:00,2,0.085,0.08540902,60.57,BTC-31JAN25-102000-C,94232.0,buy,0.1,0.1,,,
190,328407629,2024-11-20 20:57:11,3,0.085,0.08528054,60.63,BTC-31JAN25-102000-C,94219.2,buy,0.1,0.1,,,
191,328407683,2024-11-20 20:57:33,3,0.085,0.0853961,60.55,BTC-31JAN25-102000-C,94245.0,buy,4.0,4.0,,,
192,328407687,2024-11-20 20:57:34,3,0.085,0.0853961,60.55,BTC-31JAN25-102000-C,94245.0,buy,0.9,0.9,,,
193,328427395,2024-11-21 00:27:05,0,0.086,0.08575546,59.96,BTC-31JAN25-102000-C,94773.94,buy,0.1,0.1,,,
194,328427399,2024-11-21 00:27:11,1,0.086,0.08579687,59.93,BTC-31JAN25-102000-C,94782.92,sell,0.2,0.2,,,
195,328427661,2024-11-21 00:28:23,1,0.086,0.08580785,59.94,BTC-31JAN25-102000-C,94782.07,sell,0.1,0.1,,,
196,328458421,2024-11-21 03:36:30,0,0.0935,0.09298667,61.49,BTC-31JAN25-102000-C,95829.58,buy,5.0,5.0,,,
197,328460840,2024-11-21 03:41:33,1,0.0935,0.0930117,61.98,BTC-31JAN25-102000-C,95656.48,buy,0.5,0.5,,,
198,328461371,2024-11-21 03:43:32,0,0.0945,0.0938944,62.09,BTC-31JAN25-102000-C,95798.39,buy,0.4,0.4,,,
199,328461972,2024-11-21 03:45:19,1,0.0945,0.09374573,62.35,BTC-31JAN25-102000-C,95704.27,buy,0.5,0.5,,,
200,328482819,2024-11-21 04:21:17,0,0.1025,0.10205783,64.25,BTC-31JAN25-102000-C,96666.89,buy,0.5,0.5,,,
201,328482820,2024-11-21 04:21:17,1,0.1025,0.10205783,64.25,BTC-31JAN25-102000-C,96666.89,buy,0.1,0.1,,,
202,328490026,2024-11-21 04:43:08,2,0.1,0.10096047,62.74,BTC-31JAN25-102000-C,96798.59,sell,0.2,0.2,,,
203,328490231,2024-11-21 04:43:47,3,0.1,0.10086338,62.77,BTC-31JAN25-102000-C,96798.99,sell,0.1,0.1,,,
204,328491388,2024-11-21 04:48:13,0,0.1005,0.10041037,63.17,BTC-31JAN25-102000-C,96761.52,buy,0.2,0.2,,,
205,328491945,2024-11-21 04:49:53,0,0.101,0.10067258,63.33,BTC-31JAN25-102000-C,96805.54,buy,0.1,0.1,,,
206,328491946,2024-11-21 04:49:53,1,0.101,0.10067258,63.33,BTC-31JAN25-102000-C,96805.54,buy,0.1,0.1,,,
207,328497343,2024-11-21 04:57:39,0,0.1045,0.10422548,63.32,BTC-31JAN25-102000-C,97520.36,buy,0.2,0.2,,,
208,328517125,2024-11-21 05:46:16,2,0.103,0.10363091,62.41,BTC-31JAN25-102000-C,97552.46,sell,0.5,0.5,,,
209,328567064,2024-11-21 09:35:28,2,0.101,0.10023778,61.58,BTC-31JAN25-102000-C,97378.5,buy,0.8,0.8,,,
210,328567630,2024-11-21 09:38:37,2,0.1005,0.09987155,61.31,BTC-31JAN25-102000-C,97403.79,sell,0.6,0.6,,,
211,328573448,2024-11-21 10:20:55,0,0.101,0.1005762,61.63,BTC-31JAN25-102000-C,97439.65,sell,0.5,0.5,,,
212,328573960,2024-11-21 10:24:39,0,0.1015,0.10081464,61.78,BTC-31JAN25-102000-C,97491.41,sell,3.0,3.0,,,
213,328574454,2024-11-21 10:27:23,0,0.102,0.10183988,62.03,BTC-31JAN25-102000-C,97545.14,sell,0.3,0.3,,,
214,328575815,2024-11-21 10:36:46,1,0.102,0.10215079,61.85,BTC-31JAN25-102000-C,97600.07,buy,0.4,0.4,,,
215,328580699,2024-11-21 11:01:03,0,0.104,0.10401582,62.6,BTC-31JAN25-102000-C,97784.69,sell,0.3,0.3,,,
216,328583758,2024-11-21 11:07:03,0,0.1065,0.10547142,63.53,BTC-31JAN25-102000-C,98057.17,buy,0.1,0.1,,,
217,328588923,2024-11-21 11:15:15,0,0.107,0.10661247,63.33,BTC-31JAN25-102000-C,98133.01,sell,0.1,0.1,,,
218,328606750,2024-11-21 12:07:49,2,0.1065,0.10670177,63.09,BTC-31JAN25-102000-C,98185.86,buy,1.0,1.0,,,
219,328636362,2024-11-21 14:16:20,2,0.1025,0.10208672,62.66,BTC-31JAN25-102000-C,97476.25,sell,0.3,0.3,,,
220,328639525,2024-11-21 14:29:39,3,0.1025,0.10227365,63.13,BTC-31JAN25-102000-C,97302.05,sell,0.2,0.2,,,
221,328669402,2024-11-21 15:23:10,2,0.0965,0.09639594,60.78,BTC-31JAN25-102000-C,96829.54,sell,1.0,1.0,,,
222,328712702,2024-11-21 17:20:35,0,0.098,0.09765129,60.26,BTC-31JAN25-102000-C,97490.77,buy,0.5,0.5,,,
223,328727116,2024-11-21 18:40:34,0,0.1005,0.1005547,59.93,BTC-31JAN25-102000-C,98220.55,sell,0.3,0.3,,,
224,328750106,2024-11-21 20:09:46,0,0.1025,0.10190244,60.44,BTC-31JAN25-102000-C,98505.25,buy,0.1,0.1,,,
225,328778266,2024-11-21 23:12:18,2,0.102,0.10211541,59.76,BTC-31JAN25-102000-C,98682.81,buy,0.2,0.2,,,
226,328791740,2024-11-22 01:14:48,2,0.1,0.10030684,59.78,BTC-31JAN25-102000-C,98287.62,buy,0.1,0.1,,,
227,328812681,2024-11-22 03:33:07,0,0.1035,0.10317483,60.57,BTC-31JAN25-102000-C,98662.81,buy,0.2,0.2,,,
228,328815181,2024-11-22 03:48:10,0,0.105,0.1044463,61.14,BTC-31JAN25-102000-C,98792.78,sell,0.2,0.2,,,
229,328817280,2024-11-22 04:03:40,0,0.1055,0.10533341,61.04,BTC-31JAN25-102000-C,98928.1,buy,0.2,0.2,,,
230,328818152,2024-11-22 04:12:23,1,0.1055,0.10530462,61.05,BTC-31JAN25-102000-C,98926.74,sell,0.8,0.8,,,
231,328818808,2024-11-22 04:18:44,2,0.105,0.10472294,61.01,BTC-31JAN25-102000-C,98824.97,buy,0.1,0.1,,,
232,328818876,2024-11-22 04:19:05,3,0.105,0.10476152,61.03,BTC-31JAN25-102000-C,98837.64,buy,0.1,0.1,,,
233,328829189,2024-11-22 05:56:17,0,0.107,0.10615977,61.84,BTC-31JAN25-102000-C,98949.74,buy,0.2,0.2,,,
234,328829808,2024-11-22 06:06:30,1,0.107,0.10641814,61.81,BTC-31JAN25-102000-C,98958.42,buy,0.1,0.1,,,
235,328829809,2024-11-22 06:06:30,1,0.107,0.10641814,61.81,BTC-31JAN25-102000-C,98958.42,buy,0.1,0.1,,,
236,328830145,2024-11-22 06:10:19,2,0.1065,0.10635814,61.59,BTC-31JAN25-102000-C,98947.52,sell,0.2,0.2,,,
237,328830589,2024-11-22 06:15:03,0,0.107,0.10611632,62.05,BTC-31JAN25-102000-C,98880.75,buy,0.2,0.2,,,
238,328832980,2024-11-22 06:37:02,2,0.106,0.10588201,61.52,BTC-31JAN25-102000-C,98851.05,buy,0.1,0.1,,,
239,328893822,2024-11-22 11:17:06,2,0.1045,0.10432058,61.32,BTC-31JAN25-102000-C,98669.43,sell,1.0,1.0,,,
240,328932734,2024-11-22 13:52:27,2,0.1025,0.10213598,61.69,BTC-31JAN25-102000-C,98105.65,sell,0.1,0.1,,,
241,328967281,2024-11-22 15:37:16,0,0.1035,0.10300611,60.87,BTC-31JAN25-102000-C,98686.16,sell,0.2,0.2,,,
242,328967339,2024-11-22 15:37:30,1,0.1035,0.10296107,60.87,BTC-31JAN25-102000-C,98680.31,sell,0.2,0.2,,,
243,328968233,2024-11-22 15:40:02,1,0.1035,0.1031377,60.9,BTC-31JAN25-102000-C,98688.49,sell,0.2,0.2,,,
244,329041259,2024-11-22 23:38:46,2,0.103,0.10356746,60.38,BTC-31JAN25-102000-C,98907.0,sell,0.1,0.1,,,
245,329086629,2024-11-23 09:53:02,2,0.1025,0.10171826,61.24,BTC-31JAN25-102000-C,98519.62,buy,0.1,0.1,,,
246,329086695,2024-11-23 09:55:07,3,0.1025,0.10178666,61.19,BTC-31JAN25-102000-C,98527.64,buy,0.1,0.1,,,
247,329086827,2024-11-23 10:00:44,3,0.1025,0.1018689,61.11,BTC-31JAN25-102000-C,98573.74,buy,0.1,0.1,,,
248,329137974,2024-11-23 20:58:28,2,0.0985,0.0987966,60.94,BTC-31JAN25-102000-C,97817.65,buy,0.1,0.1,,,
249,329162055,2024-11-24 05:51:43,0,0.1,0.09903127,60.68,BTC-31JAN25-102000-C,98220.62,buy,6.9,6.9,,,
250,329162056,2024-11-24 05:51:43,1,0.1,0.09903127,60.68,BTC-31JAN25-102000-C,98220.62,buy,2.4,2.4,,,
251,329162057,2024-11-24 05:51:43,1,0.1,0.09903127,60.68,BTC-31JAN25-102000-C,98220.62,buy,0.1,0.1,,,
252,329162058,2024-11-24 05:51:43,1,0.1,0.09903127,60.68,BTC-31JAN25-102000-C,98220.62,sell,0.6,0.6,,,
253,329162065,2024-11-24 05:51:53,1,0.1,0.09905662,60.67,BTC-31JAN25-102000-C,98225.33,sell,0.2,0.2,,,
254,329162066,2024-11-24 05:51:57,1,0.1,0.09907021,60.67,BTC-31JAN25-102000-C,98224.91,sell,0.2,0.2,,,
255,329162067,2024-11-24 05:52:10,1,0.1,0.09908977,60.67,BTC-31JAN25-102000-C,98223.42,sell,1.7,1.7,,,
256,329162068,2024-11-24 05:52:10,1,0.1,0.09908977,60.67,BTC-31JAN25-102000-C,98223.42,sell,0.3,0.3,,,
257,329162075,2024-11-24 05:53:20,0,0.1005,0.09950754,60.87,BTC-31JAN25-102000-C,98249.94,buy,6.8,6.8,,,
258,329162079,2024-11-24 05:53:25,1,0.1005,0.09951472,60.86,BTC-31JAN25-102000-C,98249.06,sell,2.0,2.0,,,
259,329220820,2024-11-24 16:08:44,2,0.0925,0.09309635,61.73,BTC-31JAN25-102000-C,96291.55,buy,0.1,0.1,,,
260,329253800,2024-11-24 22:56:47,0,0.1015,0.10190411,62.53,BTC-31JAN25-102000-C,98003.91,buy,0.1,0.1,,,
261,329283663,2024-11-25 03:40:12,2,0.0995,0.09901731,62.21,BTC-31JAN25-102000-C,97830.92,sell,3.0,3.0,,,
262,329283671,2024-11-25 03:40:37,0,0.1,0.09909894,62.47,BTC-31JAN25-102000-C,97842.02,buy,6.9,6.9,,,
263,329283672,2024-11-25 03:40:37,1,0.1,0.09909894,62.47,BTC-31JAN25-102000-C,97842.02,buy,0.1,0.1,,,
264,329283916,2024-11-25 03:48:19,1,0.1,0.09968912,62.23,BTC-31JAN25-102000-C,97924.49,sell,0.2,0.2,,,
265,329306485,2024-11-25 08:40:12,2,0.099,0.09931466,60.68,BTC-31JAN25-102000-C,98279.58,sell,0.1,0.1,,,
266,329311697,2024-11-25 09:24:36,0,0.1015,0.10159527,60.75,BTC-31JAN25-102000-C,98798.02,buy,0.2,0.2,,,
267,329317310,2024-11-25 10:28:37,2,0.1,0.09991411,60.94,BTC-31JAN25-102000-C,98357.89,sell,0.1,0.1,,,
268,329318598,2024-11-25 10:46:42,3,0.1,0.10015095,60.83,BTC-31JAN25-102000-C,98388.7,buy,0.2,0.2,,,
269,329334880,2024-11-25 13:25:39,2,0.095,0.09608022,60.61,BTC-31JAN25-102000-C,97429.68,sell,7.0,7.0,,,
270,329334881,2024-11-25 13:25:39,3,0.095,0.09608022,60.61,BTC-31JAN25-102000-C,97429.68,sell,5.0,5.0,,,
271,329334882,2024-11-25 13:25:39,3,0.095,0.09608022,60.61,BTC-31JAN25-102000-C,97429.68,sell,3.9,3.9,,,
272,329334883,2024-11-25 13:25:39,3,0.095,0.09608022,60.61,BTC-31JAN25-102000-C,97429.68,sell,3.8,3.8,,,
273,329334884,2024-11-25 13:25:39,3,0.095,0.09608022,60.61,BTC-31JAN25-102000-C,97429.68,sell,1.5,1.5,,,
274,329337113,2024-11-25 13:41:04,0,0.0965,0.09691165,60.68,BTC-31JAN25-102000-C,97734.45,buy,0.1,0.1,,,
275,329347982,2024-11-25 14:33:10,2,0.095,0.09491148,60.79,BTC-31JAN25-102000-C,97339.21,sell,0.3,0.3,,,
276,329396246,2024-11-25 15:30:48,2,0.0895,0.08957277,60.93,BTC-31JAN25-102000-C,96214.14,buy,7.2,7.2,,,
277,329407886,2024-11-25 16:02:44,2,0.088,0.08859562,60.14,BTC-31JAN25-102000-C,96131.95,sell,0.1,0.1,,,
278,329407928,2024-11-25 16:02:57,3,0.088,0.0886364,60.14,BTC-31JAN25-102000-C,96142.05,sell,0.1,0.1,,,
279,329436564,2024-11-25 17:45:19,2,0.083,0.08279858,60.26,BTC-31JAN25-102000-C,94868.03,sell,7.4,7.4,,,
280,329436565,2024-11-25 17:45:20,3,0.083,0.08279858,60.26,BTC-31JAN25-102000-C,94868.03,sell,0.2,0.2,,,
281,329442167,2024-11-25 18:09:15,0,0.0845,0.08503973,59.76,BTC-31JAN25-102000-C,95375.44,sell,1.0,1.0,,,
282,329442168,2024-11-25 18:09:15,1,0.0845,0.08503973,59.76,BTC-31JAN25-102000-C,95375.44,sell,6.4,6.4,,,
283,329449135,2024-11-25 18:48:12,2,0.083,0.08254998,60.11,BTC-31JAN25-102000-C,94922.53,sell,0.1,0.1,,,
284,329449142,2024-11-25 18:48:20,3,0.083,0.08258392,60.11,BTC-31JAN25-102000-C,94925.84,sell,0.1,0.1,,,
285,329449227,2024-11-25 18:48:34,3,0.083,0.08254016,60.15,BTC-31JAN25-102000-C,94908.14,sell,2.7,2.7,,,
286,329449290,2024-11-25 18:48:34,3,0.083,0.08254016,60.15,BTC-31JAN25-102000-C,94908.14,sell,3.0,3.0,,,
287,329449306,2024-11-25 18:48:37,3,0.083,0.08242764,60.15,BTC-31JAN25-102000-C,94883.25,sell,2.7,2.7,,,
288,329449346,2024-11-25 18:48:52,3,0.083,0.08249259,60.2,BTC-31JAN25-102000-C,94897.18,sell,0.4,0.4,,,
289,329451733,2024-11-25 19:03:50,3,0.083,0.08263496,60.25,BTC-31JAN25-102000-C,94882.59,sell,1.5,1.5,,,
290,329451734,2024-11-25 19:03:50,3,0.083,0.08263496,60.25,BTC-31JAN25-102000-C,94882.59,sell,0.2,0.2,,,
291,329451735,2024-11-25 19:03:50,3,0.083,0.08263496,60.25,BTC-31JAN25-102000-C,94882.59,sell,0.1,0.1,,,
292,329451740,2024-11-25 19:03:51,3,0.083,0.08264135,60.25,BTC-31JAN25-102000-C,94878.32,sell,50.0,50.0,,,
293,329451929,2024-11-25 19:05:15,3,0.083,0.08281114,60.15,BTC-31JAN25-102000-C,94893.97,sell,7.4,7.4,,,
294,329451938,2024-11-25 19:05:16,3,0.083,0.08281114,60.15,BTC-31JAN25-102000-C,94893.97,sell,3.0,3.0,,,
295,329452148,2024-11-25 19:05:32,3,0.083,0.08260013,60.22,BTC-31JAN25-102000-C,94846.7,sell,0.1,0.1,,,
296,329452149,2024-11-25 19:05:33,3,0.083,0.08260013,60.22,BTC-31JAN25-102000-C,94846.7,sell,0.1,0.1,,,
297,329452150,2024-11-25 19:05:33,3,0.083,0.08257492,60.22,BTC-31JAN25-102000-C,94831.76,sell,0.1,0.1,,,
298,329452151,2024-11-25 19:05:34,3,0.083,0.08257492,60.22,BTC-31JAN25-102000-C,94831.76,sell,0.1,0.1,,,
299,329452152,2024-11-25 19:05:34,3,0.083,0.08257492,60.22,BTC-31JAN25-102000-C,94831.76,sell,0.1,0.1,,,
300,329452155,2024-11-25 19:05:34,3,0.083,0.08257492,60.22,BTC-31JAN25-102000-C,94831.76,sell,20.7,20.7,,,
301,329464464,2024-11-25 19:50:48,2,0.0815,0.08188499,59.66,BTC-31JAN25-102000-C,94799.56,sell,0.1,0.1,,,
302,329469470,2024-11-25 20:09:18,0,0.082,0.08214679,59.83,BTC-31JAN25-102000-C,94858.99,sell,0.6,0.6,,,
303,329496648,2024-11-25 21:58:39,2,0.076,0.07660364,59.44,BTC-31JAN25-102000-C,93582.0,sell,25.0,25.0,169949,,
304,329509246,2024-11-25 22:38:08,2,0.074,0.074635,59.63,BTC-31JAN25-102000-C,93006.31,sell,0.2,0.2,,,
305,329509538,2024-11-25 22:38:24,3,0.074,0.07433173,59.87,BTC-31JAN25-102000-C,92946.87,sell,0.3,0.3,,,
306,329510932,2024-11-25 22:39:20,0,0.0755,0.07405514,60.73,BTC-31JAN25-102000-C,92867.61,buy,0.3,0.3,,,
307,329537353,2024-11-25 23:59:25,2,0.074,0.07450823,59.78,BTC-31JAN25-102000-C,93038.12,buy,0.1,0.1,,,
308,329537354,2024-11-25 23:59:25,3,0.074,0.07450823,59.78,BTC-31JAN25-102000-C,93038.12,buy,4.9,4.9,,,
309,329537434,2024-11-25 23:59:47,3,0.074,0.07440187,59.85,BTC-31JAN25-102000-C,93009.79,buy,0.1,0.1,,,
310,329537437,2024-11-25 23:59:48,3,0.074,0.07439623,59.85,BTC-31JAN25-102000-C,93010.87,buy,1.8,1.8,,,
311,329537438,2024-11-25 23:59:50,3,0.074,0.07445055,59.82,BTC-31JAN25-102000-C,93042.05,buy,0.1,0.1,,,
312,329537440,2024-11-25 23:59:53,3,0.074,0.07452152,59.77,BTC-31JAN25-102000-C,93045.5,buy,0.1,0.1,,,
313,329537452,2024-11-25 23:59:59,3,0.074,0.07436995,59.76,BTC-31JAN25-102000-C,93004.74,buy,0.1,0.1,,,
314,329537704,2024-11-26 00:00:14,3,0.074,0.07413761,60.08,BTC-31JAN25-102000-C,92980.61,buy,1.9,1.9,,,
315,329537705,2024-11-26 00:00:14,3,0.074,0.07413761,60.08,BTC-31JAN25-102000-C,92980.61,buy,0.1,0.1,,,
316,329537706,2024-11-26 00:00:14,3,0.074,0.07413761,60.08,BTC-31JAN25-102000-C,92980.61,buy,0.8,0.8,,,
317,329543116,2024-11-26 00:22:12,0,0.076,0.07679818,59.44,BTC-31JAN25-102000-C,93677.42,sell,0.1,0.1,,,
318,329603520,2024-11-26 07:39:20,0,0.078,0.07838303,60.09,BTC-31JAN25-102000-C,93933.42,sell,0.5,0.5,,,
319,329660145,2024-11-26 10:46:06,2,0.074,0.07403724,60.97,BTC-31JAN25-102000-C,92627.82,buy,0.1,0.1,,,
320,329714995,2024-11-26 13:34:09,2,0.0685,0.06922293,58.29,BTC-31JAN25-102000-C,92483.24,sell,4.5,4.5,,,
321,329760177,2024-11-26 15:09:03,0,0.0715,0.07151848,57.83,BTC-31JAN25-102000-C,93475.79,sell,1.0,1.0,,,
322,329940997,2024-11-27 05:29:03,2,0.07,0.06964396,59.04,BTC-31JAN25-102000-C,92685.0,buy,0.1,0.1,,,
323,329961800,2024-11-27 08:34:37,0,0.0725,0.07206755,59.1,BTC-31JAN25-102000-C,93294.96,buy,1.0,1.0,,,
324,330022755,2024-11-27 14:28:20,0,0.0775,0.077166,59.38,BTC-31JAN25-102000-C,94427.09,buy,0.1,0.1,,,
325,330024333,2024-11-27 14:33:22,1,0.0775,0.07741997,59.41,BTC-31JAN25-102000-C,94438.67,buy,0.1,0.1,,,
326,330026059,2024-11-27 14:37:16,0,0.078,0.07791691,59.3,BTC-31JAN25-102000-C,94552.72,buy,0.1,0.1,,,
327,330026587,2024-11-27 14:37:59,0,0.0785,0.07818829,59.41,BTC-31JAN25-102000-C,94630.03,buy,0.1,0.1,,,
328,330102946,2024-11-27 18:57:13,0,0.0845,0.08493721,59.12,BTC-31JAN25-102000-C,96274.04,buy,0.1,0.1,,,
329,330164402,2024-11-28 00:48:26,0,0.086,0.08571639,59.72,BTC-31JAN25-102000-C,96355.23,buy,0.1,0.1,,,
330,330188269,2024-11-28 03:52:37,2,0.0827,0.0821195,59.95,BTC-31JAN25-102000-C,95582.05,sell,20.0,20.0,170544,,
331,330238443,2024-11-28 10:29:13,2,0.0785,0.07880381,59.18,BTC-31JAN25-102000-C,94924.86,sell,0.1,0.1,,,
332,330260973,2024-11-28 11:59:30,0,0.08,0.08074928,58.64,BTC-31JAN25-102000-C,95516.78,sell,0.1,0.1,,,
333,330281658,2024-11-28 13:47:07,1,0.08,0.0797903,58.42,BTC-31JAN25-102000-C,95590.88,buy,0.2,0.2,,,
334,330370845,2024-11-28 23:22:50,0,0.0805,0.07967099,57.88,BTC-31JAN25-102000-C,95791.07,buy,3.2,3.2,,,
335,330370918,2024-11-28 23:22:58,1,0.0805,0.0797166,57.9,BTC-31JAN25-102000-C,95792.83,buy,1.0,1.0,,,
336,330378400,2024-11-28 23:27:24,0,0.083,0.08211692,58.84,BTC-31JAN25-102000-C,95937.1,buy,0.5,0.5,,,
337,330390643,2024-11-28 23:51:04,2,0.081,0.08076259,58.44,BTC-31JAN25-102000-C,95611.4,buy,5.1,5.1,,,
338,330474662,2024-11-29 08:29:09,2,0.08,0.07992421,57.8,BTC-31JAN25-102000-C,95869.9,sell,0.1,0.1,,,
339,330479308,2024-11-29 09:10:42,2,0.0785,0.0792434,57.06,BTC-31JAN25-102000-C,95937.01,sell,0.6,0.6,,,
340,330479318,2024-11-29 09:10:47,3,0.0785,0.07919718,57.06,BTC-31JAN25-102000-C,95936.88,sell,0.8,0.8,,,
341,330481947,2024-11-29 09:34:45,0,0.08,0.07970704,56.97,BTC-31JAN25-102000-C,96312.43,buy,0.1,0.1,,,
342,330502526,2024-11-29 11:45:57,0,0.0845,0.08445094,57.02,BTC-31JAN25-102000-C,97251.92,buy,1.8,1.8,,,
343,330502565,2024-11-29 11:45:58,1,0.0845,0.08445528,57.02,BTC-31JAN25-102000-C,97257.19,buy,0.1,0.1,,,
344,330502578,2024-11-29 11:46:00,1,0.0845,0.08451103,57.02,BTC-31JAN25-102000-C,97265.01,buy,1.1,1.1,,,
345,330505027,2024-11-29 11:57:13,1,0.0845,0.08484745,56.83,BTC-31JAN25-102000-C,97314.09,sell,0.1,0.1,,,
346,330512187,2024-11-29 12:23:13,0,0.0855,0.08547123,56.71,BTC-31JAN25-102000-C,97437.03,buy,0.4,0.4,,,
347,330512222,2024-11-29 12:23:22,1,0.0855,0.08526796,56.83,BTC-31JAN25-102000-C,97396.29,buy,0.5,0.5,,,
348,330531718,2024-11-29 14:25:16,2,0.084,0.08443243,56.27,BTC-31JAN25-102000-C,97204.44,sell,0.4,0.4,,,
349,330550266,2024-11-29 15:14:49,0,0.0915,0.09115949,57.01,BTC-31JAN25-102000-C,98607.23,sell,0.1,0.1,,,
350,330600884,2024-11-29 17:11:12,2,0.0855,0.08515356,56.92,BTC-31JAN25-102000-C,97336.82,sell,0.1,0.1,,,
351,330665231,2024-11-30 01:45:25,2,0.082,0.08180016,56.56,BTC-31JAN25-102000-C,96719.22,sell,0.1,0.1,,,
352,330665360,2024-11-30 01:45:55,3,0.082,0.08186647,56.52,BTC-31JAN25-102000-C,96730.97,sell,0.1,0.1,,,
353,330666410,2024-11-30 01:50:13,2,0.081,0.08109991,56.41,BTC-31JAN25-102000-C,96541.38,buy,0.1,0.1,,,
354,330677146,2024-11-30 03:55:09,0,0.083,0.08227834,57.14,BTC-31JAN25-102000-C,96670.65,buy,0.1,0.1,,,
355,330677150,2024-11-30 03:55:12,1,0.083,0.08227924,57.14,BTC-31JAN25-102000-C,96671.61,buy,0.1,0.1,,,
356,330702447,2024-11-30 08:55:08,0,0.084,0.08345297,56.89,BTC-31JAN25-102000-C,96991.75,buy,0.1,0.1,,,
357,330702482,2024-11-30 08:55:38,1,0.084,0.08344997,56.89,BTC-31JAN25-102000-C,96990.72,buy,0.1,0.1,,,
358,330704362,2024-11-30 09:50:15,2,0.083,0.08237491,57.03,BTC-31JAN25-102000-C,96774.1,buy,0.1,0.1,,,
359,330704415,2024-11-30 09:51:01,3,0.083,0.08234422,57.04,BTC-31JAN25-102000-C,96774.93,buy,0.1,0.1,,,
360,330734180,2024-11-30 20:58:11,2,0.0825,0.08277884,56.46,BTC-31JAN25-102000-C,97018.85,buy,0.1,0.1,,,
361,330734192,2024-11-30 20:59:15,3,0.0825,0.08274481,56.48,BTC-31JAN25-102000-C,97018.37,buy,0.1,0.1,,,
362,330734201,2024-11-30 20:59:29,3,0.0825,0.08273737,56.48,BTC-31JAN25-102000-C,97019.2,buy,0.1,0.1,,,
363,330771719,2024-12-01 08:26:30,0,0.0835,0.08202485,57.83,BTC-31JAN25-102000-C,96836.43,buy,4.7,4.7,,,
364,330835269,2024-12-02 00:00:00,0,0.0855,0.08556191,57.88,BTC-31JAN25-102000-C,97265.25,sell,0.3,0.3,,,
365,330852261,2024-12-02 02:23:43,0,0.0865,0.08658008,57.21,BTC-31JAN25-102000-C,97695.32,buy,0.4,0.4,,,
366,330949989,2024-12-02 14:40:26,2,0.081,0.08135087,57.98,BTC-31JAN25-102000-C,96391.15,buy,7.2,7.2,,,
367,330949990,2024-12-02 14:40:26,3,0.081,0.08135087,57.98,BTC-31JAN25-102000-C,96391.15,buy,0.1,0.1,,,
368,330949997,2024-12-02 14:40:27,3,0.081,0.08136295,57.97,BTC-31JAN25-102000-C,96393.67,buy,2.7,2.7,,,
369,330950025,2024-12-02 14:40:39,3,0.081,0.08165959,57.79,BTC-31JAN25-102000-C,96456.62,buy,0.1,0.1,,,
370,330950026,2024-12-02 14:40:39,3,0.081,0.08165959,57.79,BTC-31JAN25-102000-C,96456.62,buy,1.0,1.0,,,
371,330950040,2024-12-02 14:40:42,3,0.081,0.08171969,57.75,BTC-31JAN25-102000-C,96473.06,buy,0.1,0.1,,,
372,330950052,2024-12-02 14:40:45,3,0.081,0.08169816,57.76,BTC-31JAN25-102000-C,96469.6,buy,0.1,0.1,,,
373,330950068,2024-12-02 14:40:48,3,0.081,0.08167058,57.76,BTC-31JAN25-102000-C,96467.48,buy,0.1,0.1,,,
374,330950074,2024-12-02 14:40:51,3,0.081,0.08171258,57.75,BTC-31JAN25-102000-C,96474.39,buy,0.1,0.1,,,
375,330950077,2024-12-02 14:40:54,3,0.081,0.0817116,57.75,BTC-31JAN25-102000-C,96475.33,buy,0.1,0.1,,,
376,330950090,2024-12-02 14:40:55,3,0.081,0.08170799,57.74,BTC-31JAN25-102000-C,96476.2,buy,8.4,8.4,,,
377,331008894,2024-12-02 18:00:41,2,0.0715,0.07145618,57.33,BTC-31JAN25-102000-C,94504.79,sell,0.5,0.5,,,
378,331027694,2024-12-02 19:53:07,0,0.0755,0.07633026,56.66,BTC-31JAN25-102000-C,95710.18,sell,0.1,0.1,,,
379,331027985,2024-12-02 19:55:24,0,0.076,0.07656572,56.82,BTC-31JAN25-102000-C,95764.57,sell,0.1,0.1,,,
380,331029252,2024-12-02 20:02:26,0,0.0765,0.07726391,56.66,BTC-31JAN25-102000-C,95937.23,sell,0.1,0.1,,,
381,331037293,2024-12-02 20:28:41,0,0.0775,0.07727371,57.21,BTC-31JAN25-102000-C,96063.98,sell,0.2,0.2,,,
382,331090922,2024-12-03 03:46:50,2,0.0765,0.07653012,56.34,BTC-31JAN25-102000-C,96135.39,sell,1.0,1.0,,,
383,331090923,2024-12-03 03:47:00,3,0.0765,0.07653555,56.33,BTC-31JAN25-102000-C,96137.3,sell,1.0,1.0,,,
384,331090927,2024-12-03 03:47:10,3,0.0765,0.07655228,56.32,BTC-31JAN25-102000-C,96141.39,sell,1.0,1.0,,,
385,331090928,2024-12-03 03:47:20,3,0.0765,0.0765656,56.32,BTC-31JAN25-102000-C,96142.55,sell,1.0,1.0,,,
386,331090929,2024-12-03 03:47:30,3,0.0765,0.07656798,56.3,BTC-31JAN25-102000-C,96152.36,sell,1.0,1.0,,,
387,331130596,2024-12-03 11:00:48,2,0.0695,0.06968959,56.17,BTC-31JAN25-102000-C,94710.54,buy,0.1,0.1,,,
388,331138772,2024-12-03 12:01:07,0,0.0706,0.07034374,56.03,BTC-31JAN25-102000-C,94982.53,buy,10.0,10.0,171113,,
389,331164843,2024-12-03 14:07:03,2,0.067,0.06631283,56.15,BTC-31JAN25-102000-C,94136.27,sell,2.2,2.2,,,
390,331164844,2024-12-03 14:07:03,3,0.067,0.06631283,56.15,BTC-31JAN25-102000-C,94136.27,sell,8.3,8.3,,,
391,331169916,2024-12-03 14:18:58,0,0.0675,0.06746419,56.24,BTC-31JAN25-102000-C,94239.24,sell,0.1,0.1,,,
392,331182348,2024-12-03 14:50:14,0,0.072,0.07112786,56.17,BTC-31JAN25-102000-C,95357.45,sell,3.0,3.0,,,
393,331295015,2024-12-04 04:29:09,0,0.075,0.0747272,56.77,BTC-31JAN25-102000-C,95914.15,buy,0.1,0.1,,,
394,331322161,2024-12-04 10:39:08,0,0.077,0.07712986,56.05,BTC-31JAN25-102000-C,96602.24,sell,0.1,0.1,,,
395,331354797,2024-12-04 14:08:10,2,0.0725,0.07218014,55.67,BTC-31JAN25-102000-C,95740.89,buy,0.3,0.3,,,
396,331412600,2024-12-04 18:18:28,0,0.073,0.07308361,56.03,BTC-31JAN25-102000-C,95870.99,sell,0.8,0.8,,,
397,331417691,2024-12-04 18:47:30,0,0.076,0.07570409,56.57,BTC-31JAN25-102000-C,96307.54,buy,3.0,3.0,,,
398,331417744,2024-12-04 18:47:35,1,0.076,0.07571001,56.56,BTC-31JAN25-102000-C,96310.91,buy,3.0,3.0,,,
399,331419950,2024-12-04 19:01:09,2,0.0755,0.07578163,56.5,BTC-31JAN25-102000-C,96222.91,buy,0.1,0.1,,,
400,331423719,2024-12-04 19:21:55,0,0.077,0.07725074,56.35,BTC-31JAN25-102000-C,96641.47,buy,7.2,7.2,,,
401,331423720,2024-12-04 19:21:55,1,0.077,0.07725074,56.35,BTC-31JAN25-102000-C,96641.47,buy,0.1,0.1,,,
402,331423721,2024-12-04 19:21:55,1,0.077,0.07725074,56.35,BTC-31JAN25-102000-C,96641.47,buy,12.7,12.7,,,
403,331468526,2024-12-04 20:54:56,0,0.09,0.08941173,57.42,BTC-31JAN25-102000-C,99209.95,buy,0.1,0.1,,,
404,331468575,2024-12-04 20:55:01,1,0.09,0.08951782,57.36,BTC-31JAN25-102000-C,99229.93,sell,0.1,0.1,,,
405,331468601,2024-12-04 20:55:05,1,0.09,0.08949807,57.38,BTC-31JAN25-102000-C,99224.16,buy,0.1,0.1,,,
406,331468760,2024-12-04 20:55:13,1,0.09,0.08925931,57.55,BTC-31JAN25-102000-C,99152.92,buy,0.1,0.1,,,
407,331468789,2024-12-04 20:55:16,1,0.09,0.08917618,57.59,BTC-31JAN25-102000-C,99148.48,buy,0.1,0.1,,,
408,331468823,2024-12-04 20:55:20,1,0.09,0.08900785,57.68,BTC-31JAN25-102000-C,99121.08,buy,0.1,0.1,,,
409,331468856,2024-12-04 20:55:25,2,0.0895,0.08894148,57.46,BTC-31JAN25-102000-C,99086.28,buy,0.1,0.1,,,
410,331469080,2024-12-04 20:56:07,3,0.0895,0.08880198,57.51,BTC-31JAN25-102000-C,99058.85,buy,0.1,0.1,,,
411,331469114,2024-12-04 20:56:14,3,0.0895,0.08864635,57.67,BTC-31JAN25-102000-C,99004.01,buy,0.3,0.3,,,
412,331469362,2024-12-04 20:56:56,3,0.0895,0.08850649,57.72,BTC-31JAN25-102000-C,98987.18,buy,0.2,0.2,,,
413,331469394,2024-12-04 20:57:07,2,0.089,0.08852542,57.37,BTC-31JAN25-102000-C,99000.64,sell,0.2,0.2,,,
414,331469428,2024-12-04 20:57:13,3,0.089,0.0882477,57.54,BTC-31JAN25-102000-C,98942.61,buy,0.2,0.2,,,
415,331471367,2024-12-04 21:00:43,0,0.09,0.0890217,57.77,BTC-31JAN25-102000-C,99124.54,buy,0.1,0.1,,,
416,331471386,2024-12-04 21:00:46,1,0.09,0.08898744,57.73,BTC-31JAN25-102000-C,99140.18,buy,0.1,0.1,,,
417,331471395,2024-12-04 21:00:49,1,0.09,0.08902828,57.75,BTC-31JAN25-102000-C,99131.62,buy,0.1,0.1,,,
418,331471415,2024-12-04 21:00:53,1,0.09,0.08904319,57.73,BTC-31JAN25-102000-C,99138.11,buy,0.1,0.1,,,
419,331471724,2024-12-04 21:01:52,2,0.0895,0.08855982,57.76,BTC-31JAN25-102000-C,99008.24,buy,0.1,0.1,,,
420,331471762,2024-12-04 21:01:56,3,0.0895,0.08853831,57.73,BTC-31JAN25-102000-C,99023.08,buy,0.1,0.1,,,
421,331471802,2024-12-04 21:02:00,3,0.0895,0.08859021,57.69,BTC-31JAN25-102000-C,99033.32,buy,0.1,0.1,,,
422,331472537,2024-12-04 21:05:10,2,0.089,0.08832531,57.59,BTC-31JAN25-102000-C,98926.67,buy,0.1,0.1,,,
423,331477093,2024-12-04 21:17:28,2,0.087,0.08724836,56.95,BTC-31JAN25-102000-C,98686.8,buy,0.2,0.2,,,
424,331477889,2024-12-04 21:20:05,3,0.087,0.08693762,57.18,BTC-31JAN25-102000-C,98620.12,buy,0.2,0.2,,,
425,331490546,2024-12-04 22:00:42,2,0.0835,0.08344985,56.84,BTC-31JAN25-102000-C,97939.43,sell,0.1,0.1,,,
426,331490551,2024-12-04 22:00:48,0,0.084,0.08337559,57.21,BTC-31JAN25-102000-C,97920.52,buy,0.1,0.1,,,
427,331490612,2024-12-04 22:00:59,2,0.083,0.08314632,56.84,BTC-31JAN25-102000-C,97833.08,sell,0.1,0.1,,,
428,331490620,2024-12-04 22:01:00,0,0.0835,0.08295074,57.22,BTC-31JAN25-102000-C,97809.27,buy,0.1,0.1,,,
429,331490775,2024-12-04 22:01:21,1,0.0835,0.08282058,57.25,BTC-31JAN25-102000-C,97798.39,buy,0.1,0.1,,,
430,331490866,2024-12-04 22:01:39,2,0.083,0.08286002,56.86,BTC-31JAN25-102000-C,97820.19,sell,0.1,0.1,,,
431,331491249,2024-12-04 22:04:05,0,0.0835,0.08309992,57.04,BTC-31JAN25-102000-C,97841.66,buy,0.1,0.1,,,
432,331512360,2024-12-05 00:00:00,0,0.087,0.08707464,56.72,BTC-31JAN25-102000-C,98768.84,sell,0.1,0.1,,,
433,331554359,2024-12-05 02:40:09,0,0.0945,0.09432359,56.57,BTC-31JAN25-102000-C,100165.32,sell,0.1,0.1,,,
434,331554362,2024-12-05 02:40:09,1,0.0945,0.09447719,56.53,BTC-31JAN25-102000-C,100179.07,sell,0.2,0.2,,,
435,331554363,2024-12-05 02:40:09,1,0.0945,0.09447719,56.53,BTC-31JAN25-102000-C,100179.07,sell,0.2,0.2,,,
436,331554374,2024-12-05 02:40:09,1,0.0945,0.09447719,56.53,BTC-31JAN25-102000-C,100179.07,sell,0.3,0.3,,,
437,331571325,2024-12-05 02:46:30,0,0.099,0.10007507,56.44,BTC-31JAN25-102000-C,101003.95,sell,0.1,0.1,,,
438,331571340,2024-12-05 02:46:31,1,0.099,0.10003152,56.51,BTC-31JAN25-102000-C,100981.94,sell,0.1,0.1,,,
439,331571361,2024-12-05 02:46:31,1,0.099,0.10003152,56.51,BTC-31JAN25-102000-C,100981.94,sell,0.2,0.2,,,
440,331571362,2024-12-05 02:46:31,1,0.099,0.10003152,56.51,BTC-31JAN25-102000-C,100981.94,sell,0.1,0.1,,,
441,331572975,2024-12-05 02:47:30,0,0.1005,0.10158849,56.42,BTC-31JAN25-102000-C,101372.61,sell,0.1,0.1,,,
442,331574834,2024-12-05 02:48:40,0,0.101,0.1018505,56.64,BTC-31JAN25-102000-C,101448.48,sell,0.1,0.1,,,
443,331574835,2024-12-05 02:48:40,1,0.101,0.1018505,56.64,BTC-31JAN25-102000-C,101448.48,sell,0.2,0.2,,,
444,331574841,2024-12-05 02:48:40,1,0.101,0.1018505,56.64,BTC-31JAN25-102000-C,101448.48,sell,0.1,0.1,,,
445,331574844,2024-12-05 02:48:40,1,0.101,0.1018505,56.64,BTC-31JAN25-102000-C,101448.48,sell,0.1,0.1,,,
446,331574846,2024-12-05 02:48:40,1,0.101,0.1018505,56.64,BTC-31JAN25-102000-C,101448.48,sell,0.1,0.1,,,
447,331574848,2024-12-05 02:48:40,1,0.101,0.1018505,56.64,BTC-31JAN25-102000-C,101448.48,sell,0.1,0.1,,,
448,331574849,2024-12-05 02:48:40,1,0.101,0.1018505,56.64,BTC-31JAN25-102000-C,101448.48,sell,0.1,0.1,,,
449,331575732,2024-12-05 02:49:17,2,0.1,0.10050159,56.9,BTC-31JAN25-102000-C,101168.99,sell,0.5,0.5,,,
450,331576664,2024-12-05 02:50:04,0,0.1005,0.10097416,56.94,BTC-31JAN25-102000-C,101245.93,sell,3.3,3.3,,,
451,331584520,2024-12-05 03:00:04,1,0.1005,0.10099644,56.96,BTC-31JAN25-102000-C,101326.24,sell,2.2,2.2,,,
452,331589571,2024-12-05 03:05:25,0,0.106,0.10669267,57.22,BTC-31JAN25-102000-C,102351.6,sell,0.3,0.3,,,
453,331605388,2024-12-05 03:17:51,0,0.114,0.11344065,59.56,BTC-31JAN25-102000-C,103266.4,buy,0.1,0.1,,,
454,331608239,2024-12-05 03:21:22,2,0.1135,0.11382405,59.09,BTC-31JAN25-102000-C,103348.17,sell,0.2,0.2,,,
455,331608245,2024-12-05 03:21:22,3,0.1135,0.11382405,59.09,BTC-31JAN25-102000-C,103348.17,sell,0.1,0.1,,,
456,331608246,2024-12-05 03:21:22,3,0.1135,0.11382405,59.09,BTC-31JAN25-102000-C,103348.17,sell,0.1,0.1,,,
457,331608248,2024-12-05 03:21:22,3,0.1135,0.11382405,59.09,BTC-31JAN25-102000-C,103348.17,sell,0.1,0.1,,,
458,331632314,2024-12-05 03:48:25,2,0.1125,0.113251,59.12,BTC-31JAN25-102000-C,103220.73,buy,0.1,0.1,,,
459,331637896,2024-12-05 03:58:52,2,0.1115,0.1122888,59.06,BTC-31JAN25-102000-C,103063.37,buy,0.1,0.1,,,
460,331637908,2024-12-05 03:58:56,2,0.111,0.11228278,58.72,BTC-31JAN25-102000-C,103065.1,sell,0.4,0.4,,,
461,331697647,2024-12-05 07:19:40,2,0.103,0.10260038,57.59,BTC-31JAN25-102000-C,101687.52,buy,0.2,0.2,,,
462,331725382,2024-12-05 08:18:55,0,0.1075,0.10686914,57.33,BTC-31JAN25-102000-C,102626.14,sell,1.2,1.2,,,
463,331725383,2024-12-05 08:18:55,1,0.1075,0.10686914,57.33,BTC-31JAN25-102000-C,102626.14,sell,0.5,0.5,,,
464,331725384,2024-12-05 08:18:57,1,0.1075,0.10684036,57.34,BTC-31JAN25-102000-C,102621.66,sell,3.3,3.3,,,
465,331761847,2024-12-05 11:57:47,0,0.109,0.11009309,57.68,BTC-31JAN25-102000-C,102725.03,buy,0.3,0.3,,,
466,331768066,2024-12-05 12:28:29,0,0.1095,0.11078592,57.54,BTC-31JAN25-102000-C,102843.86,sell,0.1,0.1,,,
467,331789406,2024-12-05 13:44:12,0,0.1115,0.11279415,58.03,BTC-31JAN25-102000-C,103028.33,sell,0.2,0.2,,,
468,331903073,2024-12-05 17:27:45,2,0.0995,0.09929976,57.95,BTC-31JAN25-102000-C,100965.04,sell,0.1,0.1,,,
469,331903225,2024-12-05 17:28:31,3,0.0995,0.09903374,58.12,BTC-31JAN25-102000-C,100909.28,sell,0.4,0.4,,,
470,331934031,2024-12-05 19:23:49,2,0.099,0.0985976,57.89,BTC-31JAN25-102000-C,100864.32,buy,0.5,0.5,,,
471,331934831,2024-12-05 19:30:27,2,0.097,0.09744745,57.33,BTC-31JAN25-102000-C,100638.31,sell,0.1,0.1,,,
472,331934843,2024-12-05 19:30:32,3,0.097,0.09747929,57.28,BTC-31JAN25-102000-C,100654.6,sell,0.1,0.1,,,
473,331934846,2024-12-05 19:30:38,3,0.097,0.09755073,57.26,BTC-31JAN25-102000-C,100658.95,sell,0.1,0.1,,,
474,331934847,2024-12-05 19:30:44,3,0.097,0.09757013,57.25,BTC-31JAN25-102000-C,100659.68,sell,0.1,0.1,,,
475,331934884,2024-12-05 19:30:50,3,0.097,0.09755484,57.25,BTC-31JAN25-102000-C,100662.47,sell,0.1,0.1,,,
476,331953532,2024-12-05 20:03:13,2,0.09,0.08846364,59.3,BTC-31JAN25-102000-C,98467.29,buy,0.5,0.5,,,
477,331956827,2024-12-05 20:06:45,0,0.0925,0.09238736,58.93,BTC-31JAN25-102000-C,99144.19,buy,0.1,0.1,,,
478,332049084,2024-12-05 22:37:11,2,0.0835,0.08203386,61.67,BTC-31JAN25-102000-C,96443.18,sell,0.1,0.1,,,
479,332062523,2024-12-05 22:48:08,0,0.0855,0.0852986,61.13,BTC-31JAN25-102000-C,97063.37,buy,0.1,0.1,,,
480,332083847,2024-12-05 23:11:39,2,0.081,0.08067735,60.08,BTC-31JAN25-102000-C,96364.56,buy,0.1,0.1,,,
481,332084142,2024-12-05 23:12:05,2,0.08,0.08082342,59.43,BTC-31JAN25-102000-C,96356.84,sell,0.2,0.2,,,
482,332199779,2024-12-06 09:00:58,0,0.0845,0.08496152,56.58,BTC-31JAN25-102000-C,98445.35,sell,0.7,0.7,,,
483,332199780,2024-12-06 09:00:58,1,0.0845,0.08496152,56.58,BTC-31JAN25-102000-C,98445.35,buy,2.5,2.5,,,
484,332199781,2024-12-06 09:00:58,1,0.0845,0.08496152,56.58,BTC-31JAN25-102000-C,98445.35,buy,1.8,1.8,,,
485,332244006,2024-12-06 12:57:08,2,0.082,0.08170986,57.58,BTC-31JAN25-102000-C,97793.08,sell,0.1,0.1,,,
486,332244425,2024-12-06 12:57:48,2,0.0815,0.08138016,57.48,BTC-31JAN25-102000-C,97713.69,sell,0.1,0.1,,,
487,332249448,2024-12-06 13:21:44,0,0.082,0.08246865,57.15,BTC-31JAN25-102000-C,97984.81,sell,0.4,0.4,,,
488,332249449,2024-12-06 13:21:44,1,0.082,0.08246865,57.15,BTC-31JAN25-102000-C,97984.81,sell,1.7,1.7,,,
489,332268907,2024-12-06 14:08:15,0,0.084,0.08413369,56.77,BTC-31JAN25-102000-C,98500.93,buy,0.2,0.2,,,
490,332269756,2024-12-06 14:12:16,0,0.0845,0.08475236,56.68,BTC-31JAN25-102000-C,98649.79,buy,1.0,1.0,,,
491,332444141,2024-12-07 03:55:25,0,0.088,0.08738856,57.0,BTC-31JAN25-102000-C,99579.09,buy,0.1,0.1,,,
492,332465123,2024-12-07 07:55:11,1,0.088,0.08777763,57.07,BTC-31JAN25-102000-C,99456.45,buy,0.1,0.1,,,
493,332470628,2024-12-07 08:24:06,1,0.088,0.08778634,56.9,BTC-31JAN25-102000-C,99515.59,buy,0.1,0.1,,,
494,332472876,2024-12-07 08:58:24,0,0.089,0.08849621,57.21,BTC-31JAN25-102000-C,99616.4,sell,0.1,0.1,,,
495,332475535,2024-12-07 09:28:20,0,0.0905,0.08991432,57.37,BTC-31JAN25-102000-C,99891.66,sell,0.1,0.1,,,
496,332477837,2024-12-07 09:51:22,1,0.0905,0.08930926,57.9,BTC-31JAN25-102000-C,99703.55,buy,0.1,0.1,,,
497,332477848,2024-12-07 09:51:38,2,0.09,0.08937091,57.55,BTC-31JAN25-102000-C,99714.07,sell,0.1,0.1,,,
498,332477850,2024-12-07 09:51:39,0,0.0905,0.08937484,57.87,BTC-31JAN25-102000-C,99714.71,buy,0.1,0.1,,,
499,332477962,2024-12-07 09:52:34,1,0.0905,0.08945415,57.84,BTC-31JAN25-102000-C,99719.6,buy,0.1,0.1,,,
500,332477969,2024-12-07 09:52:41,2,0.09,0.08947269,57.51,BTC-31JAN25-102000-C,99719.43,sell,0.1,0.1,,,
501,332478202,2024-12-07 09:55:10,3,0.09,0.08958203,57.5,BTC-31JAN25-102000-C,99736.91,sell,0.1,0.1,,,
502,332490574,2024-12-07 13:50:33,2,0.088,0.08776433,56.83,BTC-31JAN25-102000-C,99491.72,buy,0.1,0.1,,,
503,332490577,2024-12-07 13:50:38,3,0.088,0.08776273,56.83,BTC-31JAN25-102000-C,99491.18,buy,0.1,0.1,,,
504,332503273,2024-12-07 15:40:24,0,0.089,0.08851357,57.08,BTC-31JAN25-102000-C,99634.37,buy,0.1,0.1,,,
505,332503274,2024-12-07 15:40:24,1,0.089,0.08851357,57.08,BTC-31JAN25-102000-C,99634.37,sell,3.0,3.0,,,
506,332504649,2024-12-07 15:45:46,1,0.089,0.08903349,56.89,BTC-31JAN25-102000-C,99723.22,sell,1.1,1.1,,,
507,332504666,2024-12-07 15:45:49,1,0.089,0.08895551,56.91,BTC-31JAN25-102000-C,99715.71,sell,0.2,0.2,,,
508,332504667,2024-12-07 15:45:49,1,0.089,0.08895551,56.91,BTC-31JAN25-102000-C,99715.71,sell,0.1,0.1,,,
509,332504668,2024-12-07 15:45:49,1,0.089,0.08895551,56.91,BTC-31JAN25-102000-C,99715.71,sell,0.1,0.1,,,
510,332507262,2024-12-07 16:06:57,1,0.089,0.08883457,57.07,BTC-31JAN25-102000-C,99699.86,sell,0.4,0.4,,,
511,332510527,2024-12-07 17:12:47,2,0.0885,0.08854226,57.11,BTC-31JAN25-102000-C,99599.19,sell,5.0,5.0,,,
512,332544121,2024-12-07 23:56:33,2,0.088,0.08856744,56.23,BTC-31JAN25-102000-C,99842.73,buy,0.2,0.2,,,
513,332552334,2024-12-08 02:48:25,0,0.09,0.08973804,56.19,BTC-31JAN25-102000-C,100370.69,buy,0.1,0.1,,,
514,332559330,2024-12-08 05:56:28,2,0.0865,0.08628637,56.48,BTC-31JAN25-102000-C,99537.74,sell,0.1,0.1,,,
515,332570265,2024-12-08 08:17:09,2,0.085,0.08496206,56.15,BTC-31JAN25-102000-C,99409.2,sell,0.1,0.1,,,
516,332606314,2024-12-08 15:36:25,3,0.085,0.08488666,55.44,BTC-31JAN25-102000-C,99669.42,buy,0.1,0.1,,,
517,332606937,2024-12-08 15:49:17,0,0.086,0.08593971,55.43,BTC-31JAN25-102000-C,99889.58,buy,0.1,0.1,,,
518,332631447,2024-12-08 23:29:28,0,0.089,0.08926762,55.43,BTC-31JAN25-102000-C,100488.98,buy,0.1,0.1,,,
519,332636305,2024-12-08 23:53:03,0,0.0935,0.09299044,56.33,BTC-31JAN25-102000-C,101110.49,buy,10.0,10.0,172135,,
520,332639047,2024-12-09 00:01:41,2,0.0925,0.09342782,55.62,BTC-31JAN25-102000-C,101142.63,sell,0.1,0.1,,,
521,332639070,2024-12-09 00:01:43,0,0.0941,0.09339084,56.71,BTC-31JAN25-102000-C,101135.77,buy,12.5,12.5,172139,,
522,332639275,2024-12-09 00:02:40,2,0.0925,0.0929782,55.89,BTC-31JAN25-102000-C,101043.87,sell,0.1,0.1,,,
523,332639407,2024-12-09 00:03:06,2,0.092,0.09283605,55.68,BTC-31JAN25-102000-C,101002.33,sell,0.1,0.1,,,
524,332643914,2024-12-09 00:29:07,2,0.088,0.08836729,56.13,BTC-31JAN25-102000-C,100057.45,buy,0.1,0.1,,,
525,332644069,2024-12-09 00:29:38,0,0.0885,0.08861964,56.28,BTC-31JAN25-102000-C,100108.66,buy,0.1,0.1,,,
526,332644241,2024-12-09 00:29:51,1,0.0885,0.08858934,56.27,BTC-31JAN25-102000-C,100108.37,buy,0.1,0.1,,,
527,332697545,2024-12-09 07:14:07,2,0.082,0.08212488,57.4,BTC-31JAN25-102000-C,98528.68,sell,0.1,0.1,,,
528,332697546,2024-12-09 07:14:07,3,0.082,0.08212488,57.4,BTC-31JAN25-102000-C,98528.68,sell,1.0,1.0,,,
529,332697547,2024-12-09 07:14:07,3,0.082,0.08212488,57.4,BTC-31JAN25-102000-C,98528.68,sell,5.3,5.3,,,
530,332727351,2024-12-09 10:02:39,0,0.083,0.08278002,58.48,BTC-31JAN25-102000-C,98342.61,buy,0.1,0.1,,,
531,332740308,2024-12-09 11:58:30,2,0.081,0.08098527,58.17,BTC-31JAN25-102000-C,98048.65,sell,0.1,0.1,,,
532,332741452,2024-12-09 12:03:31,2,0.08,0.08036792,57.81,BTC-31JAN25-102000-C,97971.52,sell,0.5,0.5,,,
533,332741453,2024-12-09 12:03:31,3,0.08,0.08036792,57.81,BTC-31JAN25-102000-C,97971.52,sell,0.1,0.1,,,
534,332808897,2024-12-09 16:08:36,2,0.0795,0.07896069,58.12,BTC-31JAN25-102000-C,97775.02,buy,0.1,0.1,,,
535,332808949,2024-12-09 16:08:43,0,0.08,0.07923271,58.33,BTC-31JAN25-102000-C,97812.73,buy,0.1,0.1,,,
536,332824218,2024-12-09 17:26:15,2,0.079,0.07870389,57.89,BTC-31JAN25-102000-C,97789.79,sell,0.4,0.4,,,
537,332834924,2024-12-09 17:59:36,2,0.077,0.07698207,57.7,BTC-31JAN25-102000-C,97431.01,sell,0.1,0.1,,,
538,332834925,2024-12-09 17:59:36,3,0.077,0.07698207,57.7,BTC-31JAN25-102000-C,97431.01,sell,0.1,0.1,,,
539,332835408,2024-12-09 17:59:40,2,0.0765,0.07684758,57.68,BTC-31JAN25-102000-C,97346.16,sell,0.1,0.1,,,
540,332857598,2024-12-09 19:35:23,3,0.0765,0.07630325,57.68,BTC-31JAN25-102000-C,97328.43,sell,0.1,0.1,,,
541,332861096,2024-12-09 19:46:29,2,0.0755,0.07552587,57.62,BTC-31JAN25-102000-C,97085.46,sell,0.1,0.1,,,
542,332862592,2024-12-09 19:51:10,2,0.075,0.07569519,57.13,BTC-31JAN25-102000-C,97141.82,sell,0.1,0.1,,,
543,332862606,2024-12-09 19:51:23,3,0.075,0.07565745,57.2,BTC-31JAN25-102000-C,97119.27,sell,0.1,0.1,,,
544,332863400,2024-12-09 19:54:13,2,0.0745,0.07509368,57.2,BTC-31JAN25-102000-C,97006.15,sell,0.1,0.1,,,
545,332864236,2024-12-09 19:56:02,3,0.0745,0.07496794,57.27,BTC-31JAN25-102000-C,96971.98,sell,0.1,0.1,,,
546,332864394,2024-12-09 19:56:31,3,0.0745,0.07509354,57.2,BTC-31JAN25-102000-C,96991.24,sell,0.1,0.1,,,
547,332864483,2024-12-09 19:57:06,3,0.0745,0.07518827,57.11,BTC-31JAN25-102000-C,97018.77,sell,0.1,0.1,,,
548,332887581,2024-12-09 21:02:19,2,0.07,0.06989783,57.44,BTC-31JAN25-102000-C,95948.72,sell,0.1,0.1,,,
549,332893913,2024-12-09 21:04:39,2,0.066,0.06586535,57.45,BTC-31JAN25-102000-C,94985.25,buy,0.5,0.5,,,
550,332926318,2024-12-09 22:01:31,0,0.075,0.07551116,57.3,BTC-31JAN25-102000-C,97220.71,sell,0.7,0.7,,,
551,332962652,2024-12-10 00:31:57,0,0.0785,0.07869156,57.93,BTC-31JAN25-102000-C,97673.59,sell,0.5,0.5,,,
552,332969609,2024-12-10 00:39:45,0,0.08,0.0805323,57.63,BTC-31JAN25-102000-C,98059.43,sell,0.6,0.6,,,
553,332970099,2024-12-10 00:40:46,2,0.079,0.07956587,57.53,BTC-31JAN25-102000-C,97872.23,sell,0.6,0.6,,,
554,332974122,2024-12-10 00:59:35,3,0.079,0.07926381,57.5,BTC-31JAN25-102000-C,97907.14,sell,0.6,0.6,,,
555,332974144,2024-12-10 00:59:37,3,0.079,0.07927227,57.51,BTC-31JAN25-102000-C,97899.75,buy,0.1,0.1,,,
556,332974201,2024-12-10 01:00:01,3,0.079,0.07921231,57.52,BTC-31JAN25-102000-C,97898.09,buy,0.1,0.1,,,
557,332974211,2024-12-10 01:00:01,3,0.079,0.07921231,57.52,BTC-31JAN25-102000-C,97898.09,buy,0.1,0.1,,,
558,332974232,2024-12-10 01:00:01,3,0.079,0.07921231,57.52,BTC-31JAN25-102000-C,97898.09,buy,4.1,4.1,,,
559,333050826,2024-12-10 07:36:52,2,0.0745,0.07494449,57.82,BTC-31JAN25-102000-C,96962.3,sell,1.4,1.4,,,
560,333116830,2024-12-10 15:49:59,2,0.0685,0.06914057,56.35,BTC-31JAN25-102000-C,96147.3,sell,0.2,0.2,,,
561,333116843,2024-12-10 15:50:04,0,0.07,0.0690375,57.24,BTC-31JAN25-102000-C,96191.22,buy,3.3,3.3,,,
562,333116844,2024-12-10 15:50:04,1,0.07,0.0690375,57.24,BTC-31JAN25-102000-C,96191.22,buy,2.2,2.2,,,
563,333142695,2024-12-10 16:40:19,2,0.0635,0.06358215,56.86,BTC-31JAN25-102000-C,94885.67,sell,0.5,0.5,,,
564,333162078,2024-12-10 17:06:53,0,0.0645,0.06396371,57.2,BTC-31JAN25-102000-C,95015.8,buy,2.9,2.9,,,
565,333162079,2024-12-10 17:06:53,1,0.0645,0.06396371,57.2,BTC-31JAN25-102000-C,95015.8,buy,3.5,3.5,,,
566,333164105,2024-12-10 17:10:16,0,0.0655,0.06495816,57.26,BTC-31JAN25-102000-C,95216.0,buy,2.7,2.7,,,
567,333164106,2024-12-10 17:10:16,1,0.0655,0.06495816,57.26,BTC-31JAN25-102000-C,95216.0,buy,2.3,2.3,,,
568,333194420,2024-12-10 19:06:08,0,0.0666,0.06669574,58.0,BTC-31JAN25-102000-C,95245.4,sell,25.0,25.0,172542,,
569,333210845,2024-12-10 20:43:46,0,0.071,0.0711971,57.48,BTC-31JAN25-102000-C,96463.47,sell,0.5,0.5,,,
570,333252626,2024-12-11 02:48:08,0,0.076,0.07581909,58.25,BTC-31JAN25-102000-C,97453.7,buy,0.2,0.2,,,
571,333264244,2024-12-11 03:58:12,0,0.077,0.07696437,59.03,BTC-31JAN25-102000-C,97402.12,sell,0.1,0.1,,,
572,333264245,2024-12-11 03:58:12,1,0.077,0.07696437,59.03,BTC-31JAN25-102000-C,97402.12,sell,0.5,0.5,,,
573,333321588,2024-12-11 13:41:35,0,0.0815,0.08144856,59.01,BTC-31JAN25-102000-C,98382.9,buy,0.5,0.5,,,
574,333327213,2024-12-11 14:06:36,0,0.084,0.0837883,59.32,BTC-31JAN25-102000-C,98832.75,buy,0.3,0.3,,,
575,333339944,2024-12-11 14:53:48,0,0.086,0.08617799,58.91,BTC-31JAN25-102000-C,99488.56,buy,0.5,0.5,,,
576,333378402,2024-12-11 16:23:12,0,0.0935,0.09415251,59.02,BTC-31JAN25-102000-C,101024.41,sell,0.5,0.5,,,
577,333382489,2024-12-11 16:31:01,0,0.0955,0.09455803,60.11,BTC-31JAN25-102000-C,101106.9,buy,0.1,0.1,,,
578,333391455,2024-12-11 17:05:53,2,0.093,0.09276708,59.4,BTC-31JAN25-102000-C,100803.72,buy,0.1,0.1,,,
579,333395507,2024-12-11 17:33:10,2,0.0915,0.09163865,59.02,BTC-31JAN25-102000-C,100598.02,buy,0.1,0.1,,,
580,333405585,2024-12-11 18:19:13,2,0.089,0.08887311,58.98,BTC-31JAN25-102000-C,100133.18,sell,0.1,0.1,,,
581,333412936,2024-12-11 18:57:10,0,0.09,0.09000219,58.75,BTC-31JAN25-102000-C,100465.45,buy,0.1,0.1,,,
582,333419752,2024-12-11 19:47:39,0,0.0935,0.09296027,58.99,BTC-31JAN25-102000-C,101167.42,buy,0.9,0.9,,,
583,333421239,2024-12-11 19:53:03,1,0.0935,0.09333879,58.75,BTC-31JAN25-102000-C,101256.56,buy,0.4,0.4,,,
584,333425743,2024-12-11 20:05:54,0,0.094,0.09447367,58.43,BTC-31JAN25-102000-C,101459.48,sell,1.0,1.0,,,
585,333429692,2024-12-11 20:27:36,0,0.0955,0.09436073,59.5,BTC-31JAN25-102000-C,101446.78,buy,0.1,0.1,,,
586,333429706,2024-12-11 20:27:45,1,0.0955,0.09436544,59.46,BTC-31JAN25-102000-C,101458.32,buy,0.1,0.1,,,
587,333429759,2024-12-11 20:27:54,1,0.0955,0.09443213,59.45,BTC-31JAN25-102000-C,101461.57,buy,0.1,0.1,,,
588,333430378,2024-12-11 20:28:36,1,0.0955,0.09453905,59.38,BTC-31JAN25-102000-C,101481.34,buy,0.1,0.1,,,
589,333439579,2024-12-11 21:00:46,2,0.0935,0.09329951,58.62,BTC-31JAN25-102000-C,101268.96,buy,0.1,0.1,,,
590,333442017,2024-12-11 21:17:57,3,0.0935,0.09251616,59.24,BTC-31JAN25-102000-C,101096.12,buy,0.1,0.1,,,
591,333443473,2024-12-11 21:35:47,0,0.0945,0.09404097,59.0,BTC-31JAN25-102000-C,101414.71,buy,0.1,0.1,,,
592,333443892,2024-12-11 21:39:08,1,0.0945,0.09425204,58.89,BTC-31JAN25-102000-C,101466.23,sell,0.1,0.1,,,
593,333459795,2024-12-12 00:04:06,2,0.093,0.09296896,58.9,BTC-31JAN25-102000-C,101167.16,buy,0.1,0.1,,,
594,333477521,2024-12-12 02:58:54,0,0.0955,0.09502851,58.26,BTC-31JAN25-102000-C,101857.62,buy,0.3,0.3,,,
595,333482784,2024-12-12 03:20:45,2,0.095,0.09389607,59.56,BTC-31JAN25-102000-C,101324.75,buy,0.1,0.1,,,
596,333496514,2024-12-12 05:31:19,2,0.0925,0.09212841,58.85,BTC-31JAN25-102000-C,101055.41,sell,0.1,0.1,,,
597,333497364,2024-12-12 05:45:03,2,0.0915,0.09158017,58.55,BTC-31JAN25-102000-C,100942.61,buy,0.1,0.1,,,
598,333498274,2024-12-12 06:00:22,2,0.0905,0.0902112,58.8,BTC-31JAN25-102000-C,100668.46,sell,0.1,0.1,,,
599,333502541,2024-12-12 07:24:06,3,0.0905,0.09032085,58.19,BTC-31JAN25-102000-C,100810.72,sell,0.1,0.1,,,
600,333528713,2024-12-12 11:58:13,2,0.0885,0.08892816,58.88,BTC-31JAN25-102000-C,100281.82,buy,0.1,0.1,,,
601,333562894,2024-12-12 15:02:13,0,0.0955,0.0961152,59.3,BTC-31JAN25-102000-C,101616.39,sell,0.1,0.1,,,
602,333567294,2024-12-12 15:13:56,2,0.0925,0.09242846,59.66,BTC-31JAN25-102000-C,100874.74,buy,0.1,0.1,,,
603,333567625,2024-12-12 15:14:32,3,0.0925,0.09273236,59.6,BTC-31JAN25-102000-C,100889.76,buy,5.0,5.0,,,
604,333567946,2024-12-12 15:15:04,3,0.0925,0.09246205,59.69,BTC-31JAN25-102000-C,100864.18,buy,5.0,5.0,,,
605,333568932,2024-12-12 15:18:52,0,0.093,0.09296225,59.69,BTC-31JAN25-102000-C,100972.11,sell,0.1,0.1,,,
606,333584640,2024-12-12 16:03:33,0,0.099,0.09923168,59.7,BTC-31JAN25-102000-C,102216.45,buy,0.5,0.5,,,
607,333591626,2024-12-12 16:19:54,0,0.102,0.10134484,60.59,BTC-31JAN25-102000-C,102541.09,buy,0.1,0.1,,,
608,333591661,2024-12-12 16:20:05,1,0.102,0.10126194,60.66,BTC-31JAN25-102000-C,102514.81,buy,0.1,0.1,,,
609,333596148,2024-12-12 16:33:43,2,0.0985,0.098327,60.24,BTC-31JAN25-102000-C,101929.83,sell,0.5,0.5,,,
610,333613436,2024-12-12 18:10:36,2,0.096,0.09587902,59.85,BTC-31JAN25-102000-C,101604.21,sell,0.1,0.1,,,
611,333614720,2024-12-12 18:29:51,3,0.096,0.09608479,59.75,BTC-31JAN25-102000-C,101671.68,buy,0.3,0.3,,,
612,333617196,2024-12-12 18:40:16,2,0.093,0.09312168,59.64,BTC-31JAN25-102000-C,101064.39,buy,0.1,0.1,,,
613,333621308,2024-12-12 19:07:04,3,0.093,0.09266783,59.87,BTC-31JAN25-102000-C,101020.07,buy,0.1,0.1,,,
614,333629765,2024-12-12 19:29:37,2,0.0875,0.08728,59.47,BTC-31JAN25-102000-C,99980.76,buy,0.1,0.1,,,
615,333643804,2024-12-12 19:51:53,3,0.0875,0.08730506,59.5,BTC-31JAN25-102000-C,99965.05,sell,0.1,0.1,,,
616,333645807,2024-12-12 19:55:48,2,0.0845,0.08464761,59.26,BTC-31JAN25-102000-C,99401.81,buy,0.1,0.1,,,
617,333647555,2024-12-12 20:01:29,0,0.086,0.08592498,59.34,BTC-31JAN25-102000-C,99707.57,sell,0.1,0.1,,,
618,333648717,2024-12-12 20:08:12,0,0.0865,0.08676148,59.15,BTC-31JAN25-102000-C,99877.95,buy,0.2,0.2,,,
619,333650178,2024-12-12 20:17:24,2,0.0855,0.08533464,59.36,BTC-31JAN25-102000-C,99591.54,buy,0.1,0.1,,,
620,333679614,2024-12-13 00:04:33,0,0.087,0.08676203,58.96,BTC-31JAN25-102000-C,100115.57,sell,0.2,0.2,,,
621,333693409,2024-12-13 02:58:45,2,0.083,0.08299244,58.35,BTC-31JAN25-102000-C,99430.77,buy,0.2,0.2,,,
622,333705250,2024-12-13 05:47:17,0,0.086,0.08595805,58.82,BTC-31JAN25-102000-C,99976.6,sell,0.1,0.1,,,
623,333707672,2024-12-13 06:43:53,2,0.085,0.08500241,58.68,BTC-31JAN25-102000-C,99834.01,buy,0.1,0.1,,,
624,333720664,2024-12-13 07:48:04,0,0.0855,0.08568616,58.21,BTC-31JAN25-102000-C,100140.6,buy,0.1,0.1,,,
625,333728633,2024-12-13 08:17:43,2,0.084,0.08406571,57.76,BTC-31JAN25-102000-C,100010.41,sell,0.2,0.2,,,
626,333766467,2024-12-13 14:06:16,0,0.0855,0.0854387,57.7,BTC-31JAN25-102000-C,100340.72,buy,0.3,0.3,,,
627,333821601,2024-12-13 17:32:52,0,0.0895,0.08961418,58.2,BTC-31JAN25-102000-C,101142.77,buy,0.1,0.1,,,
628,333823211,2024-12-13 17:39:35,0,0.0915,0.0912373,58.49,BTC-31JAN25-102000-C,101463.21,sell,0.1,0.1,,,
629,333825744,2024-12-13 17:51:24,1,0.0915,0.0913342,58.5,BTC-31JAN25-102000-C,101482.93,buy,5.9,5.9,,,
630,333827701,2024-12-13 17:58:58,0,0.0925,0.09270397,58.29,BTC-31JAN25-102000-C,101750.25,buy,0.2,0.2,,,
631,333830365,2024-12-13 18:14:06,2,0.092,0.09213907,58.43,BTC-31JAN25-102000-C,101592.09,buy,0.1,0.1,,,
632,333839655,2024-12-13 19:25:53,2,0.0915,0.09161157,58.39,BTC-31JAN25-102000-C,101520.78,sell,0.1,0.1,,,
633,333840397,2024-12-13 19:32:09,2,0.0905,0.09073357,58.24,BTC-31JAN25-102000-C,101344.57,buy,0.1,0.1,,,
634,333841463,2024-12-13 19:49:27,0,0.091,0.09092573,58.31,BTC-31JAN25-102000-C,101439.78,sell,0.1,0.1,,,
635,333848513,2024-12-13 20:51:53,0,0.0915,0.0918675,58.05,BTC-31JAN25-102000-C,101674.58,buy,0.1,0.1,,,
636,333848869,2024-12-13 20:55:42,0,0.0925,0.09189244,58.72,BTC-31JAN25-102000-C,101668.53,buy,0.1,0.1,,,
637,333908512,2024-12-14 05:34:10,1,0.0925,0.09198772,58.13,BTC-31JAN25-102000-C,101767.66,buy,0.1,0.1,,,
638,333909317,2024-12-14 05:59:48,2,0.0915,0.09174014,57.56,BTC-31JAN25-102000-C,101727.59,buy,0.1,0.1,,,
639,333910374,2024-12-14 06:20:06,0,0.0925,0.09242366,57.66,BTC-31JAN25-102000-C,101897.71,sell,0.1,0.1,,,
640,333931424,2024-12-14 12:27:14,2,0.0895,0.08879225,57.43,BTC-31JAN25-102000-C,101473.76,buy,5.8,5.8,,,
641,333938759,2024-12-14 13:37:51,2,0.087,0.08723719,57.17,BTC-31JAN25-102000-C,101038.75,buy,0.1,0.1,,,
642,333940085,2024-12-14 13:50:27,0,0.088,0.08770644,57.51,BTC-31JAN25-102000-C,101158.14,sell,0.1,0.1,,,
643,333940123,2024-12-14 13:51:54,0,0.0885,0.08787358,57.72,BTC-31JAN25-102000-C,101187.98,buy,0.1,0.1,,,
644,333940166,2024-12-14 13:52:24,1,0.0885,0.08772495,57.83,BTC-31JAN25-102000-C,101161.93,buy,0.1,0.1,,,
645,333944613,2024-12-14 15:17:29,0,0.0895,0.08961748,57.11,BTC-31JAN25-102000-C,101596.98,buy,0.1,0.1,,,
646,333945060,2024-12-14 15:22:51,0,0.09,0.090254,57.0,BTC-31JAN25-102000-C,101725.52,buy,0.1,0.1,,,
647,333978244,2024-12-14 23:01:20,2,0.086,0.08614706,56.75,BTC-31JAN25-102000-C,101161.07,sell,5.0,5.0,,,
648,333988906,2024-12-15 01:56:32,0,0.0905,0.09055112,56.71,BTC-31JAN25-102000-C,102126.12,buy,0.1,0.1,,,
649,333995352,2024-12-15 04:15:01,0,0.091,0.09107895,57.11,BTC-31JAN25-102000-C,102123.23,buy,0.1,0.1,,,
650,333995711,2024-12-15 04:15:41,0,0.0915,0.09156235,57.11,BTC-31JAN25-102000-C,102232.15,buy,0.2,0.2,,,
651,334027556,2024-12-15 10:48:44,0,0.0925,0.09260694,57.46,BTC-31JAN25-102000-C,102232.29,buy,0.1,0.1,,,
652,334047376,2024-12-15 14:22:04,0,0.0965,0.09693517,57.52,BTC-31JAN25-102000-C,102971.48,buy,0.5,0.5,,,
653,334050645,2024-12-15 15:42:58,1,0.0965,0.09614066,58.09,BTC-31JAN25-102000-C,102825.91,buy,0.1,0.1,,,
654,334071827,2024-12-15 19:58:09,0,0.098,0.0980064,57.9,BTC-31JAN25-102000-C,103231.13,buy,1.0,1.0,,,
655,334071847,2024-12-15 19:58:32,1,0.098,0.09803434,57.89,BTC-31JAN25-102000-C,103230.79,buy,1.0,1.0,,,
656,334071851,2024-12-15 19:58:39,2,0.0975,0.09803071,57.52,BTC-31JAN25-102000-C,103230.53,buy,2.0,2.0,,,
657,334071863,2024-12-15 19:59:00,0,0.098,0.09804963,57.88,BTC-31JAN25-102000-C,103232.99,buy,1.0,1.0,,,
658,334071868,2024-12-15 19:59:10,1,0.098,0.09803615,57.88,BTC-31JAN25-102000-C,103232.27,buy,1.0,1.0,,,
659,334071869,2024-12-15 19:59:10,2,0.0975,0.09803615,57.52,BTC-31JAN25-102000-C,103232.27,buy,0.5,0.5,,,
660,334105941,2024-12-15 23:28:11,0,0.1085,0.10772506,58.92,BTC-31JAN25-102000-C,105026.26,buy,0.1,0.1,,,
661,334107736,2024-12-15 23:29:52,2,0.107,0.10682849,58.77,BTC-31JAN25-102000-C,104755.01,buy,0.1,0.1,,,
662,334147507,2024-12-16 01:05:19,0,0.111,0.11154698,59.44,BTC-31JAN25-102000-C,105297.64,buy,0.1,0.1,,,
663,334150502,2024-12-16 01:12:51,2,0.109,0.11042079,58.79,BTC-31JAN25-102000-C,105038.38,sell,0.1,0.1,,,
664,334258276,2024-12-16 14:52:44,0,0.111,0.11118321,59.2,BTC-31JAN25-102000-C,105627.74,buy,1.1,1.1,,,
665,334309906,2024-12-16 17:03:33,0,0.117,0.1173398,58.79,BTC-31JAN25-102000-C,106955.7,sell,5.1,5.1,,,
666,334314200,2024-12-16 17:27:01,0,0.118,0.11819038,59.0,BTC-31JAN25-102000-C,107093.31,buy,0.1,0.1,,,
667,334321301,2024-12-16 18:05:11,2,0.117,0.11714491,58.77,BTC-31JAN25-102000-C,106990.42,buy,0.3,0.3,,,
668,334325705,2024-12-16 18:23:10,0,0.12,0.11965951,59.35,BTC-31JAN25-102000-C,107434.46,buy,0.1,0.1,,,
669,334328709,2024-12-16 18:28:43,0,0.1215,0.1213192,59.28,BTC-31JAN25-102000-C,107725.38,sell,1.0,1.0,,,
670,334354293,2024-12-16 19:50:44,2,0.1125,0.11278704,58.26,BTC-31JAN25-102000-C,106280.63,buy,0.1,0.1,,,
671,334442199,2024-12-17 10:27:36,0,0.1145,0.11421446,57.58,BTC-31JAN25-102000-C,106987.92,sell,0.1,0.1,,,
672,334456262,2024-12-17 13:26:19,0,0.1155,0.11546004,57.16,BTC-31JAN25-102000-C,107317.93,buy,0.1,0.1,,,
673,334456622,2024-12-17 13:27:39,0,0.116,0.11601747,57.1,BTC-31JAN25-102000-C,107413.29,buy,0.5,0.5,,,
674,334477860,2024-12-17 14:57:21,0,0.12,0.1201794,57.37,BTC-31JAN25-102000-C,108128.9,buy,0.1,0.1,,,
675,334477882,2024-12-17 14:57:26,1,0.12,0.12022154,57.38,BTC-31JAN25-102000-C,108128.68,buy,0.1,0.1,,,
676,334477950,2024-12-17 14:57:32,1,0.12,0.12020796,57.37,BTC-31JAN25-102000-C,108129.7,buy,0.1,0.1,,,
677,334478254,2024-12-17 14:57:39,1,0.12,0.12014712,57.42,BTC-31JAN25-102000-C,108116.36,buy,0.7,0.7,,,
678,334646529,2024-12-18 06:52:42,2,0.097,0.09606972,58.71,BTC-31JAN25-102000-C,103744.83,buy,0.1,0.1,,,
679,334663590,2024-12-18 08:41:52,3,0.097,0.09677859,57.85,BTC-31JAN25-102000-C,103921.59,sell,0.5,0.5,,,
680,334663592,2024-12-18 08:41:52,3,0.097,0.09677859,57.85,BTC-31JAN25-102000-C,103921.59,sell,0.4,0.4,,,
681,334663619,2024-12-18 08:41:59,3,0.097,0.0966812,57.92,BTC-31JAN25-102000-C,103903.19,sell,0.5,0.5,,,
682,334663634,2024-12-18 08:41:59,3,0.097,0.0966812,57.92,BTC-31JAN25-102000-C,103903.19,sell,0.2,0.2,,,
683,334680511,2024-12-18 11:45:34,0,0.1015,0.10134745,58.18,BTC-31JAN25-102000-C,104794.21,sell,0.3,0.3,,,
684,334877133,2024-12-18 20:56:45,2,0.084,0.08421821,57.84,BTC-31JAN25-102000-C,101381.47,sell,0.1,0.1,,,
685,334877135,2024-12-18 20:56:48,3,0.084,0.08401356,57.95,BTC-31JAN25-102000-C,101349.28,sell,0.4,0.4,,,
686,334877252,2024-12-18 20:56:51,3,0.084,0.08394148,58.0,BTC-31JAN25-102000-C,101334.59,sell,0.6,0.6,,,
687,334877259,2024-12-18 20:56:51,3,0.084,0.08394148,58.0,BTC-31JAN25-102000-C,101334.59,sell,0.6,0.6,,,
688,334877260,2024-12-18 20:56:51,3,0.084,0.08394148,58.0,BTC-31JAN25-102000-C,101334.59,sell,0.8,0.8,,,
689,334877261,2024-12-18 20:56:51,3,0.084,0.08394148,58.0,BTC-31JAN25-102000-C,101334.59,sell,0.3,0.3,,,
690,334877262,2024-12-18 20:56:51,3,0.084,0.08394148,58.0,BTC-31JAN25-102000-C,101334.59,sell,0.1,0.1,,,
691,334877265,2024-12-18 20:56:51,3,0.084,0.08394148,58.0,BTC-31JAN25-102000-C,101334.59,sell,2.1,2.1,,,
692,334914416,2024-12-18 23:33:12,2,0.0805,0.08090103,57.72,BTC-31JAN25-102000-C,100731.87,buy,0.1,0.1,,,
693,334917490,2024-12-18 23:49:24,2,0.079,0.07878835,58.28,BTC-31JAN25-102000-C,100233.77,sell,1.0,1.0,,,
694,334927861,2024-12-19 00:06:37,0,0.081,0.08081958,58.43,BTC-31JAN25-102000-C,100635.87,buy,0.5,0.5,,,
695,334947989,2024-12-19 02:05:57,2,0.0765,0.07654691,58.72,BTC-31JAN25-102000-C,99549.24,buy,0.3,0.3,,,
696,334948000,2024-12-19 02:05:57,3,0.0765,0.07654691,58.72,BTC-31JAN25-102000-C,99549.24,buy,0.3,0.3,,,
697,334987553,2024-12-19 03:12:50,0,0.084,0.08373541,59.5,BTC-31JAN25-102000-C,100885.7,buy,1.2,1.2,,,
698,334987629,2024-12-19 03:13:00,1,0.084,0.08368914,59.51,BTC-31JAN25-102000-C,100886.31,buy,1.8,1.8,,,
699,335029868,2024-12-19 07:30:56,0,0.0865,0.08622241,59.21,BTC-31JAN25-102000-C,101507.16,sell,0.1,0.1,,,
700,335044436,2024-12-19 08:53:42,0,0.087,0.08602198,59.12,BTC-31JAN25-102000-C,101689.1,buy,0.1,0.1,,,
701,335044617,2024-12-19 08:57:18,2,0.0865,0.08600767,58.81,BTC-31JAN25-102000-C,101668.84,buy,0.1,0.1,,,
702,335045801,2024-12-19 09:16:41,3,0.0865,0.08664085,58.48,BTC-31JAN25-102000-C,101764.95,sell,0.1,0.1,,,
703,335048206,2024-12-19 09:54:16,2,0.0858,0.08560142,58.14,BTC-31JAN25-102000-C,101725.94,sell,16.5,16.5,173752,,
704,335063531,2024-12-19 11:58:20,0,0.088,0.08872189,57.42,BTC-31JAN25-102000-C,102384.2,sell,0.1,0.1,,,
705,335072957,2024-12-19 13:30:26,2,0.087,0.08689865,57.63,BTC-31JAN25-102000-C,102135.34,sell,0.1,0.1,,,
706,335072975,2024-12-19 13:30:34,3,0.087,0.08690421,57.63,BTC-31JAN25-102000-C,102135.34,sell,0.1,0.1,,,
707,335122760,2024-12-19 15:45:01,2,0.078,0.07794726,57.76,BTC-31JAN25-102000-C,100175.11,buy,12.5,12.5,173782,BTC-CDIAG-28FEB25_31JAN25-118000_102000,
708,335123867,2024-12-19 15:48:26,0,0.0783,0.07839715,57.64,BTC-31JAN25-102000-C,100280.54,buy,12.5,12.5,173783,BTC-CDIAG-28FEB25_31JAN25-118000_102000,
709,335128996,2024-12-19 16:05:00,2,0.078,0.07852423,57.41,BTC-31JAN25-102000-C,100306.43,sell,2.5,2.5,,,
710,335128997,2024-12-19 16:05:01,3,0.078,0.07851931,57.42,BTC-31JAN25-102000-C,100304.54,sell,0.6,0.6,,,
711,335135497,2024-12-19 16:28:48,0,0.079,0.07957209,57.36,BTC-31JAN25-102000-C,100508.18,sell,14.3,14.3,,,
712,335135498,2024-12-19 16:28:48,1,0.079,0.07957209,57.36,BTC-31JAN25-102000-C,100508.18,sell,2.5,2.5,,,
713,335135499,2024-12-19 16:28:48,1,0.079,0.07957209,57.36,BTC-31JAN25-102000-C,100508.18,sell,6.0,6.0,,,
714,335135500,2024-12-19 16:28:48,1,0.079,0.07957209,57.36,BTC-31JAN25-102000-C,100508.18,sell,7.2,7.2,,,
715,335150544,2024-12-19 17:30:34,2,0.0735,0.07365933,57.24,BTC-31JAN25-102000-C,99404.72,sell,0.2,0.2,,,
716,335190137,2024-12-19 18:09:49,2,0.0685,0.06815008,58.14,BTC-31JAN25-102000-C,98075.22,sell,0.5,0.5,,,
717,335190581,2024-12-19 18:10:43,2,0.0675,0.06753986,57.95,BTC-31JAN25-102000-C,97894.05,sell,0.6,0.6,,,
718,335196882,2024-12-19 18:18:11,2,0.065,0.0652804,57.84,BTC-31JAN25-102000-C,97340.92,sell,0.4,0.4,,,
719,335209619,2024-12-19 18:31:04,0,0.068,0.06800151,58.19,BTC-31JAN25-102000-C,97927.7,sell,0.4,0.4,,,
720,335209637,2024-12-19 18:31:06,1,0.068,0.06787235,58.2,BTC-31JAN25-102000-C,97924.6,sell,0.1,0.1,,,
721,335223263,2024-12-19 19:10:28,0,0.0715,0.07169007,57.84,BTC-31JAN25-102000-C,98773.99,sell,0.5,0.5,,,
722,335224986,2024-12-19 19:18:09,2,0.07,0.06989464,58.13,BTC-31JAN25-102000-C,98339.97,sell,1.0,1.0,,,
723,335286034,2024-12-19 20:53:31,2,0.063,0.06277954,59.09,BTC-31JAN25-102000-C,96398.58,sell,0.2,0.2,,,
724,335286099,2024-12-19 20:53:40,3,0.063,0.06306242,58.96,BTC-31JAN25-102000-C,96439.12,sell,0.2,0.2,,,
725,335429394,2024-12-20 03:46:28,0,0.0655,0.06576195,59.57,BTC-31JAN25-102000-C,97008.92,buy,0.1,0.1,,,
726,335484723,2024-12-20 07:58:09,0,0.0675,0.06722457,59.26,BTC-31JAN25-102000-C,97673.43,buy,0.1,0.1,,,
727,335554452,2024-12-20 09:49:39,2,0.0585,0.05821645,61.36,BTC-31JAN25-102000-C,94743.18,sell,0.4,0.4,,,
728,335627056,2024-12-20 11:57:14,2,0.0535,0.05350673,62.54,BTC-31JAN25-102000-C,93024.58,sell,0.1,0.1,,,
729,335642490,2024-12-20 12:20:36,0,0.054,0.05445749,62.74,BTC-31JAN25-102000-C,93108.74,buy,2.0,2.0,,,
730,335647702,2024-12-20 12:27:35,0,0.056,0.0561775,62.96,BTC-31JAN25-102000-C,93562.42,buy,0.1,0.1,,,
731,335649404,2024-12-20 12:31:26,2,0.0545,0.05510418,62.27,BTC-31JAN25-102000-C,93415.9,buy,0.1,0.1,,,
732,335650725,2024-12-20 12:35:01,0,0.0548,0.05522736,62.25,BTC-31JAN25-102000-C,93501.59,sell,100.0,100.0,174009,,
733,335754914,2024-12-20 16:35:00,0,0.064,0.06390479,58.4,BTC-31JAN25-102000-C,97170.0,buy,1.0,1.0,,,
734,335798949,2024-12-20 19:23:22,1,0.064,0.06398884,57.03,BTC-31JAN25-102000-C,97603.72,buy,0.3,0.3,,,
735,335842609,2024-12-20 23:43:20,2,0.0635,0.06334335,57.17,BTC-31JAN25-102000-C,97516.21,sell,0.1,0.1,,,
736,335863332,2024-12-21 03:55:05,2,0.063,0.06252747,57.31,BTC-31JAN25-102000-C,97333.11,buy,0.1,0.1,,,
737,335863336,2024-12-21 03:55:08,3,0.063,0.06252544,57.32,BTC-31JAN25-102000-C,97332.46,buy,0.1,0.1,,,
738,335863356,2024-12-21 03:55:22,3,0.063,0.06253951,57.31,BTC-31JAN25-102000-C,97333.92,buy,0.1,0.1,,,
739,335887464,2024-12-21 07:24:27,0,0.07,0.06932979,58.25,BTC-31JAN25-102000-C,98705.23,buy,1.0,1.0,,,
740,335887661,2024-12-21 07:26:04,1,0.07,0.06963424,58.01,BTC-31JAN25-102000-C,98767.93,sell,0.5,0.5,,,
741,335904234,2024-12-21 08:55:19,2,0.0685,0.06812948,57.56,BTC-31JAN25-102000-C,98621.15,buy,0.1,0.1,,,
742,335904255,2024-12-21 08:55:27,3,0.0685,0.06810678,57.57,BTC-31JAN25-102000-C,98621.62,buy,0.1,0.1,,,
743,335904440,2024-12-21 08:56:12,0,0.069,0.06817171,57.88,BTC-31JAN25-102000-C,98647.75,buy,0.1,0.1,,,
744,335904549,2024-12-21 08:57:20,2,0.0685,0.06808604,57.55,BTC-31JAN25-102000-C,98641.09,buy,0.1,0.1,,,
745,335904565,2024-12-21 08:57:27,3,0.0685,0.06824642,57.43,BTC-31JAN25-102000-C,98673.69,sell,0.1,0.1,,,
746,335905204,2024-12-21 09:04:04,2,0.0675,0.06707224,57.48,BTC-31JAN25-102000-C,98422.66,buy,0.1,0.1,,,
747,335937095,2024-12-21 13:50:07,2,0.062,0.0617175,57.3,BTC-31JAN25-102000-C,97263.63,sell,0.1,0.1,,,
748,335937102,2024-12-21 13:50:09,3,0.062,0.06159593,57.35,BTC-31JAN25-102000-C,97240.75,sell,0.1,0.1,,,
749,335937122,2024-12-21 13:50:13,0,0.0625,0.06154454,57.76,BTC-31JAN25-102000-C,97240.65,buy,0.1,0.1,,,
750,335959920,2024-12-21 18:04:20,0,0.063,0.06257981,57.21,BTC-31JAN25-102000-C,97604.72,buy,2.0,2.0,,,
751,336059965,2024-12-22 10:32:46,2,0.0595,0.05953039,56.87,BTC-31JAN25-102000-C,97107.66,buy,0.1,0.1,,,
752,336059973,2024-12-22 10:33:02,3,0.0595,0.05953549,56.87,BTC-31JAN25-102000-C,97105.6,sell,0.6,0.6,,,
753,336059974,2024-12-22 10:33:02,3,0.0595,0.05953549,56.87,BTC-31JAN25-102000-C,97105.6,sell,0.1,0.1,,,
754,336059975,2024-12-22 10:33:03,3,0.0595,0.05953549,56.87,BTC-31JAN25-102000-C,97105.6,sell,0.1,0.1,,,
755,336059989,2024-12-22 10:33:21,3,0.0595,0.05941368,56.97,BTC-31JAN25-102000-C,97077.07,sell,0.1,0.1,,,
756,336180824,2024-12-22 22:58:52,2,0.0545,0.05480949,58.47,BTC-31JAN25-102000-C,95432.78,buy,0.1,0.1,,,
757,336188615,2024-12-23 00:00:38,2,0.054,0.05401434,59.25,BTC-31JAN25-102000-C,95102.97,sell,0.1,0.1,,,
758,336205321,2024-12-23 01:14:21,2,0.0524,0.0525707,60.97,BTC-31JAN25-102000-C,94160.55,sell,1.0,1.0,,BTC-CS-31JAN25-100000_102000,336205319
759,336205411,2024-12-23 01:14:39,0,0.0525,0.05261998,60.95,BTC-31JAN25-102000-C,94198.07,sell,5.0,5.0,,BTC-CS-31JAN25-100000_102000,336205409
760,336205504,2024-12-23 01:15:00,0,0.0528,0.05280367,61.09,BTC-31JAN25-102000-C,94221.28,sell,4.0,4.0,,BTC-CS-31JAN25-100000_102000,336205503
761,336227921,2024-12-23 02:31:07,2,0.0515,0.05229378,60.65,BTC-31JAN25-102000-C,94023.5,sell,8.0,8.0,,,
762,336227922,2024-12-23 02:31:07,3,0.0515,0.05229378,60.65,BTC-31JAN25-102000-C,94023.5,sell,15.8,15.8,,,
763,336227923,2024-12-23 02:31:07,3,0.0515,0.05229378,60.65,BTC-31JAN25-102000-C,94023.5,sell,1.2,1.2,,,
764,336253093,2024-12-23 05:04:59,0,0.055,0.05566406,58.15,BTC-31JAN25-102000-C,95762.94,sell,0.1,0.1,,,
765,336274677,2024-12-23 08:07:37,2,0.0525,0.05253035,58.19,BTC-31JAN25-102000-C,95110.67,buy,5.0,5.0,,BTC-CS-31JAN25-100000_102000,336274675
766,336348625,2024-12-23 15:18:20,2,0.0455,0.04522682,57.6,BTC-31JAN25-102000-C,93572.84,buy,0.1,0.1,,,
767,336362005,2024-12-23 15:46:22,2,0.0445,0.04435888,57.72,BTC-31JAN25-102000-C,93229.72,buy,0.6,0.6,,,
768,336372759,2024-12-23 16:09:30,2,0.0435,0.04397109,57.29,BTC-31JAN25-102000-C,93078.17,sell,0.3,0.3,,,
769,336402162,2024-12-23 17:09:39,0,0.0455,0.04560079,57.47,BTC-31JAN25-102000-C,93581.36,buy,0.8,0.8,,,
770,336429137,2024-12-23 19:10:35,2,0.044,0.04439923,57.69,BTC-31JAN25-102000-C,93162.75,buy,0.6,0.6,,,
771,336437819,2024-12-23 19:52:53,2,0.0425,0.04305839,57.35,BTC-31JAN25-102000-C,92887.41,sell,0.1,0.1,,,
772,336438267,2024-12-23 19:55:04,3,0.0425,0.04322643,57.24,BTC-31JAN25-102000-C,92921.7,sell,0.1,0.1,,,
773,336438366,2024-12-23 19:55:24,3,0.0425,0.04312411,57.32,BTC-31JAN25-102000-C,92893.12,sell,0.1,0.1,,,
774,336438723,2024-12-23 19:57:02,3,0.0425,0.04324963,57.15,BTC-31JAN25-102000-C,92936.29,sell,0.1,0.1,,,
775,336439499,2024-12-23 19:58:30,3,0.0425,0.04306689,57.3,BTC-31JAN25-102000-C,92873.11,sell,0.1,0.1,,,
776,336440116,2024-12-23 20:00:26,3,0.0425,0.04315574,57.25,BTC-31JAN25-102000-C,92856.21,sell,0.1,0.1,,,
777,336440318,2024-12-23 20:01:13,3,0.0425,0.04303408,57.33,BTC-31JAN25-102000-C,92833.41,sell,0.1,0.1,,,
778,336441103,2024-12-23 20:03:30,0,0.043,0.04337044,57.44,BTC-31JAN25-102000-C,92922.41,buy,0.1,0.1,,,
779,336487817,2024-12-23 23:00:02,0,0.0515,0.05147247,58.04,BTC-31JAN25-102000-C,95040.11,buy,0.1,0.1,,,
780,336487914,2024-12-23 23:00:14,2,0.051,0.05187086,57.35,BTC-31JAN25-102000-C,95139.25,sell,0.1,0.1,,,
781,336488098,2024-12-23 23:00:36,0,0.0515,0.05211319,57.54,BTC-31JAN25-102000-C,95207.49,sell,0.1,0.1,,,
782,336493980,2024-12-23 23:13:13,0,0.052,0.05203024,57.93,BTC-31JAN25-102000-C,95214.05,buy,0.6,0.6,,,
783,336556219,2024-12-24 05:32:50,2,0.05,0.0496094,59.08,BTC-31JAN25-102000-C,94491.47,buy,2.0,2.0,,,
784,336556220,2024-12-24 05:32:50,3,0.05,0.0496094,59.08,BTC-31JAN25-102000-C,94491.47,buy,4.0,4.0,,,
785,336589960,2024-12-24 10:53:09,2,0.047,0.04759509,58.78,BTC-31JAN25-102000-C,93891.15,sell,0.3,0.3,,,
786,336650950,2024-12-24 14:49:30,0,0.0595,0.05931819,59.25,BTC-31JAN25-102000-C,96922.69,sell,0.1,0.1,,,
787,336658363,2024-12-24 15:07:07,0,0.06,0.06098553,58.2,BTC-31JAN25-102000-C,97350.83,sell,0.1,0.1,,,
788,336660484,2024-12-24 15:13:11,0,0.062,0.06184492,58.99,BTC-31JAN25-102000-C,97603.47,sell,0.1,0.1,,,
789,336688757,2024-12-24 16:27:40,0,0.0655,0.06540508,59.36,BTC-31JAN25-102000-C,98326.62,buy,0.1,0.1,,,
790,336691241,2024-12-24 16:36:06,2,0.0645,0.06473346,59.45,BTC-31JAN25-102000-C,98033.39,sell,2.0,2.0,,,
791,336711373,2024-12-24 17:47:36,0,0.0665,0.06666016,58.84,BTC-31JAN25-102000-C,98704.52,buy,0.3,0.3,,,
792,336734763,2024-12-24 19:33:46,2,0.065,0.06484904,59.36,BTC-31JAN25-102000-C,98274.34,sell,0.1,0.1,,,
793,336787760,2024-12-25 03:31:06,2,0.0625,0.06240115,58.67,BTC-31JAN25-102000-C,98087.67,sell,0.2,0.2,,,
794,336794415,2024-12-25 05:00:08,0,0.063,0.06263048,58.71,BTC-31JAN25-102000-C,98164.57,sell,0.1,0.1,,,
795,336807524,2024-12-25 08:06:38,2,0.0615,0.06138471,58.42,BTC-31JAN25-102000-C,97918.58,sell,1.0,1.0,,,
796,336807578,2024-12-25 08:06:48,3,0.0615,0.06132886,58.47,BTC-31JAN25-102000-C,97904.31,sell,0.1,0.1,,,
797,336807675,2024-12-25 08:07:21,3,0.0615,0.06131999,58.48,BTC-31JAN25-102000-C,97894.67,sell,0.4,0.4,,,
798,336807684,2024-12-25 08:07:22,3,0.0615,0.06131999,58.48,BTC-31JAN25-102000-C,97894.67,sell,0.5,0.5,,,
799,336886539,2024-12-25 19:03:31,0,0.0645,0.06457053,58.49,BTC-31JAN25-102000-C,98678.16,buy,0.1,0.1,,,
800,336893693,2024-12-25 20:43:21,0,0.0655,0.06543063,58.73,BTC-31JAN25-102000-C,98896.43,sell,0.3,0.3,,,
801,336913500,2024-12-25 23:36:08,0,0.0665,0.06649686,58.33,BTC-31JAN25-102000-C,99159.88,sell,0.1,0.1,,,
802,336962417,2024-12-26 05:58:10,2,0.062,0.06188793,58.05,BTC-31JAN25-102000-C,98318.97,sell,0.1,0.1,,,
803,336962431,2024-12-26 05:58:26,3,0.062,0.06187828,58.05,BTC-31JAN25-102000-C,98318.82,sell,0.1,0.1,,,
804,336989906,2024-12-26 08:17:21,2,0.0535,0.05375576,57.54,BTC-31JAN25-102000-C,96468.75,buy,0.5,0.5,,,
805,337038843,2024-12-26 11:07:44,2,0.0515,0.0512261,59.03,BTC-31JAN25-102000-C,95611.12,buy,1.0,1.0,,,
806,337038844,2024-12-26 11:07:44,3,0.0515,0.0512261,59.03,BTC-31JAN25-102000-C,95611.12,sell,1.2,1.2,,,
807,337038845,2024-12-26 11:07:44,3,0.0515,0.0512261,59.03,BTC-31JAN25-102000-C,95611.12,sell,2.8,2.8,,,
808,337042968,2024-12-26 11:37:46,0,0.0525,0.05227609,58.99,BTC-31JAN25-102000-C,95905.44,buy,1.1,1.1,,,
809,337044821,2024-12-26 11:58:08,2,0.051,0.05136908,58.83,BTC-31JAN25-102000-C,95561.41,sell,0.1,0.1,,,
810,337044822,2024-12-26 11:58:08,3,0.051,0.05136908,58.83,BTC-31JAN25-102000-C,95561.41,sell,0.1,0.1,,,
811,337140850,2024-12-26 17:59:16,3,0.051,0.05119003,58.89,BTC-31JAN25-102000-C,95722.59,sell,1.3,1.3,,,
812,337145446,2024-12-26 18:15:15,2,0.05,0.05056812,58.66,BTC-31JAN25-102000-C,95529.62,sell,0.1,0.1,,,
813,337146315,2024-12-26 18:18:24,0,0.0505,0.05080432,58.9,BTC-31JAN25-102000-C,95594.72,sell,0.1,0.1,,,
814,337146642,2024-12-26 18:20:01,1,0.0505,0.05083146,58.91,BTC-31JAN25-102000-C,95590.54,sell,0.1,0.1,,,
815,337147856,2024-12-26 18:25:15,0,0.051,0.05134239,58.92,BTC-31JAN25-102000-C,95711.06,sell,0.1,0.1,,,
816,337148114,2024-12-26 18:26:15,1,0.051,0.05168476,58.63,BTC-31JAN25-102000-C,95803.81,sell,0.1,0.1,,,
817,337168467,2024-12-26 19:44:17,0,0.0515,0.05131064,59.43,BTC-31JAN25-102000-C,95746.11,buy,0.5,0.5,,,
818,337168808,2024-12-26 19:45:58,1,0.0515,0.05132788,59.41,BTC-31JAN25-102000-C,95746.35,buy,0.2,0.2,,,
819,337168821,2024-12-26 19:46:03,1,0.0515,0.05135638,59.42,BTC-31JAN25-102000-C,95742.75,buy,0.2,0.2,,,
820,337210332,2024-12-26 23:01:34,2,0.051,0.05091314,59.52,BTC-31JAN25-102000-C,95614.71,buy,1.0,1.0,,,
821,337233169,2024-12-27 00:43:03,3,0.051,0.05144893,59.42,BTC-31JAN25-102000-C,95671.64,sell,0.2,0.2,,,
822,337233180,2024-12-27 00:43:03,2,0.0505,0.05144893,59.01,BTC-31JAN25-102000-C,95671.64,sell,0.2,0.2,,,
823,337233181,2024-12-27 00:43:03,3,0.0505,0.05144893,59.01,BTC-31JAN25-102000-C,95671.64,sell,0.2,0.2,,,
824,337233189,2024-12-27 00:43:05,0,0.0515,0.05142343,59.87,BTC-31JAN25-102000-C,95661.3,buy,5.0,5.0,,,
825,337245470,2024-12-27 01:42:44,0,0.0525,0.05258795,59.49,BTC-31JAN25-102000-C,96040.21,buy,0.2,0.2,,,
826,337245499,2024-12-27 01:42:47,1,0.0525,0.05267837,59.38,BTC-31JAN25-102000-C,96073.78,buy,0.2,0.2,,,
827,337246193,2024-12-27 01:44:48,2,0.052,0.0525966,59.06,BTC-31JAN25-102000-C,96050.9,sell,0.1,0.1,,,
828,337251921,2024-12-27 02:08:04,0,0.0525,0.0525898,59.12,BTC-31JAN25-102000-C,96139.76,buy,0.2,0.2,,,
829,337252019,2024-12-27 02:08:14,1,0.0525,0.05291636,58.89,BTC-31JAN25-102000-C,96211.53,buy,0.2,0.2,,,
830,337253854,2024-12-27 02:15:21,2,0.052,0.05266114,58.67,BTC-31JAN25-102000-C,96158.86,sell,0.1,0.1,,,
831,337255978,2024-12-27 02:24:32,0,0.0525,0.05259198,59.08,BTC-31JAN25-102000-C,96177.46,buy,0.2,0.2,,,
832,337256006,2024-12-27 02:24:40,1,0.0525,0.05273144,58.97,BTC-31JAN25-102000-C,96194.76,buy,0.2,0.2,,,
833,337312201,2024-12-27 06:26:31,0,0.0535,0.053948,59.84,BTC-31JAN25-102000-C,96176.81,sell,0.5,0.5,,,
834,337356116,2024-12-27 07:51:47,2,0.0485,0.04936524,59.45,BTC-31JAN25-102000-C,94984.13,sell,0.1,0.1,,,
835,337356619,2024-12-27 07:52:11,0,0.049,0.04948419,59.74,BTC-31JAN25-102000-C,95021.17,sell,0.1,0.1,,,
836,337365881,2024-12-27 08:01:06,0,0.05,0.05076555,59.58,BTC-31JAN25-102000-C,95323.85,sell,0.1,0.1,,,
837,337384820,2024-12-27 08:37:30,0,0.0535,0.05331898,59.87,BTC-31JAN25-102000-C,96123.84,buy,0.1,0.1,,,
838,337417363,2024-12-27 09:48:31,0,0.055,0.05513986,59.11,BTC-31JAN25-102000-C,96783.41,buy,0.1,0.1,,,
839,337417451,2024-12-27 09:49:27,2,0.0545,0.05521611,58.69,BTC-31JAN25-102000-C,96784.99,sell,0.4,0.4,,,
840,337417465,2024-12-27 09:49:41,3,0.0545,0.05511343,58.71,BTC-31JAN25-102000-C,96779.38,sell,0.2,0.2,,,
841,337438112,2024-12-27 11:52:01,2,0.053,0.0535966,57.82,BTC-31JAN25-102000-C,96696.28,sell,0.1,0.1,,,
842,337452064,2024-12-27 13:39:17,2,0.0515,0.05179242,58.07,BTC-31JAN25-102000-C,96321.15,buy,0.6,0.6,,,
843,337452749,2024-12-27 13:44:47,3,0.0515,0.05185704,57.96,BTC-31JAN25-102000-C,96343.05,buy,0.5,0.5,,,
844,337453084,2024-12-27 13:47:03,3,0.0515,0.05175087,58.03,BTC-31JAN25-102000-C,96340.24,buy,0.5,0.5,,,
845,337453106,2024-12-27 13:47:37,0,0.052,0.05189822,58.28,BTC-31JAN25-102000-C,96386.86,buy,0.7,0.7,,,
846,337453263,2024-12-27 13:48:38,2,0.0515,0.05196303,57.85,BTC-31JAN25-102000-C,96386.06,buy,0.6,0.6,,,
847,337460592,2024-12-27 14:32:44,2,0.05,0.05019842,57.82,BTC-31JAN25-102000-C,96047.66,buy,0.1,0.1,,,
848,337461979,2024-12-27 14:35:05,2,0.0495,0.04941951,58.04,BTC-31JAN25-102000-C,95826.73,buy,0.2,0.2,,,
849,337485521,2024-12-27 15:34:10,2,0.0445,0.04406821,59.11,BTC-31JAN25-102000-C,94188.38,buy,0.2,0.2,,,
850,337485523,2024-12-27 15:34:10,3,0.0445,0.04406821,59.11,BTC-31JAN25-102000-C,94188.38,buy,0.8,0.8,,,
851,337492170,2024-12-27 15:43:07,2,0.044,0.04378908,59.24,BTC-31JAN25-102000-C,93950.67,sell,0.9,0.9,,,
852,337495801,2024-12-27 15:54:55,0,0.045,0.04551876,58.91,BTC-31JAN25-102000-C,94361.53,sell,0.1,0.1,,,
853,337516346,2024-12-27 17:26:11,2,0.042,0.04178404,59.49,BTC-31JAN25-102000-C,93400.44,buy,1.6,1.6,,,
854,337518885,2024-12-27 17:33:30,0,0.043,0.0431055,59.09,BTC-31JAN25-102000-C,93832.66,buy,0.5,0.5,,,
855,337547097,2024-12-27 21:46:30,0,0.0455,0.04525913,59.36,BTC-31JAN25-102000-C,94439.18,buy,0.6,0.6,,,
856,337547098,2024-12-27 21:46:30,1,0.0455,0.04525913,59.36,BTC-31JAN25-102000-C,94439.18,buy,0.2,0.2,,,
857,337547778,2024-12-27 21:54:55,1,0.0455,0.04525826,59.48,BTC-31JAN25-102000-C,94394.32,buy,0.2,0.2,,,
858,337553293,2024-12-27 22:56:11,2,0.045,0.04510221,59.42,BTC-31JAN25-102000-C,94320.99,buy,0.1,0.1,,,
859,337610313,2024-12-28 15:31:22,2,0.0445,0.04435457,58.88,BTC-31JAN25-102000-C,94596.66,buy,0.3,0.3,,,
860,337610314,2024-12-28 15:31:22,3,0.0445,0.04435457,58.88,BTC-31JAN25-102000-C,94596.66,sell,0.7,0.7,,,
861,337646345,2024-12-29 07:28:35,0,0.046,0.04570393,59.63,BTC-31JAN25-102000-C,94951.32,sell,0.1,0.1,,,
862,337668927,2024-12-29 15:13:55,2,0.043,0.04354014,59.21,BTC-31JAN25-102000-C,94336.16,sell,0.1,0.1,,,
863,337700821,2024-12-29 22:31:16,2,0.0395,0.03954465,59.6,BTC-31JAN25-102000-C,93270.47,buy,0.1,0.1,,,
864,337708340,2024-12-29 23:49:43,0,0.0401,0.04076232,58.92,BTC-31JAN25-102000-C,93648.73,sell,25.0,25.0,175211,BTC-RR-31JAN25-94000_102000,
865,337715881,2024-12-30 01:31:30,2,0.04,0.04066736,58.81,BTC-31JAN25-102000-C,93666.51,sell,0.2,0.2,,,
866,337727843,2024-12-30 03:13:59,0,0.041,0.0404341,59.39,BTC-31JAN25-102000-C,93797.66,buy,0.1,0.1,,,
867,337729240,2024-12-30 03:32:02,2,0.04,0.03976674,59.14,BTC-31JAN25-102000-C,93614.33,sell,0.1,0.1,,,
868,337740488,2024-12-30 05:38:05,2,0.038,0.03828677,58.79,BTC-31JAN25-102000-C,93111.14,buy,0.2,0.2,,,
869,337747226,2024-12-30 07:21:33,0,0.04,0.03935522,59.38,BTC-31JAN25-102000-C,93553.54,buy,0.1,0.1,,,
870,337751865,2024-12-30 08:01:31,2,0.0393,0.03979461,58.52,BTC-31JAN25-102000-C,93631.76,buy,12.5,12.5,175232,BTC-CDIAG-28FEB25_31JAN25-114000_102000,
871,337753184,2024-12-30 08:17:30,2,0.039,0.03939473,58.33,BTC-31JAN25-102000-C,93627.62,sell,0.6,0.6,,,
872,337753396,2024-12-30 08:22:23,0,0.0395,0.03925075,58.8,BTC-31JAN25-102000-C,93627.61,buy,0.1,0.1,,,
873,337754418,2024-12-30 08:42:06,2,0.039,0.03929772,58.28,BTC-31JAN25-102000-C,93665.5,sell,0.6,0.6,,,
874,337760919,2024-12-30 11:04:07,2,0.0385,0.03876706,58.54,BTC-31JAN25-102000-C,93472.04,sell,0.1,0.1,,,
875,337760942,2024-12-30 11:04:18,3,0.0385,0.03871439,58.59,BTC-31JAN25-102000-C,93454.7,sell,0.1,0.1,,,
876,337760946,2024-12-30 11:04:24,3,0.0385,0.03874259,58.57,BTC-31JAN25-102000-C,93457.84,sell,0.1,0.1,,,
877,337760953,2024-12-30 11:04:53,3,0.0385,0.03877825,58.56,BTC-31JAN25-102000-C,93458.42,sell,0.1,0.1,,,
878,337762164,2024-12-30 11:16:29,2,0.038,0.03832428,58.53,BTC-31JAN25-102000-C,93320.74,sell,0.1,0.1,,,
879,337762166,2024-12-30 11:16:37,3,0.038,0.0383318,58.53,BTC-31JAN25-102000-C,93321.64,sell,0.1,0.1,,,
880,337762231,2024-12-30 11:16:54,3,0.038,0.03843481,58.44,BTC-31JAN25-102000-C,93344.59,sell,0.1,0.1,,,
881,337762236,2024-12-30 11:17:07,3,0.038,0.03841625,58.46,BTC-31JAN25-102000-C,93335.5,sell,0.1,0.1,,,
882,337762242,2024-12-30 11:17:17,3,0.038,0.03843272,58.43,BTC-31JAN25-102000-C,93343.66,sell,0.1,0.1,,,
883,337762251,2024-12-30 11:17:30,3,0.038,0.03840762,58.47,BTC-31JAN25-102000-C,93328.32,sell,0.1,0.1,,,
884,337785691,2024-12-30 14:06:39,2,0.036,0.036083,59.22,BTC-31JAN25-102000-C,92535.92,buy,0.2,0.2,,,
885,337796609,2024-12-30 14:40:34,2,0.035,0.0349789,59.25,BTC-31JAN25-102000-C,92231.89,buy,0.2,0.2,,,
886,337799816,2024-12-30 14:52:29,2,0.0346,0.03460674,59.18,BTC-31JAN25-102000-C,92145.93,sell,12.5,12.5,175260,BTC-CDIAG-28FEB25_31JAN25-118000_102000,
887,337800438,2024-12-30 14:56:09,2,0.0339,0.03412708,58.96,BTC-31JAN25-102000-C,92005.45,sell,25.0,25.0,175261,BTC-CDIAG-28FEB25_31JAN25-114000_102000,
888,337803302,2024-12-30 15:00:09,2,0.033,0.03291749,59.34,BTC-31JAN25-102000-C,91593.66,sell,1.0,1.0,,,
889,337811461,2024-12-30 15:20:30,2,0.0324,0.03251795,59.26,BTC-31JAN25-102000-C,91447.57,sell,12.5,12.5,175267,BTC-CDIAG-28FEB25_31JAN25-118000_102000,
890,337812333,2024-12-30 15:22:24,0,0.0325,0.03256869,59.35,BTC-31JAN25-102000-C,91451.27,buy,0.2,0.2,,,
891,337812334,2024-12-30 15:22:24,1,0.0325,0.03256869,59.35,BTC-31JAN25-102000-C,91451.27,buy,0.3,0.3,,,
892,337824324,2024-12-30 16:00:06,0,0.0345,0.03401043,59.95,BTC-31JAN25-102000-C,91911.75,buy,0.7,0.7,,,
893,337824325,2024-12-30 16:00:06,1,0.0345,0.03401043,59.95,BTC-31JAN25-102000-C,91911.75,buy,1.3,1.3,,,
894,337841690,2024-12-30 17:42:13,0,0.038,0.03793413,59.33,BTC-31JAN25-102000-C,93189.86,sell,1.6,1.6,,,
895,337896046,2024-12-30 21:30:51,0,0.04,0.03979126,59.93,BTC-31JAN25-102000-C,93587.43,sell,4.5,4.5,,,
896,337896047,2024-12-30 21:30:51,1,0.04,0.03979126,59.93,BTC-31JAN25-102000-C,93587.43,sell,0.5,0.5,,,
897,337901876,2024-12-30 21:40:54,2,0.0355,0.03520902,60.03,BTC-31JAN25-102000-C,92212.18,buy,0.2,0.2,,,
898,337925891,2024-12-30 23:00:05,0,0.036,0.03649175,59.25,BTC-31JAN25-102000-C,92597.76,sell,0.1,0.1,,,
899,337944517,2024-12-31 02:07:24,2,0.0345,0.03475513,59.01,BTC-31JAN25-102000-C,92263.72,buy,0.2,0.2,,,
900,337948493,2024-12-31 03:15:51,3,0.0345,0.03422834,59.27,BTC-31JAN25-102000-C,92206.01,buy,0.2,0.2,,,
901,337971886,2024-12-31 08:06:12,0,0.036,0.03632561,59.22,BTC-31JAN25-102000-C,92747.37,buy,0.1,0.1,,,
902,337988203,2024-12-31 08:54:47,0,0.0405,0.0406388,59.82,BTC-31JAN25-102000-C,93857.47,buy,2.0,2.0,,,
903,338018449,2024-12-31 13:24:11,0,0.0455,0.04535249,59.9,BTC-31JAN25-102000-C,95224.04,buy,0.6,0.6,,,
904,338018450,2024-12-31 13:24:11,1,0.0455,0.04535249,59.9,BTC-31JAN25-102000-C,95224.04,sell,1.4,1.4,,,
905,338020099,2024-12-31 13:28:37,0,0.047,0.04685123,59.65,BTC-31JAN25-102000-C,95690.73,buy,1.0,1.0,,,
906,338042683,2024-12-31 14:41:39,2,0.0465,0.04624725,60.23,BTC-31JAN25-102000-C,95450.45,sell,0.2,0.2,,,
907,338043973,2024-12-31 14:47:26,3,0.0465,0.04700728,59.58,BTC-31JAN25-102000-C,95645.81,sell,0.1,0.1,,,
908,338055073,2024-12-31 15:30:17,2,0.045,0.04589917,58.85,BTC-31JAN25-102000-C,95449.67,sell,0.1,0.1,,,
909,338069070,2024-12-31 16:32:38,2,0.042,0.0424288,59.29,BTC-31JAN25-102000-C,94534.82,sell,0.1,0.1,,,
910,338071200,2024-12-31 16:43:05,3,0.042,0.04265278,59.01,BTC-31JAN25-102000-C,94609.0,sell,1.5,1.5,,,
911,338071201,2024-12-31 16:43:05,3,0.042,0.04265278,59.01,BTC-31JAN25-102000-C,94609.0,sell,3.0,3.0,,,
912,338123218,2025-01-01 02:07:57,2,0.0375,0.03772618,58.93,BTC-31JAN25-102000-C,93517.87,buy,0.1,0.1,,,
913,338130678,2025-01-01 05:07:10,2,0.037,0.03706925,58.8,BTC-31JAN25-102000-C,93394.95,buy,0.1,0.1,,,
914,338137971,2025-01-01 08:06:36,3,0.037,0.03701606,58.62,BTC-31JAN25-102000-C,93485.26,buy,0.2,0.2,,,
915,338139219,2025-01-01 08:27:25,2,0.036,0.03598117,58.45,BTC-31JAN25-102000-C,93230.11,buy,0.7,0.7,,,
916,338148476,2025-01-01 10:51:52,3,0.036,0.03629734,58.85,BTC-31JAN25-102000-C,93134.48,sell,0.1,0.1,,,
917,338148478,2025-01-01 10:51:59,3,0.036,0.03630514,58.85,BTC-31JAN25-102000-C,93134.47,sell,0.1,0.1,,,
918,338148479,2025-01-01 10:52:04,3,0.036,0.03630932,58.85,BTC-31JAN25-102000-C,93133.71,sell,0.1,0.1,,,
919,338148480,2025-01-01 10:52:08,3,0.036,0.03630758,58.85,BTC-31JAN25-102000-C,93133.34,sell,0.1,0.1,,,
920,338148481,2025-01-01 10:52:16,3,0.036,0.03631283,58.85,BTC-31JAN25-102000-C,93133.79,sell,0.1,0.1,,,
921,338149215,2025-01-01 11:07:35,2,0.0355,0.03613367,58.69,BTC-31JAN25-102000-C,93027.9,sell,0.1,0.1,,,
922,338149230,2025-01-01 11:07:41,0,0.036,0.03619619,59.09,BTC-31JAN25-102000-C,93049.65,sell,0.1,0.1,,,
923,338149244,2025-01-01 11:07:51,1,0.036,0.03636829,58.94,BTC-31JAN25-102000-C,93093.5,sell,0.1,0.1,,,
924,338149281,2025-01-01 11:08:56,1,0.036,0.03650563,58.83,BTC-31JAN25-102000-C,93129.14,sell,0.1,0.1,,,
925,338149282,2025-01-01 11:09:01,1,0.036,0.03650124,58.83,BTC-31JAN25-102000-C,93128.35,sell,0.1,0.1,,,
926,338150756,2025-01-01 11:48:43,0,0.037,0.0372092,59.13,BTC-31JAN25-102000-C,93361.72,buy,0.7,0.7,,,
927,338159179,2025-01-01 14:29:26,0,0.0385,0.0385656,59.23,BTC-31JAN25-102000-C,93741.43,buy,0.1,0.1,,,
928,338163815,2025-01-01 15:51:25,0,0.0395,0.0394951,59.08,BTC-31JAN25-102000-C,94090.34,buy,0.1,0.1,,,
929,338166668,2025-01-01 17:00:41,2,0.0385,0.03866033,58.83,BTC-31JAN25-102000-C,93879.33,buy,0.1,0.1,,,
930,338168064,2025-01-01 17:23:22,2,0.038,0.03800426,59.0,BTC-31JAN25-102000-C,93696.8,buy,0.1,0.1,,,
931,338171196,2025-01-01 18:57:23,0,0.039,0.0390854,58.99,BTC-31JAN25-102000-C,94003.94,buy,0.1,0.1,,,
932,338177922,2025-01-01 20:08:00,0,0.0415,0.04129586,59.61,BTC-31JAN25-102000-C,94522.84,sell,0.1,0.1,,,
933,338187868,2025-01-01 22:20:15,1,0.0415,0.04178465,59.48,BTC-31JAN25-102000-C,94568.74,sell,0.2,0.2,,,
934,338194992,2025-01-02 00:20:40,2,0.041,0.04089983,60.34,BTC-31JAN25-102000-C,94242.17,buy,0.1,0.1,,,
935,338240485,2025-01-02 07:53:23,0,0.045,0.04527027,59.7,BTC-31JAN25-102000-C,95572.22,sell,1.0,1.0,,,
936,338244755,2025-01-02 08:19:43,0,0.046,0.04563013,60.11,BTC-31JAN25-102000-C,95687.75,buy,0.1,0.1,,,
937,338254591,2025-01-02 09:34:06,0,0.0475,0.04742147,59.24,BTC-31JAN25-102000-C,96328.27,buy,4.8,4.8,,,
938,338255959,2025-01-02 09:45:37,2,0.047,0.04685832,59.25,BTC-31JAN25-102000-C,96199.52,buy,4.8,4.8,,,
939,338256473,2025-01-02 09:50:24,3,0.047,0.04694281,59.15,BTC-31JAN25-102000-C,96207.85,buy,4.8,4.8,,,
