trade_seq,trade_id,timestamp,tick_direction,price,mark_price,iv,instrument_name,index_price,direction,contracts,amount,combo_id,block_trade_id,combo_trade_id,liquidation
1,294426056,2024-03-28 11:05:28,1,0.312,0.30450462,84.3,BTC-28MAR25-85000-C,70661.32,buy,0.1,0.1,,,,
2,294481829,2024-03-28 16:07:28,2,0.305,0.30491481,82.24,BTC-28MAR25-85000-C,70895.33,sell,0.1,0.1,,,,
3,294584801,2024-03-29 08:52:06,2,0.2965,0.29972709,81.22,BTC-28MAR25-85000-C,70045.27,sell,0.1,0.1,,,,
4,294643809,2024-03-29 15:42:51,0,0.3045,0.2951692,84.01,BTC-28MAR25-85000-C,69390.08,buy,0.1,0.1,,,,
5,294772201,2024-03-31 15:23:32,0,0.3095,0.31178393,83.63,BTC-28MAR25-85000-C,70379.73,sell,0.4,0.4,,,,
6,294778088,2024-03-31 17:56:15,0,0.3125,0.30504845,84.46,BTC-28MAR25-85000-C,70506.85,buy,0.3,0.3,,,,
7,295103018,2024-04-02 11:27:08,2,0.2795,0.27748517,83.46,BTC-28MAR25-85000-C,65311.2,sell,0.1,0.1,,,,
8,295148822,2024-04-02 14:45:17,0,0.283,0.28206003,83.08,BTC-28MAR25-85000-C,66156.56,sell,1.0,1.0,,,,
9,295503511,2024-04-04 23:04:23,0,0.287,0.28407666,82.46,BTC-28MAR25-85000-C,68074.09,sell,2.0,2.0,,,,
10,295792096,2024-04-07 18:54:09,1,0.287,0.28748052,81.91,BTC-28MAR25-85000-C,69421.92,buy,1.0,1.0,,,,
11,295885214,2024-04-08 09:55:57,0,0.301,0.30403163,81.26,BTC-28MAR25-85000-C,72073.95,sell,0.1,0.1,,,,
12,295920954,2024-04-08 12:13:40,0,0.306,0.30698795,81.71,BTC-28MAR25-85000-C,72588.58,sell,0.1,0.1,,,,
13,295934182,2024-04-08 13:34:55,2,0.303,0.30290401,81.6,BTC-28MAR25-85000-C,71980.28,buy,0.1,0.1,,,,
14,295939617,2024-04-08 13:54:56,2,0.3025,0.30264517,81.51,BTC-28MAR25-85000-C,72016.79,buy,0.1,0.1,,,,
15,295976938,2024-04-08 18:32:30,2,0.295,0.29898481,79.83,BTC-28MAR25-85000-C,71902.22,sell,0.3,0.3,,,,
16,296354454,2024-04-11 05:21:53,2,0.286,0.28763063,80.5,BTC-28MAR25-85000-C,70480.12,sell,1.0,1.0,BTC-STRG-28MAR25-75000_85000,,296354452,
17,296354503,2024-04-11 05:23:35,0,0.2863,0.28794898,80.51,BTC-28MAR25-85000-C,70521.77,sell,0.3,0.3,BTC-STRG-28MAR25-75000_85000,,296354502,
18,296466296,2024-04-11 20:46:42,2,0.2785,0.28192414,78.67,BTC-28MAR25-85000-C,70573.62,sell,4.0,4.0,,,,
19,296466297,2024-04-11 20:46:42,3,0.2785,0.28192414,78.67,BTC-28MAR25-85000-C,70573.62,buy,1.0,1.0,,,,
20,296504668,2024-04-12 05:53:30,0,0.2806,0.28104146,78.78,BTC-28MAR25-85000-C,71014.45,sell,1.0,1.0,BTC-STRG-28MAR25-80000_85000,,296504666,
21,296504693,2024-04-12 05:54:12,2,0.2805,0.28101385,78.76,BTC-28MAR25-85000-C,71024.14,sell,1.0,1.0,BTC-STRG-28MAR25-80000_85000,,296504691,
22,296504713,2024-04-12 05:55:26,3,0.2805,0.2810172,78.76,BTC-28MAR25-85000-C,71030.96,sell,0.4,0.4,BTC-STRG-28MAR25-80000_85000,,296504711,
23,296640206,2024-04-12 18:39:07,2,0.252,0.25024122,79.49,BTC-28MAR25-85000-C,65971.93,buy,0.1,0.1,,,,
24,296641581,2024-04-12 18:40:13,2,0.251,0.25141068,78.93,BTC-28MAR25-85000-C,66051.71,buy,0.1,0.1,,,,
25,296649867,2024-04-12 18:51:01,0,0.256,0.25593798,80.14,BTC-28MAR25-85000-C,66386.34,sell,0.1,0.1,,,,
26,296650134,2024-04-12 18:51:28,0,0.257,0.25637287,80.29,BTC-28MAR25-85000-C,66491.35,sell,0.1,0.1,,,,
27,296695907,2024-04-12 23:47:36,2,0.25,0.25383397,76.69,BTC-28MAR25-85000-C,67163.09,buy,0.5,0.5,,,,
28,296696205,2024-04-12 23:52:56,0,0.2645,0.26061039,80.4,BTC-28MAR25-85000-C,67237.39,buy,0.5,0.5,,,,
29,296924947,2024-04-13 21:44:29,2,0.23,0.23785677,79.29,BTC-28MAR25-85000-C,62350.05,sell,0.1,0.1,,,,
30,297040135,2024-04-14 04:06:44,0,0.2515,0.24352783,83.14,BTC-28MAR25-85000-C,63586.34,buy,0.1,0.1,,,,
31,297312634,2024-04-15 11:45:04,0,0.2575,0.25763173,80.97,BTC-28MAR25-85000-C,66045.24,sell,0.1,0.1,,,,
32,297320676,2024-04-15 13:07:46,2,0.254,0.25470767,80.07,BTC-28MAR25-85000-C,66086.36,buy,5.0,5.0,,,,
33,297320678,2024-04-15 13:07:46,3,0.254,0.25470767,80.07,BTC-28MAR25-85000-C,66086.5,buy,0.1,0.1,,,,
34,297320679,2024-04-15 13:07:47,3,0.254,0.25470605,80.06,BTC-28MAR25-85000-C,66094.49,buy,0.1,0.1,,,,
35,297320694,2024-04-15 13:07:57,3,0.254,0.25475317,80.04,BTC-28MAR25-85000-C,66101.81,buy,0.1,0.1,,,,
36,297320714,2024-04-15 13:07:58,3,0.254,0.25475317,80.04,BTC-28MAR25-85000-C,66105.47,buy,0.1,0.1,,,,
37,297320730,2024-04-15 13:07:58,3,0.254,0.25473973,80.04,BTC-28MAR25-85000-C,66126.7,buy,0.1,0.1,,,,
38,297320735,2024-04-15 13:07:59,3,0.254,0.25475198,80.02,BTC-28MAR25-85000-C,66142.62,buy,0.1,0.1,,,,
39,297320740,2024-04-15 13:08:01,3,0.254,0.25484204,79.99,BTC-28MAR25-85000-C,66146.27,buy,0.2,0.2,,,,
40,297320752,2024-04-15 13:08:07,3,0.254,0.25492074,79.97,BTC-28MAR25-85000-C,66166.41,buy,0.1,0.1,,,,
41,297321025,2024-04-15 13:09:53,2,0.2535,0.2544724,79.86,BTC-28MAR25-85000-C,66134.91,buy,0.1,0.1,,,,
42,297321027,2024-04-15 13:09:54,3,0.2535,0.25445381,79.87,BTC-28MAR25-85000-C,66136.56,buy,0.1,0.1,,,,
43,297321030,2024-04-15 13:10:01,3,0.2535,0.25442462,79.86,BTC-28MAR25-85000-C,66143.34,buy,0.1,0.1,,,,
44,297321035,2024-04-15 13:10:02,3,0.2535,0.25442462,79.86,BTC-28MAR25-85000-C,66143.34,buy,0.1,0.1,,,,
45,297321037,2024-04-15 13:10:02,3,0.2535,0.25442462,79.86,BTC-28MAR25-85000-C,66143.34,buy,0.1,0.1,,,,
46,297321041,2024-04-15 13:10:02,3,0.2535,0.25442462,79.86,BTC-28MAR25-85000-C,66152.46,buy,0.1,0.1,,,,
47,297321050,2024-04-15 13:10:07,3,0.2535,0.25453133,79.82,BTC-28MAR25-85000-C,66179.29,buy,0.1,0.1,,,,
48,297321051,2024-04-15 13:10:08,3,0.2535,0.25456161,79.81,BTC-28MAR25-85000-C,66185.32,buy,0.4,0.4,,,,
49,297321070,2024-04-15 13:10:25,2,0.253,0.25454104,79.68,BTC-28MAR25-85000-C,66187.32,buy,0.4,0.4,,,,
50,297321072,2024-04-15 13:10:27,3,0.253,0.25454195,79.67,BTC-28MAR25-85000-C,66190.05,buy,0.2,0.2,,,,
51,297321081,2024-04-15 13:10:40,3,0.253,0.25453488,79.66,BTC-28MAR25-85000-C,66195.59,buy,0.1,0.1,,,,
52,297321084,2024-04-15 13:10:55,2,0.2525,0.2544917,79.52,BTC-28MAR25-85000-C,66197.61,buy,0.6,0.6,,,,
53,297321086,2024-04-15 13:10:59,3,0.2525,0.25445842,79.53,BTC-28MAR25-85000-C,66192.5,buy,0.1,0.1,,,,
54,297321096,2024-04-15 13:11:04,3,0.2525,0.25443698,79.53,BTC-28MAR25-85000-C,66191.12,buy,0.1,0.1,,,,
55,297321117,2024-04-15 13:11:27,3,0.2525,0.25439134,79.51,BTC-28MAR25-85000-C,66207.59,buy,5.0,5.0,,,,
56,297321122,2024-04-15 13:11:27,3,0.2525,0.25439134,79.51,BTC-28MAR25-85000-C,66207.59,buy,15.9,15.9,,,,
57,297321356,2024-04-15 13:13:44,0,0.253,0.25480946,79.59,BTC-28MAR25-85000-C,66236.61,buy,1.0,1.0,,,,
58,297348481,2024-04-15 15:02:03,2,0.246,0.24516252,81.03,BTC-28MAR25-85000-C,63887.35,sell,0.9,0.9,,,,
59,297516242,2024-04-16 08:28:08,2,0.242,0.24284303,80.78,BTC-28MAR25-85000-C,63294.34,sell,0.3,0.3,,,,
60,297755242,2024-04-17 14:35:01,2,0.225,0.22468017,80.09,BTC-28MAR25-85000-C,60940.05,sell,1.0,1.0,,,,
61,297761861,2024-04-17 14:44:52,0,0.23,0.22686245,80.39,BTC-28MAR25-85000-C,61835.18,buy,0.1,0.1,,,,
62,297820190,2024-04-17 16:25:55,2,0.219,0.21922594,79.56,BTC-28MAR25-85000-C,60731.83,buy,0.1,0.1,,,,
63,297878323,2024-04-17 22:23:10,0,0.222,0.22222938,79.4,BTC-28MAR25-85000-C,61354.66,sell,1.0,1.0,,,,
64,297933905,2024-04-18 08:33:19,2,0.2195,0.21903704,78.83,BTC-28MAR25-85000-C,61352.2,buy,0.1,0.1,,,,
65,297958362,2024-04-18 11:33:08,0,0.229,0.22630116,79.02,BTC-28MAR25-85000-C,62905.02,buy,4.4,4.4,,,,
66,297994153,2024-04-18 14:20:48,0,0.232,0.23042895,78.94,BTC-28MAR25-85000-C,63583.88,sell,1.0,1.0,,,,
67,297994173,2024-04-18 14:20:54,1,0.232,0.23045411,78.94,BTC-28MAR25-85000-C,63566.07,sell,5.0,5.0,,,,
68,298022775,2024-04-18 17:24:53,2,0.2265,0.22726389,77.96,BTC-28MAR25-85000-C,63303.0,sell,0.1,0.1,,,,
69,298159641,2024-04-19 05:52:58,2,0.2175,0.21699022,77.64,BTC-28MAR25-85000-C,62165.77,sell,1.0,1.0,,,,
70,298159862,2024-04-19 05:54:54,2,0.216,0.21625809,77.44,BTC-28MAR25-85000-C,62025.07,sell,1.0,1.0,,,,
71,298160152,2024-04-19 05:56:46,3,0.216,0.2168052,77.31,BTC-28MAR25-85000-C,62127.59,sell,1.0,1.0,,,,
72,298210081,2024-04-19 07:44:57,0,0.2285,0.23101427,76.67,BTC-28MAR25-85000-C,64463.11,buy,5.0,5.0,,,,
73,298324482,2024-04-19 16:59:36,1,0.2285,0.22513443,78.13,BTC-28MAR25-85000-C,63994.76,buy,0.2,0.2,,,,
74,298324777,2024-04-19 17:01:35,0,0.229,0.22543579,78.18,BTC-28MAR25-85000-C,64054.34,buy,2.0,2.0,,,,
75,298721848,2024-04-23 01:11:35,0,0.2411,0.23934024,77.21,BTC-28MAR25-85000-C,67163.39,buy,200.0,200.0,BTC-CDIAG-28MAR25_28JUN24-85000_75000,138019,,
76,298838757,2024-04-24 03:28:50,2,0.2295,0.22613695,74.95,BTC-28MAR25-85000-C,66606.19,buy,0.2,0.2,,,,
77,298991234,2024-04-25 04:50:07,2,0.2135,0.21007412,74.14,BTC-28MAR25-85000-C,64321.62,buy,0.1,0.1,,,,
78,299205648,2024-04-26 15:22:50,2,0.1905,0.19369156,69.91,BTC-28MAR25-85000-C,63662.81,sell,4.0,4.0,,,,
79,299207837,2024-04-26 15:29:17,3,0.1905,0.19020729,70.29,BTC-28MAR25-85000-C,63418.53,buy,0.9,0.9,,,,
80,299292885,2024-04-27 08:54:36,0,0.1915,0.18835818,71.35,BTC-28MAR25-85000-C,63006.74,buy,0.1,0.1,,,,
81,299422123,2024-04-29 04:07:16,2,0.185,0.18603033,70.78,BTC-28MAR25-85000-C,62380.33,sell,1.0,1.0,,,,
82,299560071,2024-04-30 07:53:59,2,0.183,0.17933237,69.5,BTC-28MAR25-85000-C,63161.99,buy,0.1,0.1,,,,
83,299594445,2024-04-30 10:54:31,2,0.1675,0.16676957,67.69,BTC-28MAR25-85000-C,61665.4,buy,0.5,0.5,,,,
84,299854319,2024-05-01 08:56:39,2,0.146,0.1442106,69.23,BTC-28MAR25-85000-C,57030.75,sell,1.0,1.0,,,,
85,299939227,2024-05-01 17:15:08,0,0.1465,0.14629505,69.35,BTC-28MAR25-85000-C,56657.99,sell,0.5,0.5,,,,
86,300365527,2024-05-03 22:39:35,0,0.169,0.17104816,66.59,BTC-28MAR25-85000-C,62959.66,sell,4.0,4.0,,,,
87,300376251,2024-05-04 01:02:00,2,0.1685,0.17166968,66.16,BTC-28MAR25-85000-C,63032.37,sell,1.0,1.0,,,,
88,300524589,2024-05-05 16:15:13,0,0.186,0.17938995,68.67,BTC-28MAR25-85000-C,64499.01,buy,0.1,0.1,,,,
89,300539032,2024-05-05 23:18:11,2,0.177,0.17942031,67.0,BTC-28MAR25-85000-C,63986.2,buy,5.2,5.2,,,,
90,301080101,2024-05-10 16:20:58,2,0.1565,0.15333919,66.1,BTC-28MAR25-85000-C,61171.51,buy,0.1,0.1,,,,
91,301606308,2024-05-15 17:39:34,0,0.188,0.18840503,69.11,BTC-28MAR25-85000-C,65104.53,buy,1.0,1.0,,,,
92,301692078,2024-05-16 05:19:57,2,0.187,0.18937245,67.44,BTC-28MAR25-85000-C,65878.39,sell,0.1,0.1,,,,
93,301739828,2024-05-16 12:30:18,0,0.1985,0.19765793,69.73,BTC-28MAR25-85000-C,66706.07,buy,3.0,3.0,,,,
94,301739843,2024-05-16 12:30:18,1,0.1985,0.19765793,69.73,BTC-28MAR25-85000-C,66706.07,buy,1.0,1.0,,,,
95,301868596,2024-05-17 08:35:24,0,0.199,0.1973991,70.26,BTC-28MAR25-85000-C,66124.79,buy,4.0,4.0,,,,
96,301939012,2024-05-17 16:59:21,0,0.2025,0.20427023,70.0,BTC-28MAR25-85000-C,66960.53,sell,0.1,0.1,,,,
97,301992675,2024-05-18 10:53:43,0,0.209,0.20374337,71.56,BTC-28MAR25-85000-C,67072.04,buy,0.1,0.1,,,,
98,302316490,2024-05-21 00:56:15,0,0.231,0.23198962,71.23,BTC-28MAR25-85000-C,71177.32,sell,0.5,0.5,,,,
99,302385579,2024-05-21 09:15:07,2,0.223,0.22532675,69.4,BTC-28MAR25-85000-C,70981.37,sell,0.3,0.3,,,,
100,302509382,2024-05-21 21:54:45,2,0.2195,0.21823124,70.44,BTC-28MAR25-85000-C,69676.02,buy,3.0,3.0,,,,
101,302513838,2024-05-21 22:37:02,0,0.2215,0.21980628,70.46,BTC-28MAR25-85000-C,70060.85,buy,5.0,5.0,,,,
102,302513858,2024-05-21 22:37:02,1,0.2215,0.21980628,70.46,BTC-28MAR25-85000-C,70060.85,buy,5.0,5.0,,,,
103,302559569,2024-05-22 09:31:55,2,0.219,0.22095594,69.76,BTC-28MAR25-85000-C,69990.67,sell,5.0,5.0,,,,
104,302626340,2024-05-22 19:19:07,2,0.2155,0.21543224,69.54,BTC-28MAR25-85000-C,69476.37,sell,1.0,1.0,,,,
105,302631247,2024-05-22 20:08:36,0,0.2175,0.21634248,69.6,BTC-28MAR25-85000-C,69767.7,buy,5.0,5.0,,,,
106,302751452,2024-05-23 14:49:45,2,0.2055,0.2053811,69.31,BTC-28MAR25-85000-C,67701.36,sell,1.0,1.0,,,,
107,302761099,2024-05-23 15:43:37,2,0.205,0.20637426,68.61,BTC-28MAR25-85000-C,68119.81,sell,0.7,0.7,,,,
108,302761102,2024-05-23 15:43:38,3,0.205,0.20635262,68.61,BTC-28MAR25-85000-C,68114.67,sell,0.4,0.4,,,,
109,302945580,2024-05-24 14:12:26,2,0.2,0.20104274,68.76,BTC-28MAR25-85000-C,67160.62,sell,1.0,1.0,,,,
110,302945589,2024-05-24 14:12:38,2,0.1995,0.20101673,68.62,BTC-28MAR25-85000-C,67170.38,sell,1.0,1.0,,,,
111,302950838,2024-05-24 14:33:40,0,0.2045,0.20396594,68.94,BTC-28MAR25-85000-C,67841.6,sell,1.0,1.0,,,,
112,303019284,2024-05-25 08:34:26,1,0.2045,0.20397546,67.88,BTC-28MAR25-85000-C,68973.1,sell,0.1,0.1,,,,
113,303023279,2024-05-25 10:45:21,0,0.207,0.20676201,68.19,BTC-28MAR25-85000-C,69214.78,buy,0.1,0.1,,,,
114,303024857,2024-05-25 10:53:01,0,0.209,0.20805047,68.43,BTC-28MAR25-85000-C,69432.5,buy,4.0,4.0,,,,
115,303024858,2024-05-25 10:53:01,1,0.209,0.20805047,68.43,BTC-28MAR25-85000-C,69432.5,buy,3.0,3.0,,,,
116,303026707,2024-05-25 11:16:25,1,0.209,0.2087504,68.34,BTC-28MAR25-85000-C,69501.12,buy,0.1,0.1,,,,
117,303045822,2024-05-25 20:59:33,2,0.2085,0.20465168,68.82,BTC-28MAR25-85000-C,69108.38,buy,0.1,0.1,,,,
118,303072849,2024-05-26 10:10:14,2,0.208,0.20590698,68.7,BTC-28MAR25-85000-C,69112.3,buy,0.1,0.1,,,,
119,303153266,2024-05-27 12:35:04,3,0.208,0.20673636,69.3,BTC-28MAR25-85000-C,68517.44,buy,4.0,4.0,,,,
120,303309273,2024-05-28 10:08:12,2,0.207,0.2081121,69.16,BTC-28MAR25-85000-C,68409.15,buy,5.8,5.8,,,,
121,303341756,2024-05-28 14:31:26,0,0.2075,0.20684447,69.85,BTC-28MAR25-85000-C,68038.56,buy,0.6,0.6,,,,
122,303423300,2024-05-29 08:32:06,2,0.2045,0.20471115,69.29,BTC-28MAR25-85000-C,67814.37,sell,0.7,0.7,,,,
123,303682184,2024-05-31 10:24:34,2,0.2005,0.19872773,68.32,BTC-28MAR25-85000-C,68134.72,buy,0.1,0.1,,,,
124,303682566,2024-05-31 10:32:07,2,0.197,0.19870586,67.36,BTC-28MAR25-85000-C,68090.87,sell,0.9,0.9,,,,
125,303733385,2024-05-31 15:11:39,2,0.195,0.19545263,67.86,BTC-28MAR25-85000-C,67286.2,sell,1.0,1.0,,,,
126,303743821,2024-05-31 16:08:39,2,0.192,0.19238462,67.66,BTC-28MAR25-85000-C,66895.35,buy,0.8,0.8,,,,
127,303806257,2024-06-01 21:22:53,0,0.194,0.19460555,66.99,BTC-28MAR25-85000-C,67700.07,sell,5.0,5.0,,,,
128,303835188,2024-06-02 14:19:53,0,0.2005,0.19555303,68.14,BTC-28MAR25-85000-C,68163.55,buy,0.1,0.1,,,,
129,304011303,2024-06-03 19:29:42,0,0.2079,0.20283215,68.83,BTC-28MAR25-85000-C,69113.51,buy,25.0,25.0,,143295,,
130,304012697,2024-06-03 19:50:13,2,0.2073,0.20315166,68.59,BTC-28MAR25-85000-C,69072.0,buy,50.0,50.0,,143297,,
131,304046358,2024-06-04 06:34:56,2,0.2055,0.20221428,68.35,BTC-28MAR25-85000-C,68966.94,buy,0.2,0.2,,,,
132,304210012,2024-06-05 07:44:48,0,0.2125,0.21223263,67.05,BTC-28MAR25-85000-C,71309.29,buy,0.1,0.1,,,,
133,304325736,2024-06-06 08:19:32,2,0.2015,0.20532509,64.8,BTC-28MAR25-85000-C,70960.92,sell,0.1,0.1,,,,
134,304407473,2024-06-07 03:28:20,0,0.205,0.20499071,66.0,BTC-28MAR25-85000-C,70931.75,buy,0.5,0.5,,,,
135,304443403,2024-06-07 10:55:45,0,0.208,0.20774679,66.08,BTC-28MAR25-85000-C,71369.33,buy,0.3,0.3,,,,
136,304519440,2024-06-07 17:21:50,2,0.204,0.20426863,66.32,BTC-28MAR25-85000-C,70441.82,sell,0.1,0.1,,,,
137,304520249,2024-06-07 17:24:44,2,0.2035,0.20382203,66.3,BTC-28MAR25-85000-C,70355.98,sell,0.1,0.1,,,,
138,304532847,2024-06-07 18:04:23,2,0.1985,0.19811758,66.38,BTC-28MAR25-85000-C,69347.65,sell,0.1,0.1,,,,
139,304551710,2024-06-07 18:36:46,0,0.199,0.19567697,67.05,BTC-28MAR25-85000-C,68966.67,buy,0.1,0.1,,,,
140,304587418,2024-06-08 06:34:25,2,0.1965,0.19466194,66.0,BTC-28MAR25-85000-C,69351.31,buy,6.0,6.0,,,,
141,304587419,2024-06-08 06:34:25,3,0.1965,0.19466194,66.0,BTC-28MAR25-85000-C,69351.31,buy,1.0,1.0,,,,
142,304636890,2024-06-09 18:29:27,0,0.199,0.19447158,66.24,BTC-28MAR25-85000-C,69775.51,buy,0.1,0.1,,,,
143,304640067,2024-06-09 20:57:57,2,0.1975,0.19430824,65.97,BTC-28MAR25-85000-C,69689.8,buy,0.1,0.1,,,,
144,304840808,2024-06-11 07:27:25,2,0.18,0.18155821,65.6,BTC-28MAR25-85000-C,67762.2,sell,0.1,0.1,,,,
145,304840809,2024-06-11 07:27:25,3,0.18,0.18155821,65.6,BTC-28MAR25-85000-C,67762.2,buy,0.9,0.9,,,,
146,304901268,2024-06-11 13:11:57,0,0.1815,0.17877274,66.81,BTC-28MAR25-85000-C,67092.51,buy,0.1,0.1,,,,
147,304971134,2024-06-11 23:22:23,1,0.1815,0.18367644,66.1,BTC-28MAR25-85000-C,67377.95,sell,1.0,1.0,,,,
148,304971648,2024-06-11 23:50:17,0,0.186,0.18343495,67.44,BTC-28MAR25-85000-C,67334.83,buy,0.1,0.1,,,,
149,305005176,2024-06-12 09:54:42,2,0.1855,0.18520515,66.76,BTC-28MAR25-85000-C,67663.38,buy,0.1,0.1,,,,
150,305005185,2024-06-12 09:54:44,3,0.1855,0.18528701,66.74,BTC-28MAR25-85000-C,67670.93,buy,0.1,0.1,,,,
151,305073668,2024-06-12 15:50:19,0,0.199,0.19767167,67.46,BTC-28MAR25-85000-C,69680.53,buy,0.1,0.1,,,,
152,305073700,2024-06-12 15:50:31,1,0.199,0.19771742,67.44,BTC-28MAR25-85000-C,69688.13,buy,1.3,1.3,,,,
153,305078152,2024-06-12 16:32:46,2,0.197,0.19568308,67.39,BTC-28MAR25-85000-C,69347.15,buy,2.9,2.9,,,,
154,305097132,2024-06-12 18:14:24,2,0.195,0.19379719,67.13,BTC-28MAR25-85000-C,69137.06,buy,1.5,1.5,,,,
155,305097137,2024-06-12 18:14:32,3,0.195,0.19385466,67.11,BTC-28MAR25-85000-C,69151.99,buy,2.1,2.1,,,,
156,305142473,2024-06-12 23:12:57,2,0.188,0.18715191,66.69,BTC-28MAR25-85000-C,68184.23,sell,0.1,0.1,,,,
157,305142536,2024-06-12 23:13:07,3,0.188,0.18708102,66.71,BTC-28MAR25-85000-C,68166.94,buy,0.1,0.1,,,,
158,305252966,2024-06-13 15:49:54,2,0.1755,0.17635702,65.98,BTC-28MAR25-85000-C,66558.18,sell,0.1,0.1,,,,
159,305275319,2024-06-13 20:17:17,3,0.1755,0.17689662,65.75,BTC-28MAR25-85000-C,66682.22,buy,2.4,2.4,,,,
160,305275326,2024-06-13 20:17:28,3,0.1755,0.17685577,65.75,BTC-28MAR25-85000-C,66681.59,buy,2.0,2.0,,,,
161,305275330,2024-06-13 20:17:33,3,0.1755,0.17684467,65.75,BTC-28MAR25-85000-C,66681.83,buy,0.6,0.6,,,,
162,305302416,2024-06-14 07:36:42,0,0.179,0.17775134,66.44,BTC-28MAR25-85000-C,66918.72,sell,0.4,0.4,,,,
163,305347678,2024-06-14 16:04:45,2,0.1725,0.17287568,65.66,BTC-28MAR25-85000-C,66387.57,sell,0.5,0.5,,,,
164,305350722,2024-06-14 16:09:22,2,0.17,0.17093915,65.52,BTC-28MAR25-85000-C,65925.91,sell,0.1,0.1,,,,
165,305351230,2024-06-14 16:09:25,3,0.17,0.17015414,65.73,BTC-28MAR25-85000-C,65803.78,sell,0.4,0.4,,,,
166,305428161,2024-06-15 15:10:57,2,0.1675,0.16733895,64.7,BTC-28MAR25-85000-C,66268.8,buy,1.0,1.0,,,,
167,305430587,2024-06-15 16:48:30,2,0.167,0.16915398,64.72,BTC-28MAR25-85000-C,66184.87,sell,0.1,0.1,,,,
168,305430610,2024-06-15 16:48:46,2,0.1665,0.16918128,64.57,BTC-28MAR25-85000-C,66187.82,sell,0.7,0.7,,,,
169,305854700,2024-06-19 13:19:37,2,0.1645,0.16231559,66.52,BTC-28MAR25-85000-C,65145.39,buy,0.1,0.1,,,,
170,305915586,2024-06-20 06:53:48,2,0.161,0.16161765,65.19,BTC-28MAR25-85000-C,65417.1,buy,0.5,0.5,,,,
171,305915587,2024-06-20 06:53:52,3,0.161,0.16160513,65.19,BTC-28MAR25-85000-C,65417.38,buy,0.5,0.5,,,,
172,305915611,2024-06-20 06:54:32,3,0.161,0.16155466,65.18,BTC-28MAR25-85000-C,65419.6,buy,0.5,0.5,,,,
173,305915699,2024-06-20 06:57:01,3,0.161,0.16148397,65.19,BTC-28MAR25-85000-C,65418.61,buy,1.5,1.5,,,,
174,305938170,2024-06-20 11:05:01,0,0.167,0.16536684,65.8,BTC-28MAR25-85000-C,66198.15,buy,0.5,0.5,,,,
175,305939711,2024-06-20 11:13:19,1,0.167,0.1670351,65.55,BTC-28MAR25-85000-C,66367.03,buy,0.1,0.1,,,,
176,305939735,2024-06-20 11:13:29,0,0.1675,0.16716558,65.66,BTC-28MAR25-85000-C,66396.15,buy,0.1,0.1,,,,
177,305939743,2024-06-20 11:13:37,0,0.168,0.16720561,65.79,BTC-28MAR25-85000-C,66397.27,buy,0.1,0.1,,,,
178,305979798,2024-06-20 16:53:20,2,0.162,0.16010808,66.49,BTC-28MAR25-85000-C,64884.86,buy,0.1,0.1,,,,
179,306004347,2024-06-21 01:14:39,2,0.1575,0.15910441,65.6,BTC-28MAR25-85000-C,64670.2,sell,0.1,0.1,,,,
180,306037259,2024-06-21 08:44:17,2,0.1525,0.15423947,65.03,BTC-28MAR25-85000-C,64225.64,sell,0.1,0.1,,,,
181,306042362,2024-06-21 08:56:41,2,0.15,0.15149789,65.22,BTC-28MAR25-85000-C,63552.32,sell,0.1,0.1,,,,
182,306287866,2024-06-24 13:32:32,2,0.1385,0.13807428,65.35,BTC-28MAR25-85000-C,61297.05,buy,0.1,0.1,,,,
183,306287890,2024-06-24 13:32:34,3,0.1385,0.1382248,65.31,BTC-28MAR25-85000-C,61314.37,buy,0.7,0.7,,,,
184,306287909,2024-06-24 13:32:37,3,0.1385,0.13826991,65.29,BTC-28MAR25-85000-C,61324.18,buy,0.7,0.7,,,,
185,306327632,2024-06-24 17:11:03,2,0.134,0.13333819,65.94,BTC-28MAR25-85000-C,60031.51,sell,0.1,0.1,,,,
186,306335871,2024-06-24 17:36:06,0,0.136,0.1345129,66.15,BTC-28MAR25-85000-C,60302.51,buy,0.1,0.1,,,,
187,306336123,2024-06-24 17:38:10,2,0.1355,0.13403289,66.15,BTC-28MAR25-85000-C,60191.98,buy,0.1,0.1,,,,
188,306340844,2024-06-24 18:09:16,2,0.1345,0.13489462,66.02,BTC-28MAR25-85000-C,60082.2,sell,0.1,0.1,,,,
189,306384716,2024-06-24 21:51:11,0,0.137,0.13555434,67.05,BTC-28MAR25-85000-C,59883.46,sell,0.2,0.2,,,,
190,306392134,2024-06-24 23:34:15,0,0.14,0.13887533,67.42,BTC-28MAR25-85000-C,60212.47,buy,1.0,1.0,,,,
191,306395865,2024-06-25 00:39:52,2,0.136,0.13804113,66.09,BTC-28MAR25-85000-C,60322.41,buy,5.0,5.0,,,,
192,306428434,2024-06-25 07:41:31,0,0.141,0.14026708,66.75,BTC-28MAR25-85000-C,60851.3,sell,0.5,0.5,,,,
193,306451009,2024-06-25 11:01:04,0,0.144,0.14258525,67.1,BTC-28MAR25-85000-C,61295.27,buy,0.2,0.2,,,,
194,306451286,2024-06-25 11:06:23,2,0.1435,0.14248843,66.85,BTC-28MAR25-85000-C,61365.33,buy,0.2,0.2,,,,
195,306645475,2024-06-27 05:30:43,2,0.1335,0.13564089,65.06,BTC-28MAR25-85000-C,60899.19,sell,5.0,5.0,,,,
196,306646531,2024-06-27 05:56:07,0,0.137,0.13558701,66.14,BTC-28MAR25-85000-C,60824.14,sell,1.8,1.8,,,,
197,306682569,2024-06-27 12:50:39,1,0.137,0.13520478,65.79,BTC-28MAR25-85000-C,61113.74,buy,3.0,3.0,,,,
198,306706876,2024-06-27 15:22:45,2,0.1345,0.13549523,64.22,BTC-28MAR25-85000-C,61641.6,sell,0.1,0.1,,,,
199,306706877,2024-06-27 15:22:45,3,0.1345,0.13549523,64.22,BTC-28MAR25-85000-C,61641.6,buy,0.4,0.4,,,,
200,306712523,2024-06-27 16:20:38,0,0.136,0.13631064,64.68,BTC-28MAR25-85000-C,61642.78,sell,0.1,0.1,,,,
201,306712524,2024-06-27 16:20:38,1,0.136,0.13631064,64.68,BTC-28MAR25-85000-C,61642.78,buy,0.2,0.2,,,,
202,306801820,2024-06-28 10:04:59,2,0.1358,0.13339436,65.26,BTC-28MAR25-85000-C,61439.63,buy,250.0,250.0,,146257,,
203,306821303,2024-06-28 13:31:58,2,0.134,0.13408266,64.75,BTC-28MAR25-85000-C,61381.95,buy,0.1,0.1,,,,
204,306821307,2024-06-28 13:32:01,3,0.134,0.13411632,64.75,BTC-28MAR25-85000-C,61388.31,buy,0.2,0.2,,,,
205,306821311,2024-06-28 13:32:02,3,0.134,0.13412649,64.74,BTC-28MAR25-85000-C,61391.07,buy,2.7,2.7,,,,
206,306821312,2024-06-28 13:32:02,3,0.134,0.13412649,64.74,BTC-28MAR25-85000-C,61391.07,buy,1.5,1.5,,,,
207,306821331,2024-06-28 13:32:23,3,0.134,0.13404289,64.76,BTC-28MAR25-85000-C,61380.38,buy,0.2,0.2,,,,
208,306821332,2024-06-28 13:32:25,3,0.134,0.13405474,64.75,BTC-28MAR25-85000-C,61389.47,buy,0.1,0.1,,,,
209,306821334,2024-06-28 13:32:26,3,0.134,0.13409398,64.75,BTC-28MAR25-85000-C,61394.94,buy,1.3,1.3,,,,
210,306821344,2024-06-28 13:32:31,3,0.134,0.13413589,64.74,BTC-28MAR25-85000-C,61394.76,buy,0.4,0.4,,,,
211,306821436,2024-06-28 13:33:38,3,0.134,0.1338976,64.8,BTC-28MAR25-85000-C,61350.08,buy,0.1,0.1,,,,
212,306821444,2024-06-28 13:33:41,3,0.134,0.13393952,64.79,BTC-28MAR25-85000-C,61371.2,buy,0.7,0.7,,,,
213,306821451,2024-06-28 13:33:45,3,0.134,0.13416859,64.72,BTC-28MAR25-85000-C,61397.9,sell,5.0,5.0,,,,
214,306821511,2024-06-28 13:34:25,3,0.134,0.1339628,64.77,BTC-28MAR25-85000-C,61362.82,buy,0.1,0.1,,,,
215,306821537,2024-06-28 13:35:03,3,0.134,0.13396642,64.76,BTC-28MAR25-85000-C,61354.57,buy,0.1,0.1,,,,
216,306821681,2024-06-28 13:36:10,0,0.1345,0.13445327,64.76,BTC-28MAR25-85000-C,61459.69,buy,0.1,0.1,,,,
217,306821703,2024-06-28 13:36:39,1,0.1345,0.13456757,64.73,BTC-28MAR25-85000-C,61474.09,buy,0.1,0.1,,,,
218,306821805,2024-06-28 13:37:53,1,0.1345,0.13467657,64.7,BTC-28MAR25-85000-C,61501.48,sell,5.0,5.0,,,,
219,306821949,2024-06-28 13:39:54,1,0.1345,0.13476272,64.66,BTC-28MAR25-85000-C,61522.13,sell,1.5,1.5,,,,
220,306822083,2024-06-28 13:40:58,1,0.1345,0.13500755,64.59,BTC-28MAR25-85000-C,61559.99,sell,5.0,5.0,,,,
221,306822084,2024-06-28 13:40:59,1,0.1345,0.13500812,64.59,BTC-28MAR25-85000-C,61559.57,sell,3.0,3.0,,,,
222,306836396,2024-06-28 14:45:32,2,0.1315,0.12999306,64.87,BTC-28MAR25-85000-C,60804.64,buy,2.0,2.0,,,,
223,306836397,2024-06-28 14:45:32,3,0.1315,0.12999306,64.87,BTC-28MAR25-85000-C,60804.64,buy,3.0,3.0,,,,
224,306836398,2024-06-28 14:45:32,3,0.1315,0.12999306,64.87,BTC-28MAR25-85000-C,60804.64,buy,1.0,1.0,,,,
225,306836399,2024-06-28 14:45:32,3,0.1315,0.12999306,64.87,BTC-28MAR25-85000-C,60804.64,sell,3.9,3.9,,,,
226,306836400,2024-06-28 14:45:32,3,0.1315,0.12999306,64.87,BTC-28MAR25-85000-C,60804.64,sell,0.1,0.1,,,,
227,306842750,2024-06-28 15:19:00,3,0.1315,0.13061722,64.89,BTC-28MAR25-85000-C,60760.08,buy,3.0,3.0,,,,
228,306842751,2024-06-28 15:19:00,3,0.1315,0.13061722,64.89,BTC-28MAR25-85000-C,60760.08,buy,1.6,1.6,,,,
229,306856156,2024-06-28 17:45:09,2,0.1305,0.13175398,64.53,BTC-28MAR25-85000-C,60781.33,sell,10.0,10.0,,,,
230,306856306,2024-06-28 17:46:26,0,0.131,0.13193312,64.6,BTC-28MAR25-85000-C,60806.05,sell,10.0,10.0,,,,
231,306856309,2024-06-28 17:46:40,1,0.131,0.13197873,64.59,BTC-28MAR25-85000-C,60804.44,sell,5.0,5.0,,,,
232,306856310,2024-06-28 17:46:40,2,0.1305,0.13197873,64.44,BTC-28MAR25-85000-C,60804.44,sell,1.0,1.0,,,,
233,306856311,2024-06-28 17:46:40,3,0.1305,0.13197873,64.44,BTC-28MAR25-85000-C,60804.44,buy,1.5,1.5,,,,
234,306856312,2024-06-28 17:46:40,0,0.131,0.13197873,64.59,BTC-28MAR25-85000-C,60804.44,buy,0.9,0.9,,,,
235,306856317,2024-06-28 17:46:40,2,0.1305,0.13197873,64.44,BTC-28MAR25-85000-C,60804.44,buy,0.5,0.5,,,,
236,306856320,2024-06-28 17:46:40,3,0.1305,0.13197873,64.44,BTC-28MAR25-85000-C,60804.44,buy,0.1,0.1,,,,
237,306870628,2024-06-28 19:59:48,2,0.128,0.12809177,64.91,BTC-28MAR25-85000-C,59978.62,sell,1.0,1.0,,,,
238,306874992,2024-06-28 21:15:27,0,0.131,0.12931731,65.56,BTC-28MAR25-85000-C,60202.54,buy,0.1,0.1,,,,
239,306874995,2024-06-28 21:15:30,1,0.131,0.12932838,65.56,BTC-28MAR25-85000-C,60202.75,buy,0.8,0.8,,,,
240,306877537,2024-06-28 22:30:57,2,0.129,0.1299474,65.0,BTC-28MAR25-85000-C,60193.64,sell,1.0,1.0,,,,
241,306878492,2024-06-28 23:15:43,3,0.129,0.12779242,64.88,BTC-28MAR25-85000-C,60292.17,buy,4.0,4.0,,,,
242,306903486,2024-06-29 11:08:27,0,0.133,0.1316119,65.19,BTC-28MAR25-85000-C,60881.46,sell,0.3,0.3,,,,
243,306903489,2024-06-29 11:08:39,1,0.133,0.13175065,65.2,BTC-28MAR25-85000-C,60881.27,sell,0.3,0.3,,,,
244,307052831,2024-07-01 16:49:26,0,0.139,0.13837978,63.99,BTC-28MAR25-85000-C,63084.99,buy,100.0,100.0,,146533,,
245,307072592,2024-07-01 20:27:58,0,0.1399,0.13926036,63.99,BTC-28MAR25-85000-C,63301.71,buy,131.4,131.4,,146545,,
246,307144131,2024-07-02 16:56:31,2,0.127,0.1262539,62.69,BTC-28MAR25-85000-C,61847.25,buy,0.1,0.1,,,,
247,307252864,2024-07-03 13:49:12,2,0.1135,0.11357844,61.19,BTC-28MAR25-85000-C,60364.86,buy,3.0,3.0,,,,
248,307313749,2024-07-04 01:22:55,2,0.112,0.11202945,61.41,BTC-28MAR25-85000-C,60104.09,buy,1.9,1.9,,,,
249,307313750,2024-07-04 01:22:55,3,0.112,0.11202945,61.41,BTC-28MAR25-85000-C,60104.09,buy,0.1,0.1,,,,
250,307344359,2024-07-04 02:49:17,2,0.11,0.10941142,62.45,BTC-28MAR25-85000-C,59000.61,sell,0.1,0.1,,,,
251,307344385,2024-07-04 02:49:29,3,0.11,0.10929782,62.48,BTC-28MAR25-85000-C,58975.77,sell,0.1,0.1,,,,
252,307344387,2024-07-04 02:49:35,3,0.11,0.10929298,62.49,BTC-28MAR25-85000-C,58976.69,sell,0.1,0.1,,,,
253,307469701,2024-07-04 17:32:30,2,0.1065,0.10684524,62.65,BTC-28MAR25-85000-C,58174.65,buy,0.3,0.3,,,,
254,307470505,2024-07-04 17:50:10,2,0.1055,0.10648057,62.47,BTC-28MAR25-85000-C,58106.12,buy,0.5,0.5,,,,
255,307508690,2024-07-05 00:59:26,3,0.1055,0.10491636,63.67,BTC-28MAR25-85000-C,57322.13,sell,1.0,1.0,,,,
256,307509472,2024-07-05 01:12:13,2,0.105,0.10481331,63.59,BTC-28MAR25-85000-C,57242.83,sell,1.0,1.0,,,,
257,307526518,2024-07-05 02:58:28,2,0.1,0.09941732,63.91,BTC-28MAR25-85000-C,56088.98,sell,0.1,0.1,,,,
258,307596874,2024-07-05 06:10:31,2,0.099,0.09871849,65.76,BTC-28MAR25-85000-C,54558.19,sell,0.3,0.3,,,,
259,307659164,2024-07-05 10:17:52,0,0.1014,0.0994228,65.76,BTC-28MAR25-85000-C,55094.67,buy,250.0,250.0,,147141,,
260,307678936,2024-07-05 12:30:18,2,0.1,0.09919747,64.77,BTC-28MAR25-85000-C,55467.14,buy,0.5,0.5,,,,
261,307686896,2024-07-05 13:01:23,2,0.097,0.09733894,64.43,BTC-28MAR25-85000-C,55061.76,sell,0.1,0.1,,,,
262,307718163,2024-07-05 15:56:09,0,0.104,0.1057557,64.33,BTC-28MAR25-85000-C,56490.13,sell,0.1,0.1,,,,
263,307718280,2024-07-05 15:56:41,1,0.104,0.10557745,64.39,BTC-28MAR25-85000-C,56440.73,sell,0.1,0.1,,,,
264,307828014,2024-07-06 18:50:29,0,0.1065,0.10661129,63.22,BTC-28MAR25-85000-C,57779.58,buy,0.1,0.1,,,,
265,307964851,2024-07-08 05:49:04,2,0.1035,0.10221414,66.2,BTC-28MAR25-85000-C,55371.14,sell,0.1,0.1,,,,
266,307964862,2024-07-08 05:49:28,3,0.1035,0.10235955,66.16,BTC-28MAR25-85000-C,55396.23,sell,0.1,0.1,,,,
267,307964956,2024-07-08 05:51:00,3,0.1035,0.1024253,66.14,BTC-28MAR25-85000-C,55402.98,sell,0.1,0.1,,,,
268,308113000,2024-07-09 00:18:07,0,0.1065,0.10812481,65.22,BTC-28MAR25-85000-C,56591.69,sell,0.4,0.4,,,,
269,308164657,2024-07-09 12:45:18,0,0.11,0.10968916,65.35,BTC-28MAR25-85000-C,57308.7,sell,0.9,0.9,,,,
270,308232975,2024-07-10 01:30:03,2,0.1085,0.10944303,64.09,BTC-28MAR25-85000-C,57786.33,sell,5.0,5.0,,,,
271,308276297,2024-07-10 08:04:39,0,0.112,0.11307428,63.58,BTC-28MAR25-85000-C,58845.56,sell,0.1,0.1,,,,
272,308345755,2024-07-11 01:20:15,2,0.1055,0.10621543,63.68,BTC-28MAR25-85000-C,57524.07,buy,1.0,1.0,,,,
273,308345800,2024-07-11 01:23:38,3,0.1055,0.10581019,63.74,BTC-28MAR25-85000-C,57483.92,buy,0.5,0.5,,,,
274,308374131,2024-07-11 08:46:20,0,0.1108,0.10971217,64.48,BTC-28MAR25-85000-C,58100.0,buy,50.0,50.0,,147651,,
275,308375562,2024-07-11 09:17:15,0,0.1114,0.11010009,64.43,BTC-28MAR25-85000-C,58249.04,buy,50.0,50.0,,147656,,
276,308515149,2024-07-12 08:12:37,2,0.1039,0.10276217,63.92,BTC-28MAR25-85000-C,57189.94,buy,100.0,100.0,,147783,,
277,308515402,2024-07-12 08:14:43,3,0.1039,0.10290907,63.89,BTC-28MAR25-85000-C,57218.41,buy,50.0,50.0,,147785,,
278,308525521,2024-07-12 10:02:36,2,0.1035,0.10208274,64.22,BTC-28MAR25-85000-C,56947.98,buy,2.7,2.7,,,,
279,308549966,2024-07-12 14:53:46,0,0.1045,0.10431076,63.29,BTC-28MAR25-85000-C,57794.74,sell,1.0,1.0,,,,
280,308570973,2024-07-12 19:13:52,0,0.1075,0.10789279,63.44,BTC-28MAR25-85000-C,58177.34,sell,0.1,0.1,,,,
281,308696240,2024-07-14 02:08:51,0,0.117,0.11627599,63.76,BTC-28MAR25-85000-C,59575.61,sell,1.0,1.0,,,,
282,308746100,2024-07-14 09:10:12,0,0.121,0.11984189,64.24,BTC-28MAR25-85000-C,60181.86,sell,0.1,0.1,,,,
283,308746131,2024-07-14 09:10:36,1,0.121,0.11981177,64.25,BTC-28MAR25-85000-C,60179.25,sell,0.1,0.1,,,,
284,308746144,2024-07-14 09:10:45,1,0.121,0.11977711,64.26,BTC-28MAR25-85000-C,60173.18,sell,0.1,0.1,,,,
285,308753588,2024-07-14 10:18:50,2,0.118,0.11920591,63.38,BTC-28MAR25-85000-C,60140.67,sell,0.3,0.3,,,,
286,308761290,2024-07-14 12:33:55,2,0.116,0.11620409,63.44,BTC-28MAR25-85000-C,59750.75,sell,0.1,0.1,,,,
287,308824532,2024-07-14 23:58:04,0,0.1195,0.1200747,62.88,BTC-28MAR25-85000-C,60764.29,buy,1.0,1.0,,,,
288,308965462,2024-07-15 17:07:01,0,0.135,0.13514836,63.67,BTC-28MAR25-85000-C,63627.84,buy,5.0,5.0,,,,
289,308966277,2024-07-15 17:08:52,1,0.135,0.13503974,63.6,BTC-28MAR25-85000-C,63661.11,buy,1.0,1.0,,,,
290,308966278,2024-07-15 17:08:52,1,0.135,0.13503974,63.6,BTC-28MAR25-85000-C,63661.11,buy,0.2,0.2,,,,
291,308966281,2024-07-15 17:08:58,1,0.135,0.13500199,63.59,BTC-28MAR25-85000-C,63670.86,buy,1.1,1.1,,,,
292,308966282,2024-07-15 17:08:58,1,0.135,0.13500199,63.59,BTC-28MAR25-85000-C,63670.86,buy,0.2,0.2,,,,
293,308966421,2024-07-15 17:09:55,1,0.135,0.13462235,63.61,BTC-28MAR25-85000-C,63651.59,buy,1.0,1.0,,,,
294,308966442,2024-07-15 17:10:06,1,0.135,0.13475486,63.56,BTC-28MAR25-85000-C,63688.18,buy,1.4,1.4,,,,
295,308967500,2024-07-15 17:18:14,2,0.1335,0.13375939,63.22,BTC-28MAR25-85000-C,63611.09,buy,1.5,1.5,,,,
296,309004381,2024-07-15 21:44:48,0,0.134,0.1351569,63.43,BTC-28MAR25-85000-C,63613.55,sell,0.1,0.1,,,,
297,309004382,2024-07-15 21:44:48,1,0.134,0.1351569,63.43,BTC-28MAR25-85000-C,63613.55,buy,4.9,4.9,,,,
298,309032976,2024-07-16 00:27:07,0,0.143,0.14367625,64.46,BTC-28MAR25-85000-C,64652.84,buy,1.0,1.0,,,,
299,309032991,2024-07-16 00:27:16,1,0.143,0.14369089,64.45,BTC-28MAR25-85000-C,64653.12,buy,1.0,1.0,,,,
300,309032996,2024-07-16 00:27:19,1,0.143,0.14370692,64.45,BTC-28MAR25-85000-C,64654.26,buy,1.0,1.0,,,,
301,309033001,2024-07-16 00:27:21,1,0.143,0.14368902,64.46,BTC-28MAR25-85000-C,64644.63,buy,1.0,1.0,,,,
302,309033030,2024-07-16 00:28:13,1,0.143,0.14366722,64.49,BTC-28MAR25-85000-C,64626.1,buy,1.0,1.0,,,,
303,309033267,2024-07-16 00:30:01,1,0.143,0.1429716,64.52,BTC-28MAR25-85000-C,64622.76,buy,2.0,2.0,,,,
304,309033874,2024-07-16 00:33:33,2,0.142,0.14228461,64.28,BTC-28MAR25-85000-C,64580.34,buy,3.6,3.6,,,,
305,309035605,2024-07-16 00:47:50,0,0.143,0.14377007,64.29,BTC-28MAR25-85000-C,64749.93,buy,1.0,1.0,,,,
306,309035609,2024-07-16 00:47:53,1,0.143,0.14377346,64.29,BTC-28MAR25-85000-C,64748.96,buy,1.0,1.0,,,,
307,309035610,2024-07-16 00:47:55,1,0.143,0.14376979,64.3,BTC-28MAR25-85000-C,64748.96,buy,1.0,1.0,,,,
308,309035611,2024-07-16 00:47:58,1,0.143,0.14376897,64.29,BTC-28MAR25-85000-C,64751.33,buy,1.0,1.0,,,,
309,309035614,2024-07-16 00:48:01,1,0.143,0.14379578,64.28,BTC-28MAR25-85000-C,64754.39,buy,1.0,1.0,,,,
310,309035615,2024-07-16 00:48:04,1,0.143,0.14379106,64.3,BTC-28MAR25-85000-C,64749.58,sell,1.0,1.0,,,,
311,309035623,2024-07-16 00:48:06,1,0.143,0.14377324,64.3,BTC-28MAR25-85000-C,64743.91,sell,1.0,1.0,,,,
312,309035670,2024-07-16 00:48:16,0,0.1435,0.14365867,64.5,BTC-28MAR25-85000-C,64708.27,sell,0.1,0.1,,,,
313,309035671,2024-07-16 00:48:16,2,0.143,0.14365867,64.35,BTC-28MAR25-85000-C,64708.27,sell,0.5,0.5,,,,
314,309269426,2024-07-17 03:30:46,0,0.1525,0.15284514,65.68,BTC-28MAR25-85000-C,65610.81,buy,0.1,0.1,,,,
315,309412728,2024-07-17 22:59:55,2,0.1435,0.14479624,65.43,BTC-28MAR25-85000-C,64270.96,sell,0.3,0.3,,,,
316,309453621,2024-07-18 08:03:17,0,0.1445,0.1450546,65.28,BTC-28MAR25-85000-C,64671.17,sell,0.7,0.7,,,,
317,309453707,2024-07-18 08:03:27,1,0.1445,0.14515544,65.26,BTC-28MAR25-85000-C,64687.67,sell,1.0,1.0,,,,
318,309453743,2024-07-18 08:03:44,1,0.1445,0.14509927,65.27,BTC-28MAR25-85000-C,64678.56,sell,0.5,0.5,,,,
319,309453897,2024-07-18 08:05:19,1,0.1445,0.1453086,65.25,BTC-28MAR25-85000-C,64683.09,sell,5.0,5.0,,,,
320,309454775,2024-07-18 08:17:12,0,0.145,0.14412545,65.21,BTC-28MAR25-85000-C,64802.94,buy,2.8,2.8,,,,
321,309454819,2024-07-18 08:17:38,1,0.145,0.14408579,65.22,BTC-28MAR25-85000-C,64800.98,buy,0.2,0.2,,,,
322,309454820,2024-07-18 08:17:38,1,0.145,0.14408579,65.22,BTC-28MAR25-85000-C,64800.98,sell,9.8,9.8,,,,
323,309460177,2024-07-18 09:32:28,2,0.1445,0.14522818,65.03,BTC-28MAR25-85000-C,64873.45,sell,2.0,2.0,,,,
324,309460273,2024-07-18 09:33:38,3,0.1445,0.14517029,65.07,BTC-28MAR25-85000-C,64849.24,sell,1.0,1.0,,,,
325,309485665,2024-07-18 14:46:54,2,0.1405,0.14120982,65.3,BTC-28MAR25-85000-C,63895.56,sell,0.1,0.1,,,,
326,309523801,2024-07-18 19:43:02,0,0.145,0.14474686,66.95,BTC-28MAR25-85000-C,63614.99,sell,2.0,2.0,,,,
327,309523803,2024-07-18 19:43:06,1,0.145,0.14479394,66.94,BTC-28MAR25-85000-C,63622.87,sell,2.0,2.0,,,,
328,309710418,2024-07-19 19:31:28,0,0.1685,0.16785987,68.6,BTC-28MAR25-85000-C,67229.31,buy,2.3,2.3,,,,
329,310238467,2024-07-23 15:05:31,0,0.1725,0.17177602,70.49,BTC-28MAR25-85000-C,67031.07,sell,1.7,1.7,,,,
330,310238468,2024-07-23 15:05:31,1,0.1725,0.17177602,70.49,BTC-28MAR25-85000-C,67031.07,sell,0.3,0.3,,,,
331,310238495,2024-07-23 15:05:32,1,0.1725,0.17173506,70.5,BTC-28MAR25-85000-C,67031.07,sell,2.9,2.9,,,,
332,310238496,2024-07-23 15:05:33,1,0.1725,0.17173506,70.5,BTC-28MAR25-85000-C,67031.07,sell,0.1,0.1,,,,
333,310260752,2024-07-23 17:01:35,2,0.165,0.16426089,70.32,BTC-28MAR25-85000-C,65788.26,sell,5.0,5.0,,,,
334,310397589,2024-07-24 21:36:34,2,0.1555,0.15521334,68.31,BTC-28MAR25-85000-C,65539.68,buy,5.0,5.0,,,,
335,310831544,2024-07-27 12:03:36,0,0.16,0.15868105,66.02,BTC-28MAR25-85000-C,68314.14,buy,0.1,0.1,,,,
336,311175426,2024-07-29 09:17:06,2,0.157,0.1568445,62.93,BTC-28MAR25-85000-C,69506.37,buy,0.1,0.1,,,,
337,311333835,2024-07-30 02:24:48,2,0.1325,0.13444798,61.3,BTC-28MAR25-85000-C,66040.56,sell,10.0,10.0,,,,
338,311367818,2024-07-30 09:42:10,2,0.131,0.13166097,59.86,BTC-28MAR25-85000-C,66716.42,sell,0.1,0.1,,,,
339,311403532,2024-07-30 16:09:54,2,0.1305,0.12949336,60.65,BTC-28MAR25-85000-C,66173.57,buy,0.1,0.1,,,,
340,311467751,2024-07-31 07:21:11,2,0.1295,0.12934703,59.83,BTC-28MAR25-85000-C,66499.28,sell,1.0,1.0,,,,
341,311499048,2024-07-31 14:45:42,2,0.129,0.12845762,60.13,BTC-28MAR25-85000-C,66393.24,sell,0.3,0.3,,,,
342,311562575,2024-07-31 22:27:44,2,0.1205,0.12043383,60.29,BTC-28MAR25-85000-C,64655.5,sell,0.1,0.1,,,,
343,311601399,2024-08-01 02:09:53,2,0.117,0.11589996,60.87,BTC-28MAR25-85000-C,64047.53,buy,1.0,1.0,,,,
344,311612733,2024-08-01 03:08:07,2,0.114,0.11414825,60.09,BTC-28MAR25-85000-C,63841.39,sell,0.1,0.1,,,,
345,311941427,2024-08-02 17:08:44,2,0.1085,0.10711845,59.88,BTC-28MAR25-85000-C,63180.18,buy,0.2,0.2,,,,
346,312284429,2024-08-05 00:55:00,2,0.08,0.08046638,60.97,BTC-28MAR25-85000-C,56503.71,sell,0.1,0.1,,,,
347,312299387,2024-08-05 01:08:33,2,0.0725,0.07451173,61.1,BTC-28MAR25-85000-C,54816.12,buy,1.2,1.2,,,,M
348,312416597,2024-08-05 05:01:17,2,0.072,0.07270031,62.99,BTC-28MAR25-85000-C,53440.8,buy,0.1,0.1,,,,
349,312516210,2024-08-05 07:11:32,0,0.083,0.08624107,69.62,BTC-28MAR25-85000-C,51809.47,sell,0.2,0.2,,,,
350,312556093,2024-08-05 08:45:06,2,0.079,0.07846963,67.05,BTC-28MAR25-85000-C,52492.29,buy,5.0,5.0,,,,
351,312556611,2024-08-05 08:47:40,2,0.0785,0.07840845,66.94,BTC-28MAR25-85000-C,52443.76,sell,5.0,5.0,,,,
352,312570717,2024-08-05 09:47:23,2,0.075,0.07520035,65.97,BTC-28MAR25-85000-C,52166.37,sell,0.1,0.1,,,,
353,312727999,2024-08-05 14:27:19,0,0.0805,0.07945967,66.03,BTC-28MAR25-85000-C,53241.05,sell,4.7,4.7,,,,
354,312933227,2024-08-06 06:01:06,0,0.085,0.08542216,63.76,BTC-28MAR25-85000-C,55898.8,sell,0.1,0.1,,,,
355,312933228,2024-08-06 06:01:06,1,0.085,0.08542216,63.76,BTC-28MAR25-85000-C,55898.8,sell,0.1,0.1,,,,
356,312934905,2024-08-06 06:14:09,0,0.0855,0.08416618,64.23,BTC-28MAR25-85000-C,55711.34,sell,0.3,0.3,,,,
357,312948761,2024-08-06 07:38:10,2,0.0845,0.08483647,63.67,BTC-28MAR25-85000-C,55864.84,sell,0.4,0.4,,,,
358,313027891,2024-08-06 14:43:01,0,0.0885,0.08723613,64.23,BTC-28MAR25-85000-C,56353.52,buy,0.1,0.1,,,,
359,313050244,2024-08-06 16:30:52,0,0.0925,0.09153718,65.57,BTC-28MAR25-85000-C,56340.84,buy,7.0,7.0,,,,
360,313160911,2024-08-07 07:23:32,0,0.0944,0.09258008,65.59,BTC-28MAR25-85000-C,56603.82,buy,100.0,100.0,,151806,,
361,313205713,2024-08-07 13:31:45,0,0.098,0.09781744,65.8,BTC-28MAR25-85000-C,57412.84,sell,0.1,0.1,,,,
362,313266554,2024-08-07 19:59:42,2,0.0915,0.09131683,67.48,BTC-28MAR25-85000-C,54729.83,sell,1.0,1.0,,,,
363,313268614,2024-08-07 20:11:16,3,0.0915,0.09143569,67.56,BTC-28MAR25-85000-C,54722.78,sell,1.0,1.0,,,,
364,313386533,2024-08-08 12:47:08,0,0.1034,0.09910152,66.44,BTC-28MAR25-85000-C,57971.71,buy,500.0,500.0,,152128,,
365,314003005,2024-08-12 15:44:57,0,0.1085,0.10773706,65.79,BTC-28MAR25-85000-C,59883.18,buy,0.1,0.1,,,,
366,314096137,2024-08-13 10:22:44,2,0.102,0.10290345,65.7,BTC-28MAR25-85000-C,58700.34,buy,1.0,1.0,,,,
367,314137110,2024-08-13 17:06:04,0,0.117,0.11613259,66.72,BTC-28MAR25-85000-C,61188.94,buy,3.0,3.0,,,,
368,314255717,2024-08-14 14:35:48,2,0.1096,0.10617898,67.64,BTC-28MAR25-85000-C,59230.85,buy,450.0,450.0,,152849,,
369,314369044,2024-08-15 11:34:55,2,0.1,0.10132043,65.51,BTC-28MAR25-85000-C,58724.08,sell,1.0,1.0,,,,
370,314486889,2024-08-16 00:52:24,2,0.093,0.09471801,65.16,BTC-28MAR25-85000-C,57450.46,sell,5.9,5.9,,,,
371,314575284,2024-08-16 15:09:11,0,0.0955,0.09682577,65.23,BTC-28MAR25-85000-C,58104.76,buy,0.1,0.1,,,,
372,314823407,2024-08-20 02:08:13,0,0.1045,0.10511576,65.27,BTC-28MAR25-85000-C,60407.89,sell,0.1,0.1,,,,
373,315084859,2024-08-22 09:23:15,0,0.106,0.10609479,65.63,BTC-28MAR25-85000-C,60921.15,buy,0.5,0.5,,,,
374,315085081,2024-08-22 09:31:12,1,0.106,0.10605382,65.52,BTC-28MAR25-85000-C,60978.19,buy,0.5,0.5,,,,
375,315087708,2024-08-22 10:33:25,0,0.1065,0.1065322,65.42,BTC-28MAR25-85000-C,61169.48,buy,0.5,0.5,,,,
376,315138189,2024-08-22 21:45:10,2,0.1035,0.10417514,65.5,BTC-28MAR25-85000-C,60574.38,buy,0.1,0.1,,,,
377,315213671,2024-08-23 14:25:02,0,0.11,0.10915571,65.84,BTC-28MAR25-85000-C,61864.32,buy,100.0,100.0,,154131,,
378,315310533,2024-08-23 22:28:20,0,0.126,0.12624364,66.04,BTC-28MAR25-85000-C,64630.69,buy,0.4,0.4,,,,
379,315349985,2024-08-24 10:20:32,2,0.1255,0.12436086,66.73,BTC-28MAR25-85000-C,64324.32,sell,0.8,0.8,,,,M
380,315501117,2024-08-26 12:29:38,2,0.116,0.11619891,64.93,BTC-28MAR25-85000-C,63803.17,buy,1.0,1.0,,,,
381,315501208,2024-08-26 12:30:46,3,0.116,0.11615263,64.94,BTC-28MAR25-85000-C,63798.83,buy,1.0,1.0,,,,
382,315505163,2024-08-26 13:19:23,2,0.1155,0.11564338,64.68,BTC-28MAR25-85000-C,63831.28,buy,1.0,1.0,,,,
383,315734072,2024-08-28 00:24:16,2,0.09,0.09017786,64.36,BTC-28MAR25-85000-C,59092.2,sell,1.0,1.0,,,,
384,315810207,2024-08-28 08:11:20,2,0.0895,0.0896571,64.97,BTC-28MAR25-85000-C,58739.69,sell,1.0,1.0,,,,
385,315831469,2024-08-28 10:12:30,0,0.0963,0.09429194,65.69,BTC-28MAR25-85000-C,59925.94,buy,25.0,25.0,BTC-RR-28MAR25-60000_85000,155127,,
386,315831538,2024-08-28 10:13:16,2,0.0961,0.0942492,65.64,BTC-28MAR25-85000-C,59912.22,buy,12.5,12.5,BTC-RR-28MAR25-60000_85000,155128,,
387,315831868,2024-08-28 10:15:54,0,0.0962,0.09428689,65.69,BTC-28MAR25-85000-C,59922.06,buy,12.5,12.5,BTC-RR-28MAR25-60000_85000,155129,,
388,315892270,2024-08-28 17:57:25,2,0.0905,0.09023844,65.31,BTC-28MAR25-85000-C,58768.25,sell,1.2,1.2,,,,
389,315892339,2024-08-28 17:57:41,3,0.0905,0.09018905,65.36,BTC-28MAR25-85000-C,58741.91,sell,0.3,0.3,,,,
390,315898351,2024-08-28 18:57:37,0,0.0935,0.09293254,65.45,BTC-28MAR25-85000-C,59336.19,sell,0.2,0.2,,,,
391,315902803,2024-08-28 19:44:56,2,0.0925,0.09270077,65.27,BTC-28MAR25-85000-C,59216.47,sell,0.1,0.1,,,,
392,315903987,2024-08-28 19:59:39,2,0.0915,0.09154851,65.33,BTC-28MAR25-85000-C,58960.81,sell,0.2,0.2,,,,
393,315931563,2024-08-29 05:39:42,3,0.0915,0.09145241,64.78,BTC-28MAR25-85000-C,59374.29,buy,0.3,0.3,,,,
394,315931785,2024-08-29 05:42:43,0,0.092,0.0915176,64.95,BTC-28MAR25-85000-C,59380.09,buy,0.3,0.3,,,,
395,315937302,2024-08-29 07:15:40,0,0.094,0.09376667,65.22,BTC-28MAR25-85000-C,59625.86,sell,1.0,1.0,,,,
396,315944719,2024-08-29 09:53:21,2,0.0935,0.09325729,65.17,BTC-28MAR25-85000-C,59633.3,sell,1.0,1.0,,,,
397,316069561,2024-08-30 08:21:22,2,0.0905,0.09198476,64.62,BTC-28MAR25-85000-C,59437.76,sell,0.5,0.5,,,,
398,316133637,2024-08-30 16:27:38,2,0.0845,0.08494658,65.1,BTC-28MAR25-85000-C,57770.64,sell,11.0,11.0,,,,
399,316214637,2024-09-01 12:50:36,2,0.081,0.08312032,63.88,BTC-28MAR25-85000-C,57958.21,sell,5.0,5.0,,,,
400,316214638,2024-09-01 12:50:36,3,0.081,0.08312032,63.88,BTC-28MAR25-85000-C,57958.21,buy,5.0,5.0,,,,
401,316239905,2024-09-01 20:44:31,0,0.085,0.08539427,64.72,BTC-28MAR25-85000-C,58447.05,buy,1.4,1.4,,,,
402,316334402,2024-09-03 03:54:36,0,0.089,0.08951101,65.14,BTC-28MAR25-85000-C,59124.67,buy,5.0,5.0,,,,
403,316456458,2024-09-04 07:36:49,2,0.079,0.07820074,65.87,BTC-28MAR25-85000-C,56623.15,buy,1.0,1.0,,,,
404,316456594,2024-09-04 07:38:52,2,0.0789,0.07841621,65.76,BTC-28MAR25-85000-C,56672.45,buy,100.0,100.0,,156179,,
405,316457420,2024-09-04 07:43:31,0,0.0793,0.07896195,65.76,BTC-28MAR25-85000-C,56769.84,buy,50.0,50.0,,156181,,
406,316465622,2024-09-04 10:24:16,2,0.079,0.07823986,66.14,BTC-28MAR25-85000-C,56506.49,sell,5.0,5.0,,,,
407,316465624,2024-09-04 10:24:20,3,0.079,0.07820168,66.16,BTC-28MAR25-85000-C,56494.58,sell,5.0,5.0,,,,
408,316465625,2024-09-04 10:24:23,3,0.079,0.07819503,66.16,BTC-28MAR25-85000-C,56495.06,sell,5.0,5.0,,,,
409,316465626,2024-09-04 10:24:25,3,0.079,0.07819706,66.15,BTC-28MAR25-85000-C,56498.81,sell,5.0,5.0,,,,
410,316465627,2024-09-04 10:24:28,3,0.079,0.07821721,66.15,BTC-28MAR25-85000-C,56500.88,sell,5.0,5.0,,,,
411,316465628,2024-09-04 10:24:30,3,0.079,0.07822293,66.15,BTC-28MAR25-85000-C,56499.56,sell,5.0,5.0,,,,
412,316466897,2024-09-04 10:48:05,3,0.079,0.07828652,66.14,BTC-28MAR25-85000-C,56518.96,sell,5.0,5.0,,,,
413,316466898,2024-09-04 10:48:08,3,0.079,0.07825845,66.14,BTC-28MAR25-85000-C,56513.86,sell,5.0,5.0,,,,
414,316468223,2024-09-04 11:05:34,3,0.079,0.07837951,66.2,BTC-28MAR25-85000-C,56454.16,sell,2.9,2.9,,,,
415,316468224,2024-09-04 11:05:34,3,0.079,0.07837951,66.2,BTC-28MAR25-85000-C,56454.16,sell,1.1,1.1,,,,
416,316575291,2024-09-05 13:43:58,0,0.0815,0.08039467,66.54,BTC-28MAR25-85000-C,56981.32,sell,0.1,0.1,,,,
417,316575329,2024-09-05 13:44:10,0,0.082,0.0806436,66.69,BTC-28MAR25-85000-C,57001.03,sell,1.6,1.6,,,,
418,316575330,2024-09-05 13:44:10,1,0.082,0.0806436,66.69,BTC-28MAR25-85000-C,57001.03,sell,0.3,0.3,,,,
419,316575331,2024-09-05 13:44:10,1,0.082,0.0806436,66.69,BTC-28MAR25-85000-C,57001.03,sell,3.0,3.0,,,,
420,316575419,2024-09-05 13:44:50,1,0.082,0.08052439,66.8,BTC-28MAR25-85000-C,56934.75,buy,3.6,3.6,,,,
421,316575420,2024-09-05 13:44:50,1,0.082,0.08052439,66.8,BTC-28MAR25-85000-C,56934.75,buy,0.9,0.9,,,,
422,316575421,2024-09-05 13:44:50,1,0.082,0.08052439,66.8,BTC-28MAR25-85000-C,56934.75,buy,5.5,5.5,,,,
423,316696279,2024-09-06 13:41:25,2,0.0765,0.07624599,66.38,BTC-28MAR25-85000-C,55990.73,sell,0.1,0.1,,,,
424,316696337,2024-09-06 13:41:28,3,0.0765,0.07615056,66.44,BTC-28MAR25-85000-C,55952.7,sell,0.9,0.9,,,,
425,316739465,2024-09-06 15:49:38,2,0.071,0.07051418,67.2,BTC-28MAR25-85000-C,54201.21,sell,0.3,0.3,,,,
426,316950920,2024-09-09 08:22:48,0,0.0736,0.07306009,67.21,BTC-28MAR25-85000-C,55146.79,buy,100.0,100.0,,157028,,
427,316960700,2024-09-09 10:21:07,0,0.075,0.07434893,67.48,BTC-28MAR25-85000-C,55364.15,sell,1.0,1.0,,,,
428,316968673,2024-09-09 13:20:14,0,0.0755,0.07490586,67.49,BTC-28MAR25-85000-C,55504.54,sell,0.8,0.8,,,,
429,316968721,2024-09-09 13:20:16,1,0.0755,0.07490657,67.5,BTC-28MAR25-85000-C,55502.88,sell,1.2,1.2,,,,
430,316968724,2024-09-09 13:20:23,1,0.0755,0.07487993,67.52,BTC-28MAR25-85000-C,55491.2,sell,4.0,4.0,,,,
431,316969119,2024-09-09 13:21:29,1,0.0755,0.07477227,67.56,BTC-28MAR25-85000-C,55462.45,sell,4.0,4.0,,,,
432,316969229,2024-09-09 13:21:47,1,0.0755,0.07460203,67.65,BTC-28MAR25-85000-C,55409.98,sell,4.0,4.0,,,,
433,316969230,2024-09-09 13:21:47,1,0.0755,0.07460203,67.65,BTC-28MAR25-85000-C,55409.98,sell,2.0,2.0,,,,
434,317092102,2024-09-10 11:26:48,0,0.081,0.08016751,67.17,BTC-28MAR25-85000-C,57115.05,buy,6.2,6.2,,,,
435,317093821,2024-09-10 11:59:47,0,0.082,0.08106634,67.37,BTC-28MAR25-85000-C,57229.27,buy,3.7,3.7,,,,
436,317093822,2024-09-10 11:59:47,1,0.082,0.08106634,67.37,BTC-28MAR25-85000-C,57229.27,buy,5.0,5.0,,,,
437,317093823,2024-09-10 11:59:47,1,0.082,0.08106634,67.37,BTC-28MAR25-85000-C,57229.27,buy,1.0,1.0,,,,
438,317093824,2024-09-10 11:59:47,1,0.082,0.08106634,67.37,BTC-28MAR25-85000-C,57229.27,buy,8.4,8.4,,,,
439,317093825,2024-09-10 11:59:47,1,0.082,0.08106634,67.37,BTC-28MAR25-85000-C,57229.27,sell,5.0,5.0,,,,
440,317093831,2024-09-10 11:59:47,1,0.082,0.08106634,67.37,BTC-28MAR25-85000-C,57229.27,sell,12.2,12.2,,,,
441,317093832,2024-09-10 11:59:47,1,0.082,0.08106634,67.37,BTC-28MAR25-85000-C,57229.27,sell,3.4,3.4,,,,
442,317093833,2024-09-10 11:59:47,1,0.082,0.08106634,67.37,BTC-28MAR25-85000-C,57229.27,sell,1.3,1.3,,,,
443,317095985,2024-09-10 12:30:35,2,0.0815,0.08193196,67.0,BTC-28MAR25-85000-C,57334.8,buy,3.0,3.0,,,,
444,317194656,2024-09-11 03:38:18,2,0.076,0.07779416,65.78,BTC-28MAR25-85000-C,56871.62,sell,100.0,100.0,,157327,,
445,317213853,2024-09-11 08:02:42,2,0.0756,0.07528891,66.0,BTC-28MAR25-85000-C,56673.11,buy,100.0,100.0,,157346,,
446,317214132,2024-09-11 08:04:13,2,0.0755,0.07519297,66.01,BTC-28MAR25-85000-C,56645.05,buy,50.0,50.0,,157347,,
447,317461643,2024-09-13 10:19:27,0,0.0782,0.07714094,64.96,BTC-28MAR25-85000-C,58107.68,buy,100.0,100.0,,157600,,
448,317539434,2024-09-13 21:28:20,0,0.0855,0.0855371,64.16,BTC-28MAR25-85000-C,60352.02,buy,1.2,1.2,,,,
449,317539435,2024-09-13 21:28:20,1,0.0855,0.0855371,64.16,BTC-28MAR25-85000-C,60352.02,buy,0.1,0.1,,,,
450,317539439,2024-09-13 21:28:20,1,0.0855,0.0855371,64.16,BTC-28MAR25-85000-C,60352.02,buy,0.1,0.1,,,,
451,317557154,2024-09-14 00:17:36,0,0.0875,0.0873277,64.54,BTC-28MAR25-85000-C,60582.71,sell,0.4,0.4,,,,
452,317591997,2024-09-14 18:01:26,2,0.086,0.08399392,65.33,BTC-28MAR25-85000-C,59870.15,buy,0.4,0.4,,,,
453,317629897,2024-09-15 15:01:36,0,0.0865,0.08527208,65.11,BTC-28MAR25-85000-C,60256.2,sell,0.4,0.4,,,,
454,317641157,2024-09-15 19:37:26,2,0.0805,0.08262877,63.44,BTC-28MAR25-85000-C,59901.48,sell,4.6,4.6,,,,
455,317700742,2024-09-16 11:13:42,2,0.078,0.0771465,64.49,BTC-28MAR25-85000-C,58773.3,sell,5.0,5.0,,,,
456,317707187,2024-09-16 13:28:02,2,0.0765,0.07685503,64.32,BTC-28MAR25-85000-C,58547.61,buy,0.5,0.5,,,,
457,317833556,2024-09-17 15:32:17,0,0.0865,0.08667098,64.11,BTC-28MAR25-85000-C,61196.74,sell,0.1,0.1,,,,
458,317838431,2024-09-17 15:56:23,1,0.0865,0.08628855,64.17,BTC-28MAR25-85000-C,61168.16,sell,0.1,0.1,,,,
459,317840288,2024-09-17 16:06:42,1,0.0865,0.08621978,64.18,BTC-28MAR25-85000-C,61193.88,sell,0.4,0.4,,,,
460,318184042,2024-09-19 17:00:45,0,0.093,0.0934296,63.01,BTC-28MAR25-85000-C,63643.78,sell,1.0,1.0,,,,
461,318192787,2024-09-19 17:44:31,0,0.096,0.09489143,63.8,BTC-28MAR25-85000-C,63824.33,buy,0.5,0.5,,,,
462,318196180,2024-09-19 18:10:06,2,0.0935,0.09375111,63.16,BTC-28MAR25-85000-C,63642.55,sell,0.2,0.2,,,,
463,318196211,2024-09-19 18:10:09,3,0.0935,0.09366731,63.2,BTC-28MAR25-85000-C,63618.3,sell,0.8,0.8,,,,
464,318198831,2024-09-19 18:31:19,0,0.0945,0.09332195,63.56,BTC-28MAR25-85000-C,63627.97,buy,0.5,0.5,,,,
465,318235457,2024-09-20 01:03:50,2,0.0895,0.08884382,63.25,BTC-28MAR25-85000-C,62708.08,sell,0.4,0.4,,,,
466,318244939,2024-09-20 03:21:01,0,0.09,0.0911382,62.48,BTC-28MAR25-85000-C,63332.43,sell,1.9,1.9,,,,
467,318244940,2024-09-20 03:21:01,1,0.09,0.0911382,62.48,BTC-28MAR25-85000-C,63332.43,sell,5.0,5.0,,,,
468,318244941,2024-09-20 03:21:01,1,0.09,0.0911382,62.48,BTC-28MAR25-85000-C,63332.43,sell,7.9,7.9,,,,
469,318244942,2024-09-20 03:21:01,1,0.09,0.0911382,62.48,BTC-28MAR25-85000-C,63332.43,buy,1.3,1.3,,,,
470,318244943,2024-09-20 03:21:01,1,0.09,0.09114322,62.48,BTC-28MAR25-85000-C,63330.79,buy,31.5,31.5,,,,
471,318244945,2024-09-20 03:21:02,1,0.09,0.09114322,62.48,BTC-28MAR25-85000-C,63330.79,buy,2.4,2.4,,,,
472,318244946,2024-09-20 03:21:02,0,0.0905,0.09113005,62.66,BTC-28MAR25-85000-C,63330.79,buy,5.0,5.0,,,,
473,318244999,2024-09-20 03:21:42,2,0.0895,0.09090396,62.33,BTC-28MAR25-85000-C,63322.76,sell,7.9,7.9,,,,
474,318245000,2024-09-20 03:21:42,3,0.0895,0.09090396,62.33,BTC-28MAR25-85000-C,63322.76,buy,17.0,17.0,,,,
475,318245001,2024-09-20 03:21:42,3,0.0895,0.09090396,62.33,BTC-28MAR25-85000-C,63322.76,buy,4.8,4.8,,,,
476,318245002,2024-09-20 03:21:42,3,0.0895,0.09090396,62.33,BTC-28MAR25-85000-C,63322.76,buy,5.6,5.6,,,,
477,318245044,2024-09-20 03:22:05,2,0.0891,0.09062585,62.23,BTC-28MAR25-85000-C,63293.77,sell,100.0,100.0,,158371,,
478,318245141,2024-09-20 03:24:51,2,0.089,0.09022212,62.23,BTC-28MAR25-85000-C,63281.82,sell,6.0,6.0,,,,
479,318245142,2024-09-20 03:24:51,3,0.089,0.09022212,62.23,BTC-28MAR25-85000-C,63281.82,sell,0.1,0.1,,,,
480,318245665,2024-09-20 03:38:20,2,0.0878,0.08973755,61.68,BTC-28MAR25-85000-C,63347.34,sell,100.0,100.0,,158373,,
481,318245682,2024-09-20 03:38:43,0,0.088,0.08975933,61.74,BTC-28MAR25-85000-C,63354.66,sell,6.0,6.0,,,,
482,318245683,2024-09-20 03:38:43,1,0.088,0.08975933,61.74,BTC-28MAR25-85000-C,63354.66,sell,8.0,8.0,,,,
483,318245684,2024-09-20 03:38:43,1,0.088,0.08975933,61.74,BTC-28MAR25-85000-C,63354.66,sell,2.1,2.1,,,,
484,318245685,2024-09-20 03:38:43,1,0.088,0.08975933,61.74,BTC-28MAR25-85000-C,63354.66,buy,3.4,3.4,,,,
485,318245686,2024-09-20 03:38:43,1,0.088,0.08975933,61.74,BTC-28MAR25-85000-C,63354.66,buy,0.5,0.5,,,,
486,318246259,2024-09-20 03:44:05,2,0.0876,0.08930615,61.6,BTC-28MAR25-85000-C,63369.03,sell,150.0,150.0,,158378,,
487,318249471,2024-09-20 04:01:35,0,0.0905,0.09048084,61.93,BTC-28MAR25-85000-C,63780.96,buy,11.0,11.0,,,,
488,318280487,2024-09-20 08:18:18,2,0.089,0.0896807,62.09,BTC-28MAR25-85000-C,63410.3,buy,1.0,1.0,,,,
489,318300227,2024-09-20 12:42:49,0,0.0927,0.0918555,63.2,BTC-28MAR25-85000-C,63501.22,buy,250.0,250.0,BTC-CS-28MAR25-85000_130000,158507,,
490,318373568,2024-09-21 05:24:38,2,0.0865,0.08755579,62.01,BTC-28MAR25-85000-C,62927.72,buy,0.1,0.1,,,,
491,318373572,2024-09-21 05:24:47,3,0.0865,0.08753573,62.01,BTC-28MAR25-85000-C,62927.53,buy,0.1,0.1,,,,
492,318373578,2024-09-21 05:24:54,3,0.0865,0.08753192,62.01,BTC-28MAR25-85000-C,62927.74,buy,0.1,0.1,,,,
493,318373599,2024-09-21 05:25:20,3,0.0865,0.08750961,61.99,BTC-28MAR25-85000-C,62937.39,buy,0.1,0.1,,,,
494,318517398,2024-09-23 14:19:46,0,0.0905,0.09091034,62.66,BTC-28MAR25-85000-C,63679.62,sell,1.0,1.0,,,,
495,318523390,2024-09-23 15:03:54,2,0.0885,0.08850779,62.79,BTC-28MAR25-85000-C,63194.18,buy,0.1,0.1,,,,
496,318547150,2024-09-23 21:52:32,0,0.089,0.08826654,62.78,BTC-28MAR25-85000-C,63325.88,buy,0.6,0.6,,,,
497,318547185,2024-09-23 21:53:41,1,0.089,0.08829616,62.74,BTC-28MAR25-85000-C,63343.77,sell,0.2,0.2,,,,
498,318548145,2024-09-23 22:39:03,1,0.089,0.08796921,62.87,BTC-28MAR25-85000-C,63279.5,buy,0.1,0.1,,,,
499,318551873,2024-09-24 00:07:15,2,0.088,0.0878635,62.47,BTC-28MAR25-85000-C,63288.73,sell,0.5,0.5,,,,
500,318586324,2024-09-24 11:10:23,2,0.0875,0.08788515,62.14,BTC-28MAR25-85000-C,63395.84,sell,0.1,0.1,,,,
501,318618012,2024-09-24 16:48:57,2,0.086,0.08564564,61.82,BTC-28MAR25-85000-C,63283.18,sell,0.5,0.5,,,,
502,318628054,2024-09-24 18:01:45,0,0.088,0.08754624,61.73,BTC-28MAR25-85000-C,63767.45,buy,0.5,0.5,,,,
503,318628060,2024-09-24 18:01:47,1,0.088,0.08756076,61.71,BTC-28MAR25-85000-C,63779.68,buy,0.8,0.8,,,,
504,318629876,2024-09-24 18:18:58,2,0.0875,0.08698019,61.76,BTC-28MAR25-85000-C,63630.76,buy,0.5,0.5,,,,
505,318629889,2024-09-24 18:19:04,3,0.0875,0.08703204,61.75,BTC-28MAR25-85000-C,63637.71,buy,0.2,0.2,,,,
506,318629897,2024-09-24 18:19:07,3,0.0875,0.08705462,61.72,BTC-28MAR25-85000-C,63652.16,buy,1.4,1.4,,,,
507,318629914,2024-09-24 18:19:22,3,0.0875,0.08710306,61.72,BTC-28MAR25-85000-C,63655.16,buy,0.2,0.2,,,,
508,318629930,2024-09-24 18:19:25,3,0.0875,0.08710277,61.69,BTC-28MAR25-85000-C,63671.5,buy,2.8,2.8,,,,
509,318629931,2024-09-24 18:19:25,3,0.0875,0.08710277,61.69,BTC-28MAR25-85000-C,63671.5,buy,0.3,0.3,,,,
510,318631681,2024-09-24 18:41:38,0,0.088,0.08775798,61.6,BTC-28MAR25-85000-C,63834.42,buy,0.2,0.2,,,,
511,318631684,2024-09-24 18:41:40,1,0.088,0.08782755,61.58,BTC-28MAR25-85000-C,63847.57,buy,0.1,0.1,,,,
512,318632532,2024-09-24 19:03:33,1,0.088,0.08765651,61.81,BTC-28MAR25-85000-C,63717.93,sell,0.1,0.1,,,,
513,318635337,2024-09-24 19:49:45,0,0.0895,0.0891134,61.79,BTC-28MAR25-85000-C,64030.42,buy,0.3,0.3,,,,
514,318636015,2024-09-24 19:52:38,0,0.09,0.08936703,61.9,BTC-28MAR25-85000-C,64127.6,buy,5.0,5.0,,,,
515,318636016,2024-09-24 19:52:38,1,0.09,0.08936703,61.9,BTC-28MAR25-85000-C,64127.6,buy,5.9,5.9,,,,
516,318636017,2024-09-24 19:52:38,1,0.09,0.08936703,61.9,BTC-28MAR25-85000-C,64127.6,buy,5.0,5.0,,,,
517,318636018,2024-09-24 19:52:38,0,0.0905,0.08936703,62.08,BTC-28MAR25-85000-C,64127.6,buy,2.0,2.0,,,,
518,318636019,2024-09-24 19:52:38,1,0.0905,0.08936703,62.08,BTC-28MAR25-85000-C,64127.6,sell,1.1,1.1,,,,
519,318636030,2024-09-24 19:52:42,1,0.0905,0.08937932,62.09,BTC-28MAR25-85000-C,64123.92,sell,3.0,3.0,,,,
520,318636031,2024-09-24 19:52:42,1,0.0905,0.08937932,62.09,BTC-28MAR25-85000-C,64123.92,sell,0.6,0.6,,,,
521,318637363,2024-09-24 19:56:35,0,0.091,0.09028118,62.11,BTC-28MAR25-85000-C,64222.31,buy,5.0,5.0,,,,
522,318637364,2024-09-24 19:56:35,1,0.091,0.09028118,62.11,BTC-28MAR25-85000-C,64222.31,buy,2.4,2.4,,,,
523,318772256,2024-09-26 00:16:13,2,0.0827,0.08220748,61.0,BTC-28MAR25-85000-C,63194.21,sell,36.4,36.4,,159048,,
524,318838659,2024-09-26 13:12:34,0,0.0884,0.08754571,60.82,BTC-28MAR25-85000-C,64525.89,buy,250.0,250.0,BTC-CS-28MAR25-85000_130000,159127,,
525,318893361,2024-09-26 16:00:06,0,0.0905,0.09001747,60.6,BTC-28MAR25-85000-C,65242.39,buy,1.0,1.0,,,,
526,318893362,2024-09-26 16:00:06,1,0.0905,0.09001747,60.6,BTC-28MAR25-85000-C,65242.39,buy,1.5,1.5,,,,
527,318893401,2024-09-26 16:00:11,0,0.091,0.09012911,60.74,BTC-28MAR25-85000-C,65269.2,buy,2.5,2.5,,,,
528,318893402,2024-09-26 16:00:12,1,0.091,0.09012911,60.74,BTC-28MAR25-85000-C,65269.2,buy,2.5,2.5,,,,
529,318893417,2024-09-26 16:00:15,1,0.091,0.09013763,60.74,BTC-28MAR25-85000-C,65265.61,buy,2.4,2.4,,,,
530,318893418,2024-09-26 16:00:15,1,0.091,0.09013763,60.74,BTC-28MAR25-85000-C,65265.61,buy,0.1,0.1,,,,
531,318893429,2024-09-26 16:00:17,0,0.0915,0.09014289,60.91,BTC-28MAR25-85000-C,65265.61,buy,8.0,8.0,,,,
532,318893430,2024-09-26 16:00:17,1,0.0915,0.09014289,60.91,BTC-28MAR25-85000-C,65265.61,buy,2.0,2.0,,,,
533,318898434,2024-09-26 16:32:20,2,0.0885,0.0928759,59.38,BTC-28MAR25-85000-C,65519.73,buy,12.5,12.5,BTC-CS-28MAR25-85000_130000,159191,,
534,318900227,2024-09-26 16:42:24,0,0.0925,0.09229784,61.02,BTC-28MAR25-85000-C,65423.4,buy,0.5,0.5,,,,
535,319004598,2024-09-27 09:10:26,2,0.0914,0.09151678,60.85,BTC-28MAR25-85000-C,65777.87,sell,34.0,34.0,,159323,,
536,319035383,2024-09-27 13:37:08,0,0.0915,0.09108515,60.74,BTC-28MAR25-85000-C,65479.51,sell,0.5,0.5,,,,
537,319035436,2024-09-27 13:37:38,1,0.0915,0.09109752,60.74,BTC-28MAR25-85000-C,65475.12,sell,0.3,0.3,,,,
538,319035481,2024-09-27 13:37:55,1,0.0915,0.0910815,60.74,BTC-28MAR25-85000-C,65474.76,sell,0.2,0.2,,,,
539,319058379,2024-09-27 15:03:20,0,0.095,0.0944128,60.35,BTC-28MAR25-85000-C,66293.93,buy,5.0,5.0,,,,
540,319058537,2024-09-27 15:03:51,1,0.095,0.09447307,60.31,BTC-28MAR25-85000-C,66318.08,buy,3.0,3.0,,,,
541,319059277,2024-09-27 15:08:00,2,0.0935,0.09422344,59.9,BTC-28MAR25-85000-C,66226.82,sell,0.1,0.1,,,,
542,319059278,2024-09-27 15:08:00,3,0.0935,0.09422344,59.9,BTC-28MAR25-85000-C,66226.82,sell,2.0,2.0,,,,
543,319062987,2024-09-27 15:27:56,3,0.0935,0.09452808,59.67,BTC-28MAR25-85000-C,66341.93,sell,0.2,0.2,,,,
544,319071537,2024-09-27 16:30:32,2,0.0934,0.09327303,60.11,BTC-28MAR25-85000-C,66074.51,sell,15.0,15.0,BTC-CS-28MAR25-85000_130000,159409,,
545,319161346,2024-09-29 07:50:53,2,0.0895,0.0897057,60.29,BTC-28MAR25-85000-C,65482.04,sell,0.1,0.1,,,,
546,319161357,2024-09-29 07:50:56,3,0.0895,0.08970191,60.3,BTC-28MAR25-85000-C,65482.6,sell,0.5,0.5,,,,
547,319161418,2024-09-29 07:51:40,3,0.0895,0.08972979,60.28,BTC-28MAR25-85000-C,65483.9,sell,0.1,0.1,,,,
548,319161425,2024-09-29 07:51:43,3,0.0895,0.08972875,60.29,BTC-28MAR25-85000-C,65480.01,sell,0.3,0.3,,,,
549,319204017,2024-09-30 01:48:02,2,0.0875,0.08683372,60.27,BTC-28MAR25-85000-C,64943.9,buy,0.1,0.1,,,,
550,319205258,2024-09-30 01:51:33,2,0.087,0.08659926,60.16,BTC-28MAR25-85000-C,64849.42,buy,0.1,0.1,,,,
551,319216073,2024-09-30 03:11:53,2,0.084,0.08344967,60.26,BTC-28MAR25-85000-C,64221.86,buy,0.1,0.1,,,,
552,319216335,2024-09-30 03:12:59,3,0.084,0.08393614,60.07,BTC-28MAR25-85000-C,64324.87,buy,0.1,0.1,,,,
553,319216336,2024-09-30 03:12:59,3,0.084,0.08393614,60.07,BTC-28MAR25-85000-C,64324.87,buy,0.1,0.1,,,,
554,319218598,2024-09-30 03:31:43,0,0.0845,0.08446057,60.07,BTC-28MAR25-85000-C,64409.85,buy,0.1,0.1,,,,
555,319218611,2024-09-30 03:32:08,1,0.0845,0.08448195,60.07,BTC-28MAR25-85000-C,64408.37,buy,0.1,0.1,,,,
556,319218646,2024-09-30 03:32:32,1,0.0845,0.08457818,60.04,BTC-28MAR25-85000-C,64429.45,buy,0.1,0.1,,,,
557,319232852,2024-09-30 08:18:29,2,0.084,0.08386801,59.88,BTC-28MAR25-85000-C,64425.02,buy,0.1,0.1,,,,
558,319232945,2024-09-30 08:21:01,3,0.084,0.08375808,59.95,BTC-28MAR25-85000-C,64389.09,buy,0.1,0.1,,,,
559,319234226,2024-09-30 08:25:33,2,0.0835,0.08341706,59.95,BTC-28MAR25-85000-C,64289.58,buy,0.1,0.1,,,,
560,319236015,2024-09-30 08:30:06,3,0.0835,0.08322952,60.12,BTC-28MAR25-85000-C,64262.83,buy,0.1,0.1,,,,
561,319236100,2024-09-30 08:30:55,3,0.0835,0.083328,60.09,BTC-28MAR25-85000-C,64285.22,buy,0.1,0.1,,,,
562,319236157,2024-09-30 08:31:43,0,0.084,0.08350268,60.23,BTC-28MAR25-85000-C,64317.27,buy,0.1,0.1,,,,
563,319236251,2024-09-30 08:32:39,1,0.084,0.08370793,60.16,BTC-28MAR25-85000-C,64346.55,buy,0.1,0.1,,,,
564,319236289,2024-09-30 08:33:33,1,0.084,0.08371384,60.17,BTC-28MAR25-85000-C,64338.35,buy,0.1,0.1,,,,
565,319236340,2024-09-30 08:33:51,0,0.0845,0.08388476,60.31,BTC-28MAR25-85000-C,64371.47,buy,0.1,0.1,,,,
566,319236369,2024-09-30 08:34:07,1,0.0845,0.08387133,60.31,BTC-28MAR25-85000-C,64368.82,buy,0.1,0.1,,,,
567,319236375,2024-09-30 08:34:13,1,0.0845,0.08387072,60.32,BTC-28MAR25-85000-C,64368.12,buy,0.3,0.3,,,,
568,319236484,2024-09-30 08:35:09,2,0.084,0.08390285,60.12,BTC-28MAR25-85000-C,64372.68,buy,0.1,0.1,,,,
569,319236485,2024-09-30 08:35:20,0,0.0845,0.08391871,60.31,BTC-28MAR25-85000-C,64371.11,buy,0.1,0.1,,,,
570,319236570,2024-09-30 08:36:47,1,0.0845,0.08380434,60.38,BTC-28MAR25-85000-C,64333.13,buy,0.1,0.1,,,,
571,319236599,2024-09-30 08:37:08,2,0.084,0.08388852,60.15,BTC-28MAR25-85000-C,64352.97,buy,0.1,0.1,,,,
572,319236676,2024-09-30 08:37:50,3,0.084,0.08372912,60.22,BTC-28MAR25-85000-C,64316.78,buy,0.1,0.1,,,,
573,319236684,2024-09-30 08:38:14,2,0.0835,0.08372805,60.04,BTC-28MAR25-85000-C,64314.97,buy,0.1,0.1,,,,
574,319236725,2024-09-30 08:38:56,0,0.084,0.08362243,60.28,BTC-28MAR25-85000-C,64287.41,buy,0.1,0.1,,,,
575,319237504,2024-09-30 08:40:05,1,0.084,0.0832327,60.43,BTC-28MAR25-85000-C,64198.48,buy,0.1,0.1,,,,
576,319237677,2024-09-30 08:40:17,2,0.083,0.08312647,60.1,BTC-28MAR25-85000-C,64169.46,buy,0.1,0.1,,,,
577,319237730,2024-09-30 08:40:37,0,0.084,0.08322831,60.44,BTC-28MAR25-85000-C,64194.49,buy,0.1,0.1,,,,
578,319237889,2024-09-30 08:41:15,2,0.0835,0.08332661,60.22,BTC-28MAR25-85000-C,64213.46,buy,0.1,0.1,,,,
579,319238095,2024-09-30 08:42:22,2,0.083,0.08340752,60.01,BTC-28MAR25-85000-C,64201.3,sell,0.1,0.1,,,,
580,319238112,2024-09-30 08:42:31,0,0.084,0.08339142,60.4,BTC-28MAR25-85000-C,64193.62,buy,0.1,0.1,,,,
581,319238179,2024-09-30 08:43:24,2,0.083,0.08346994,60.0,BTC-28MAR25-85000-C,64200.69,sell,0.1,0.1,,,,
582,319238190,2024-09-30 08:43:38,0,0.084,0.0835231,60.36,BTC-28MAR25-85000-C,64213.94,buy,0.1,0.1,,,,
583,319238254,2024-09-30 08:44:28,2,0.0835,0.08354561,60.18,BTC-28MAR25-85000-C,64216.19,buy,0.1,0.1,,,,
584,319238263,2024-09-30 08:44:44,0,0.084,0.08354874,60.37,BTC-28MAR25-85000-C,64216.04,buy,0.1,0.1,,,,
585,319238664,2024-09-30 08:46:54,2,0.0835,0.08325849,60.32,BTC-28MAR25-85000-C,64143.06,buy,0.1,0.1,,,,
586,319243283,2024-09-30 09:08:18,3,0.0835,0.08341409,60.45,BTC-28MAR25-85000-C,64154.46,buy,0.1,0.1,,,,
587,319243374,2024-09-30 09:09:20,3,0.0835,0.08328082,60.51,BTC-28MAR25-85000-C,64122.62,buy,0.1,0.1,,,,
588,319246380,2024-09-30 09:20:06,2,0.083,0.08275286,60.57,BTC-28MAR25-85000-C,63960.59,buy,0.1,0.1,,,,
589,319247288,2024-09-30 09:25:20,3,0.083,0.08312912,60.5,BTC-28MAR25-85000-C,64004.64,buy,0.1,0.1,,,,
590,319247348,2024-09-30 09:26:19,3,0.083,0.08298152,60.57,BTC-28MAR25-85000-C,63963.24,buy,0.1,0.1,,,,
591,319247433,2024-09-30 09:27:20,3,0.083,0.0830211,60.56,BTC-28MAR25-85000-C,63966.1,buy,0.1,0.1,,,,
592,319247520,2024-09-30 09:28:31,3,0.083,0.0830933,60.54,BTC-28MAR25-85000-C,63979.02,buy,0.1,0.1,,,,
593,319247586,2024-09-30 09:29:21,3,0.083,0.08309972,60.54,BTC-28MAR25-85000-C,63976.2,buy,0.1,0.1,,,,
594,319247859,2024-09-30 09:31:46,0,0.0835,0.08333478,60.67,BTC-28MAR25-85000-C,64012.74,buy,0.1,0.1,,,,
595,319248049,2024-09-30 09:34:19,2,0.083,0.08282556,60.7,BTC-28MAR25-85000-C,63877.97,buy,0.1,0.1,,,,
596,319248225,2024-09-30 09:35:26,3,0.083,0.08292808,60.68,BTC-28MAR25-85000-C,63888.4,buy,0.1,0.1,,,,
597,319248437,2024-09-30 09:37:06,3,0.083,0.08270195,60.79,BTC-28MAR25-85000-C,63826.99,buy,0.1,0.1,,,,
598,319248507,2024-09-30 09:38:07,3,0.083,0.08274912,60.78,BTC-28MAR25-85000-C,63827.73,buy,0.1,0.1,,,,
599,319270053,2024-09-30 11:01:15,2,0.0815,0.08113903,60.77,BTC-28MAR25-85000-C,63605.22,buy,0.1,0.1,,,,
600,319314662,2024-09-30 16:15:03,2,0.0805,0.08064563,60.58,BTC-28MAR25-85000-C,63629.67,buy,0.3,0.3,,,,
601,319314670,2024-09-30 16:15:06,3,0.0805,0.08067972,60.56,BTC-28MAR25-85000-C,63642.16,buy,0.1,0.1,,,,
602,319314671,2024-09-30 16:15:06,3,0.0805,0.08067972,60.56,BTC-28MAR25-85000-C,63642.16,buy,1.0,1.0,,,,
603,319315838,2024-09-30 16:31:36,2,0.08,0.08056599,60.46,BTC-28MAR25-85000-C,63590.98,sell,0.2,0.2,,,,
604,319318944,2024-09-30 17:09:19,0,0.0805,0.08023627,60.94,BTC-28MAR25-85000-C,63434.15,buy,0.1,0.1,,,,
605,319318945,2024-09-30 17:09:19,1,0.0805,0.08023627,60.94,BTC-28MAR25-85000-C,63434.15,buy,0.3,0.3,,,,
606,319333460,2024-09-30 18:45:27,1,0.0805,0.07965638,61.12,BTC-28MAR25-85000-C,63367.8,buy,0.1,0.1,,,,
607,319333465,2024-09-30 18:45:30,1,0.0805,0.07968515,61.12,BTC-28MAR25-85000-C,63371.86,buy,0.1,0.1,,,,
608,319333482,2024-09-30 18:45:33,1,0.0805,0.07971016,61.11,BTC-28MAR25-85000-C,63376.51,buy,2.1,2.1,,,,
609,319333755,2024-09-30 18:46:44,1,0.0805,0.07995024,61.02,BTC-28MAR25-85000-C,63427.66,buy,0.1,0.1,,,,
610,319333811,2024-09-30 18:47:38,1,0.0805,0.07990372,61.03,BTC-28MAR25-85000-C,63424.04,buy,0.1,0.1,,,,
611,319334230,2024-09-30 18:49:45,2,0.08,0.07955725,60.96,BTC-28MAR25-85000-C,63350.48,buy,0.1,0.1,,,,
612,319334314,2024-09-30 18:50:52,3,0.08,0.07957159,60.97,BTC-28MAR25-85000-C,63344.6,buy,0.1,0.1,,,,
613,319334868,2024-09-30 18:58:36,3,0.08,0.07947414,60.99,BTC-28MAR25-85000-C,63335.98,buy,0.1,0.1,,,,
614,319336542,2024-09-30 19:18:02,3,0.08,0.07982109,60.94,BTC-28MAR25-85000-C,63373.25,buy,0.1,0.1,,,,
615,319336655,2024-09-30 19:21:11,3,0.08,0.07983591,60.94,BTC-28MAR25-85000-C,63380.62,buy,0.1,0.1,,,,
616,319336701,2024-09-30 19:23:14,3,0.08,0.07979262,60.94,BTC-28MAR25-85000-C,63376.46,buy,0.1,0.1,,,,
617,319336855,2024-09-30 19:26:14,3,0.08,0.07970805,60.97,BTC-28MAR25-85000-C,63358.59,buy,0.1,0.1,,,,
618,319336856,2024-09-30 19:26:14,3,0.08,0.07970805,60.97,BTC-28MAR25-85000-C,63358.59,buy,1.5,1.5,,,,
619,319337069,2024-09-30 19:29:35,3,0.08,0.07985746,60.91,BTC-28MAR25-85000-C,63387.27,buy,0.1,0.1,,,,
620,319338555,2024-09-30 19:50:37,0,0.0805,0.08024862,60.84,BTC-28MAR25-85000-C,63536.95,buy,0.1,0.1,,,,
621,319338556,2024-09-30 19:50:37,1,0.0805,0.08024862,60.84,BTC-28MAR25-85000-C,63536.95,buy,1.1,1.1,,,,
622,319358084,2024-10-01 00:50:54,2,0.08,0.07982905,60.82,BTC-28MAR25-85000-C,63501.96,buy,0.1,0.1,,,,
623,319358820,2024-10-01 01:00:31,2,0.0795,0.08023772,60.54,BTC-28MAR25-85000-C,63506.92,sell,0.1,0.1,,,,
624,319358894,2024-10-01 01:01:40,3,0.0795,0.0800069,60.63,BTC-28MAR25-85000-C,63450.3,sell,0.1,0.1,,,,
625,319374399,2024-10-01 07:06:15,0,0.084,0.08448366,61.39,BTC-28MAR25-85000-C,64023.52,sell,0.1,0.1,,,,
626,319374400,2024-10-01 07:06:15,1,0.084,0.08448366,61.39,BTC-28MAR25-85000-C,64023.52,sell,0.2,0.2,,,,
627,319512943,2024-10-01 20:01:40,2,0.071,0.07115614,60.48,BTC-28MAR25-85000-C,61671.23,buy,0.6,0.6,,,,
628,319517811,2024-10-01 20:18:28,2,0.07,0.06932401,60.88,BTC-28MAR25-85000-C,61190.06,buy,150.0,150.0,,159976,,
629,319521121,2024-10-01 20:24:00,2,0.0693,0.06859308,60.89,BTC-28MAR25-85000-C,60992.7,buy,150.0,150.0,,159978,,
630,319521312,2024-10-01 20:24:52,2,0.0692,0.06824789,60.99,BTC-28MAR25-85000-C,60901.4,buy,150.0,150.0,,159980,,
631,319554696,2024-10-02 01:46:23,0,0.0705,0.07124317,60.53,BTC-28MAR25-85000-C,61429.68,sell,0.5,0.5,,,,
632,319555868,2024-10-02 02:08:58,0,0.072,0.07151939,60.99,BTC-28MAR25-85000-C,61537.27,buy,5.0,5.0,,,,
633,319557289,2024-10-02 02:29:02,1,0.072,0.07165909,60.94,BTC-28MAR25-85000-C,61597.19,buy,5.0,5.0,,,,
634,319574638,2024-10-02 07:26:10,0,0.073,0.07224802,61.3,BTC-28MAR25-85000-C,61618.74,buy,2.5,2.5,,,,
635,319574639,2024-10-02 07:26:10,1,0.073,0.07224802,61.3,BTC-28MAR25-85000-C,61618.74,buy,5.0,5.0,,,,
636,319575034,2024-10-02 07:31:12,0,0.0735,0.07311116,61.3,BTC-28MAR25-85000-C,61726.03,buy,2.5,2.5,,,,
637,319575035,2024-10-02 07:31:12,1,0.0735,0.07311116,61.3,BTC-28MAR25-85000-C,61726.03,buy,5.0,5.0,,,,
638,319584396,2024-10-02 09:35:10,2,0.0725,0.07208955,61.34,BTC-28MAR25-85000-C,61462.0,buy,5.0,5.0,,,,
639,319584397,2024-10-02 09:35:10,3,0.0725,0.07208955,61.34,BTC-28MAR25-85000-C,61462.0,buy,2.5,2.5,,,,
640,319587037,2024-10-02 09:59:43,2,0.0705,0.0711855,60.93,BTC-28MAR25-85000-C,61239.15,sell,0.3,0.3,,,,
641,319587823,2024-10-02 10:08:27,3,0.0705,0.07106162,60.95,BTC-28MAR25-85000-C,61204.8,sell,0.1,0.1,,,,
642,319587824,2024-10-02 10:08:27,3,0.0705,0.07106162,60.95,BTC-28MAR25-85000-C,61204.8,sell,4.6,4.6,,,,
643,319587997,2024-10-02 10:10:08,3,0.0705,0.07117655,60.91,BTC-28MAR25-85000-C,61237.18,sell,0.1,0.1,,,,
644,319587998,2024-10-02 10:10:08,3,0.0705,0.07117655,60.91,BTC-28MAR25-85000-C,61237.18,sell,1.8,1.8,,,,
645,319591014,2024-10-02 10:56:49,3,0.0705,0.07079241,61.02,BTC-28MAR25-85000-C,61204.56,sell,0.6,0.6,,,,
646,319597427,2024-10-02 12:12:43,2,0.0695,0.06975937,61.02,BTC-28MAR25-85000-C,60965.53,buy,1.0,1.0,,,,
647,319597765,2024-10-02 12:15:44,3,0.0695,0.06965689,61.04,BTC-28MAR25-85000-C,60958.98,buy,1.0,1.0,,,,
648,319698794,2024-10-03 02:29:01,2,0.069,0.06902032,60.61,BTC-28MAR25-85000-C,61084.07,sell,1.0,1.0,,,,
649,319794425,2024-10-03 20:25:38,2,0.068,0.06759067,60.77,BTC-28MAR25-85000-C,60809.63,sell,2.7,2.7,,,,
650,319794428,2024-10-03 20:25:40,3,0.068,0.0675911,60.77,BTC-28MAR25-85000-C,60809.49,sell,0.1,0.1,,,,
651,319794440,2024-10-03 20:26:06,3,0.068,0.06762491,60.78,BTC-28MAR25-85000-C,60804.02,sell,0.1,0.1,,,,
652,319794441,2024-10-03 20:26:06,3,0.068,0.06762491,60.78,BTC-28MAR25-85000-C,60804.02,sell,0.1,0.1,,,,
653,319794648,2024-10-03 20:31:12,3,0.068,0.06805231,60.76,BTC-28MAR25-85000-C,60815.83,sell,2.6,2.6,,,,
654,319794649,2024-10-03 20:31:12,3,0.068,0.06805231,60.76,BTC-28MAR25-85000-C,60815.83,sell,0.1,0.1,,,,
655,319794650,2024-10-03 20:31:12,3,0.068,0.06805231,60.76,BTC-28MAR25-85000-C,60815.83,sell,0.2,0.2,,,,
656,319794658,2024-10-03 20:31:13,3,0.068,0.06805231,60.76,BTC-28MAR25-85000-C,60815.83,sell,0.1,0.1,,,,
657,319794663,2024-10-03 20:31:16,3,0.068,0.06799986,60.77,BTC-28MAR25-85000-C,60806.83,sell,0.1,0.1,,,,
658,319794664,2024-10-03 20:31:16,3,0.068,0.06799986,60.77,BTC-28MAR25-85000-C,60806.83,sell,0.1,0.1,,,,
659,319794671,2024-10-03 20:31:21,3,0.068,0.06792948,60.8,BTC-28MAR25-85000-C,60788.66,sell,0.1,0.1,,,,
660,319794675,2024-10-03 20:31:22,3,0.068,0.06792386,60.8,BTC-28MAR25-85000-C,60788.45,sell,0.1,0.1,,,,
661,319794676,2024-10-03 20:31:22,3,0.068,0.06792386,60.8,BTC-28MAR25-85000-C,60788.45,sell,0.1,0.1,,,,
662,319794677,2024-10-03 20:31:22,3,0.068,0.06792386,60.8,BTC-28MAR25-85000-C,60788.45,sell,0.1,0.1,,,,
663,319813629,2024-10-04 02:13:58,3,0.068,0.06843384,60.28,BTC-28MAR25-85000-C,61115.36,buy,1.2,1.2,,,,
664,319821929,2024-10-04 06:11:45,0,0.069,0.06899782,60.66,BTC-28MAR25-85000-C,61139.29,buy,0.4,0.4,,,,
665,319823729,2024-10-04 06:43:43,1,0.069,0.06921527,60.58,BTC-28MAR25-85000-C,61185.22,buy,0.8,0.8,,,,
666,319870824,2024-10-04 15:07:10,0,0.0705,0.07010561,60.58,BTC-28MAR25-85000-C,61644.71,sell,0.1,0.1,,,,
667,319880124,2024-10-04 16:33:38,0,0.0715,0.07120317,60.12,BTC-28MAR25-85000-C,62162.14,sell,0.1,0.1,,,,
668,319880127,2024-10-04 16:33:42,1,0.0715,0.07121696,60.12,BTC-28MAR25-85000-C,62162.63,sell,0.4,0.4,,,,
669,319884429,2024-10-04 17:13:31,1,0.0715,0.07123339,60.03,BTC-28MAR25-85000-C,62208.0,sell,0.1,0.1,,,,
670,319886129,2024-10-04 17:36:27,2,0.0695,0.06987502,59.71,BTC-28MAR25-85000-C,61929.63,buy,0.1,0.1,,,,
671,319889402,2024-10-04 18:34:19,0,0.0715,0.07110411,60.01,BTC-28MAR25-85000-C,62223.67,buy,0.1,0.1,,,,
672,319901035,2024-10-04 21:36:10,2,0.071,0.07130141,59.68,BTC-28MAR25-85000-C,62292.24,buy,0.1,0.1,,,,
673,319905588,2024-10-04 23:41:36,2,0.0695,0.06989388,59.51,BTC-28MAR25-85000-C,62045.84,sell,0.1,0.1,,,,
674,319905589,2024-10-04 23:41:38,3,0.0695,0.06988784,59.52,BTC-28MAR25-85000-C,62041.22,sell,0.1,0.1,,,,
675,319905590,2024-10-04 23:41:39,3,0.0695,0.06987939,59.52,BTC-28MAR25-85000-C,62040.51,sell,0.1,0.1,,,,
676,319905591,2024-10-04 23:41:40,3,0.0695,0.06987684,59.52,BTC-28MAR25-85000-C,62040.51,sell,0.1,0.1,,,,
677,319905592,2024-10-04 23:41:41,3,0.0695,0.06987729,59.52,BTC-28MAR25-85000-C,62040.7,sell,0.1,0.1,,,,
678,319905593,2024-10-04 23:41:43,3,0.0695,0.06987823,59.52,BTC-28MAR25-85000-C,62039.99,sell,0.1,0.1,,,,
679,319905594,2024-10-04 23:41:44,3,0.0695,0.06987569,59.52,BTC-28MAR25-85000-C,62040.36,sell,0.1,0.1,,,,
680,319905595,2024-10-04 23:41:45,3,0.0695,0.06987769,59.52,BTC-28MAR25-85000-C,62040.36,sell,0.1,0.1,,,,
681,319905596,2024-10-04 23:41:46,3,0.0695,0.06987825,59.52,BTC-28MAR25-85000-C,62040.36,sell,0.1,0.1,,,,
682,319905597,2024-10-04 23:41:47,3,0.0695,0.06987881,59.52,BTC-28MAR25-85000-C,62040.36,sell,0.1,0.1,,,,
683,319905598,2024-10-04 23:41:48,3,0.0695,0.06987701,59.52,BTC-28MAR25-85000-C,62039.65,sell,0.1,0.1,,,,
684,319905599,2024-10-04 23:41:50,3,0.0695,0.06987746,59.52,BTC-28MAR25-85000-C,62040.07,sell,0.1,0.1,,,,
685,319979906,2024-10-06 16:24:49,0,0.0715,0.07153435,59.32,BTC-28MAR25-85000-C,62731.44,buy,0.1,0.1,,,,
686,319981187,2024-10-06 16:44:21,0,0.072,0.07181121,59.55,BTC-28MAR25-85000-C,62703.5,buy,0.1,0.1,,,,
687,319984389,2024-10-06 18:09:53,1,0.072,0.07226891,59.65,BTC-28MAR25-85000-C,62681.56,buy,0.4,0.4,,,,
688,320011028,2024-10-07 01:05:03,0,0.077,0.07704447,59.85,BTC-28MAR25-85000-C,63801.65,buy,0.1,0.1,,,,
689,320023674,2024-10-07 03:32:57,2,0.076,0.07614424,59.83,BTC-28MAR25-85000-C,63605.16,sell,1.0,1.0,,,,
690,320032446,2024-10-07 06:17:32,2,0.075,0.07508412,59.48,BTC-28MAR25-85000-C,63494.37,buy,0.1,0.1,,,,
691,320040557,2024-10-07 08:23:36,3,0.075,0.0753349,59.42,BTC-28MAR25-85000-C,63573.62,sell,0.1,0.1,,,,
692,320075082,2024-10-07 14:04:28,2,0.0745,0.07465118,59.22,BTC-28MAR25-85000-C,63592.56,buy,0.1,0.1,,,,
693,320116236,2024-10-07 18:43:57,2,0.0725,0.07246429,59.12,BTC-28MAR25-85000-C,63202.09,buy,0.1,0.1,,,,
694,320120735,2024-10-07 19:03:06,2,0.071,0.07134067,58.92,BTC-28MAR25-85000-C,62989.94,buy,0.7,0.7,,,,
695,320120985,2024-10-07 19:05:49,0,0.0715,0.07165527,58.94,BTC-28MAR25-85000-C,63118.36,buy,0.2,0.2,,,,
696,320188234,2024-10-08 08:42:05,2,0.0675,0.06685482,58.79,BTC-28MAR25-85000-C,62318.02,buy,0.7,0.7,,,,
697,320209042,2024-10-08 13:07:47,0,0.0685,0.06791439,58.99,BTC-28MAR25-85000-C,62394.67,sell,0.9,0.9,,,,
698,320252177,2024-10-08 18:18:03,2,0.067,0.06688756,58.65,BTC-28MAR25-85000-C,62322.92,sell,10.0,10.0,,,,
699,320252260,2024-10-08 18:19:46,3,0.067,0.06698659,58.65,BTC-28MAR25-85000-C,62324.19,sell,0.4,0.4,,,,
700,320252436,2024-10-08 18:23:29,2,0.0665,0.06663426,58.64,BTC-28MAR25-85000-C,62213.08,sell,0.4,0.4,,,,
701,320252437,2024-10-08 18:23:31,3,0.0665,0.06659379,58.65,BTC-28MAR25-85000-C,62209.18,sell,0.2,0.2,,,,
702,320252438,2024-10-08 18:23:35,3,0.0665,0.06659441,58.65,BTC-28MAR25-85000-C,62209.06,sell,0.1,0.1,,,,
703,320252442,2024-10-08 18:23:40,3,0.0665,0.06660102,58.65,BTC-28MAR25-85000-C,62208.98,sell,0.3,0.3,,,,
704,320252476,2024-10-08 18:23:49,3,0.0665,0.06661982,58.65,BTC-28MAR25-85000-C,62209.93,sell,0.2,0.2,,,,
705,320252481,2024-10-08 18:23:53,3,0.0665,0.06659368,58.66,BTC-28MAR25-85000-C,62206.26,sell,0.2,0.2,,,,
706,320252483,2024-10-08 18:23:55,3,0.0665,0.06658129,58.66,BTC-28MAR25-85000-C,62203.32,sell,0.2,0.2,,,,
707,320264024,2024-10-08 21:14:49,3,0.0665,0.0663795,58.52,BTC-28MAR25-85000-C,62303.04,sell,1.1,1.1,,,,
708,320325513,2024-10-09 14:50:43,2,0.0635,0.06365179,58.23,BTC-28MAR25-85000-C,61734.11,buy,0.1,0.1,,,,
709,320325519,2024-10-09 14:50:50,3,0.0635,0.06365412,58.23,BTC-28MAR25-85000-C,61733.27,sell,4.0,4.0,,,,
710,320326079,2024-10-09 14:57:13,3,0.0635,0.06357954,58.28,BTC-28MAR25-85000-C,61720.68,buy,0.1,0.1,,,,
711,320326883,2024-10-09 15:08:07,0,0.064,0.0641271,58.19,BTC-28MAR25-85000-C,61913.62,buy,0.1,0.1,,,,
712,320326884,2024-10-09 15:08:07,1,0.064,0.0641271,58.19,BTC-28MAR25-85000-C,61913.62,sell,4.1,4.1,,,,
713,320327547,2024-10-09 15:14:55,0,0.0645,0.06480437,58.09,BTC-28MAR25-85000-C,62082.28,buy,0.1,0.1,,,,
714,320332629,2024-10-09 16:04:18,0,0.065,0.06517882,58.16,BTC-28MAR25-85000-C,62175.82,buy,0.1,0.1,,,,
715,320332685,2024-10-09 16:04:21,1,0.065,0.06522958,58.11,BTC-28MAR25-85000-C,62175.82,buy,0.1,0.1,,,,
716,320332686,2024-10-09 16:04:22,1,0.065,0.06535551,58.1,BTC-28MAR25-85000-C,62175.82,buy,0.1,0.1,,,,
717,320332687,2024-10-09 16:04:23,1,0.065,0.06535287,58.1,BTC-28MAR25-85000-C,62215.55,buy,0.1,0.1,,,,
718,320332688,2024-10-09 16:04:25,1,0.065,0.06535676,58.09,BTC-28MAR25-85000-C,62215.55,buy,0.1,0.1,,,,
719,320332697,2024-10-09 16:04:26,1,0.065,0.06536012,58.09,BTC-28MAR25-85000-C,62215.55,buy,0.1,0.1,,,,
720,320332708,2024-10-09 16:04:28,1,0.065,0.06536059,58.1,BTC-28MAR25-85000-C,62215.55,buy,0.1,0.1,,,,
721,320332710,2024-10-09 16:04:29,1,0.065,0.06535299,58.1,BTC-28MAR25-85000-C,62215.55,buy,0.1,0.1,,,,
722,320372703,2024-10-09 22:30:57,2,0.06,0.06025137,58.55,BTC-28MAR25-85000-C,60701.76,sell,1.0,1.0,,,,
723,320392240,2024-10-10 04:25:55,2,0.0595,0.05962952,58.2,BTC-28MAR25-85000-C,60827.45,buy,1.0,1.0,,,,
724,320424877,2024-10-10 12:46:08,2,0.059,0.05971535,57.9,BTC-28MAR25-85000-C,60916.73,sell,0.2,0.2,,,,
725,320424895,2024-10-10 12:46:11,3,0.059,0.05966892,57.93,BTC-28MAR25-85000-C,60909.86,sell,2.6,2.6,,,,
726,320424918,2024-10-10 12:46:38,3,0.059,0.05961574,57.95,BTC-28MAR25-85000-C,60886.68,sell,0.4,0.4,,,,
727,320424952,2024-10-10 12:46:42,3,0.059,0.05957588,57.96,BTC-28MAR25-85000-C,60881.69,sell,0.2,0.2,,,,
728,320424954,2024-10-10 12:46:45,3,0.059,0.05953976,57.97,BTC-28MAR25-85000-C,60877.13,sell,0.7,0.7,,,,
729,320446212,2024-10-10 15:53:59,2,0.058,0.05828063,57.87,BTC-28MAR25-85000-C,60682.56,sell,0.2,0.2,,,,
730,320446536,2024-10-10 15:57:13,3,0.058,0.05842983,57.8,BTC-28MAR25-85000-C,60709.49,sell,0.2,0.2,,,,
731,320496803,2024-10-10 20:05:27,2,0.0555,0.05471861,58.58,BTC-28MAR25-85000-C,59701.34,buy,2.8,2.8,,,,
732,320496804,2024-10-10 20:05:27,3,0.0555,0.05471861,58.58,BTC-28MAR25-85000-C,59701.34,sell,4.1,4.1,,,,
733,320496805,2024-10-10 20:05:27,3,0.0555,0.05471861,58.58,BTC-28MAR25-85000-C,59701.34,sell,2.1,2.1,,,,
734,320496806,2024-10-10 20:05:27,3,0.0555,0.05471861,58.58,BTC-28MAR25-85000-C,59701.34,sell,1.0,1.0,,,,
735,320497265,2024-10-10 20:09:51,0,0.056,0.05569651,58.52,BTC-28MAR25-85000-C,59852.11,buy,0.1,0.1,,,,
736,320497266,2024-10-10 20:09:51,1,0.056,0.05569651,58.52,BTC-28MAR25-85000-C,59852.11,buy,0.1,0.1,,,,
737,320516995,2024-10-11 01:46:30,0,0.057,0.05708426,58.39,BTC-28MAR25-85000-C,60156.49,buy,0.1,0.1,,,,
738,320557470,2024-10-11 11:50:32,0,0.06,0.05995412,57.98,BTC-28MAR25-85000-C,61200.07,buy,0.1,0.1,,,,
739,320568392,2024-10-11 13:34:39,0,0.0625,0.0630053,58.28,BTC-28MAR25-85000-C,61696.09,sell,2.0,2.0,,,,
740,320668185,2024-10-12 11:40:05,0,0.068,0.06768655,58.6,BTC-28MAR25-85000-C,62931.48,buy,0.1,0.1,,,,
741,320673315,2024-10-12 13:18:58,2,0.0675,0.06767417,58.35,BTC-28MAR25-85000-C,62997.76,buy,0.2,0.2,,,,
742,320688497,2024-10-12 17:14:05,0,0.0695,0.06769623,59.11,BTC-28MAR25-85000-C,63112.34,buy,0.6,0.6,,,,
743,320689201,2024-10-12 17:38:27,0,0.07,0.06772305,59.3,BTC-28MAR25-85000-C,63110.35,buy,0.1,0.1,,,,
744,320796537,2024-10-14 07:16:01,0,0.0735,0.07406366,59.09,BTC-28MAR25-85000-C,64063.82,sell,8.0,8.0,,,,
745,320796538,2024-10-14 07:16:01,1,0.0735,0.07406366,59.09,BTC-28MAR25-85000-C,64063.82,sell,0.1,0.1,,,,
746,320796556,2024-10-14 07:16:02,1,0.0735,0.07406366,59.09,BTC-28MAR25-85000-C,64063.82,buy,8.0,8.0,,,,
747,320796558,2024-10-14 07:16:02,1,0.0735,0.07404977,59.08,BTC-28MAR25-85000-C,64065.77,buy,8.0,8.0,,,,
748,320796560,2024-10-14 07:16:03,1,0.0735,0.07404977,59.08,BTC-28MAR25-85000-C,64065.77,buy,6.0,6.0,,,,
749,320796664,2024-10-14 07:16:30,2,0.073,0.0735704,58.92,BTC-28MAR25-85000-C,64051.05,buy,0.1,0.1,,,,
750,320796782,2024-10-14 07:17:48,2,0.0725,0.0731666,58.71,BTC-28MAR25-85000-C,64063.41,buy,0.6,0.6,,,,
751,320796840,2024-10-14 07:18:37,3,0.0725,0.07292316,58.76,BTC-28MAR25-85000-C,64035.62,buy,0.7,0.7,,,,
752,320797820,2024-10-14 07:29:08,0,0.073,0.07267962,58.96,BTC-28MAR25-85000-C,64038.65,buy,0.7,0.7,,,,
753,320798129,2024-10-14 07:31:42,0,0.0735,0.07286398,59.08,BTC-28MAR25-85000-C,64071.93,buy,4.7,4.7,,,,
754,320798130,2024-10-14 07:31:42,1,0.0735,0.07286398,59.08,BTC-28MAR25-85000-C,64071.93,buy,0.1,0.1,,,,
755,320798634,2024-10-14 07:33:26,0,0.074,0.07333083,59.04,BTC-28MAR25-85000-C,64215.58,buy,0.1,0.1,,,,
756,320798637,2024-10-14 07:33:26,1,0.074,0.07333083,59.04,BTC-28MAR25-85000-C,64215.58,buy,0.1,0.1,,,,
757,320813058,2024-10-14 08:28:45,0,0.075,0.07489063,58.83,BTC-28MAR25-85000-C,64578.11,sell,0.1,0.1,,,,
758,320819593,2024-10-14 09:38:04,1,0.075,0.07488838,58.79,BTC-28MAR25-85000-C,64625.52,buy,50.0,50.0,,,,
759,320819598,2024-10-14 09:38:33,0,0.076,0.07495361,59.17,BTC-28MAR25-85000-C,64634.8,buy,5.5,5.5,,,,
760,320819599,2024-10-14 09:38:33,1,0.076,0.07495361,59.17,BTC-28MAR25-85000-C,64634.8,buy,0.7,0.7,,,,
761,320841275,2024-10-14 12:56:24,0,0.0775,0.07743826,59.36,BTC-28MAR25-85000-C,64866.59,sell,0.1,0.1,,,,
762,320841327,2024-10-14 12:56:57,1,0.0775,0.07757152,59.3,BTC-28MAR25-85000-C,64898.34,sell,0.1,0.1,,,,
763,320947583,2024-10-14 23:03:01,0,0.0825,0.08314264,58.59,BTC-28MAR25-85000-C,66301.05,buy,0.1,0.1,,,,
764,320967952,2024-10-15 02:42:16,2,0.08,0.08056709,58.83,BTC-28MAR25-85000-C,65737.32,sell,0.1,0.1,,,,
765,320969204,2024-10-15 03:19:42,2,0.079,0.07977683,58.66,BTC-28MAR25-85000-C,65629.54,sell,0.6,0.6,,,,
766,320974734,2024-10-15 04:31:05,2,0.078,0.07839559,58.45,BTC-28MAR25-85000-C,65525.08,buy,0.1,0.1,,,,
767,320975074,2024-10-15 04:37:34,0,0.0785,0.07882175,58.45,BTC-28MAR25-85000-C,65613.67,sell,0.1,0.1,,,,
768,320975075,2024-10-15 04:37:35,0,0.079,0.07882379,58.65,BTC-28MAR25-85000-C,65613.76,sell,0.7,0.7,,,,
769,320975076,2024-10-15 04:38:00,2,0.0785,0.07883042,58.46,BTC-28MAR25-85000-C,65613.5,sell,0.5,0.5,,,,
770,321000517,2024-10-15 11:29:40,2,0.0765,0.07669825,58.0,BTC-28MAR25-85000-C,65503.62,buy,0.1,0.1,,,,
771,321004607,2024-10-15 12:11:52,2,0.076,0.07625857,57.97,BTC-28MAR25-85000-C,65396.86,sell,0.1,0.1,,,,
772,321024815,2024-10-15 13:57:29,0,0.087,0.08647359,58.8,BTC-28MAR25-85000-C,67408.85,sell,0.1,0.1,,,,
773,321025391,2024-10-15 13:58:14,0,0.0875,0.08716291,58.85,BTC-28MAR25-85000-C,67473.23,sell,0.2,0.2,,,,
774,321098496,2024-10-15 16:22:13,2,0.0845,0.08425738,59.36,BTC-28MAR25-85000-C,66594.25,sell,0.1,0.1,,,,
775,321098501,2024-10-15 16:22:14,3,0.0845,0.0842547,59.39,BTC-28MAR25-85000-C,66582.05,sell,0.3,0.3,,,,
776,321098503,2024-10-15 16:22:14,3,0.0845,0.0842547,59.39,BTC-28MAR25-85000-C,66582.05,sell,0.1,0.1,,,,
777,321098504,2024-10-15 16:22:15,3,0.0845,0.08420361,59.39,BTC-28MAR25-85000-C,66578.05,sell,0.1,0.1,,,,
778,321098514,2024-10-15 16:22:16,3,0.0845,0.08418834,59.41,BTC-28MAR25-85000-C,66569.03,sell,0.1,0.1,,,,
779,321098520,2024-10-15 16:22:17,3,0.0845,0.08415102,59.42,BTC-28MAR25-85000-C,66563.51,sell,0.1,0.1,,,,
780,321098521,2024-10-15 16:22:17,3,0.0845,0.08415102,59.42,BTC-28MAR25-85000-C,66563.51,sell,0.1,0.1,,,,
781,321098684,2024-10-15 16:22:39,2,0.084,0.08356683,59.45,BTC-28MAR25-85000-C,66434.06,sell,0.1,0.1,,,,
782,321120850,2024-10-15 18:23:24,0,0.0875,0.08765981,59.48,BTC-28MAR25-85000-C,67275.03,sell,0.9,0.9,,,,
783,321148222,2024-10-15 21:52:42,2,0.082,0.08239434,59.12,BTC-28MAR25-85000-C,66434.82,sell,0.7,0.7,,,,
784,321149055,2024-10-15 22:02:21,0,0.0825,0.08263029,59.13,BTC-28MAR25-85000-C,66536.55,buy,1.0,1.0,,,,
785,321183732,2024-10-16 03:56:05,0,0.0845,0.0844351,58.79,BTC-28MAR25-85000-C,67135.05,sell,0.1,0.1,,,,
786,321184653,2024-10-16 04:16:44,2,0.084,0.08422085,58.64,BTC-28MAR25-85000-C,67141.99,buy,0.1,0.1,,,,
787,321184728,2024-10-16 04:18:27,3,0.084,0.08419523,58.65,BTC-28MAR25-85000-C,67139.74,buy,0.1,0.1,,,,
788,321199295,2024-10-16 07:27:51,2,0.0825,0.0825883,58.57,BTC-28MAR25-85000-C,66876.33,sell,0.6,0.6,,,,
789,321206562,2024-10-16 08:36:42,0,0.0835,0.08396899,58.41,BTC-28MAR25-85000-C,67197.44,sell,0.6,0.6,,,,
790,321239834,2024-10-16 11:45:55,0,0.0925,0.09197543,59.83,BTC-28MAR25-85000-C,68258.1,buy,1.0,1.0,,,,
791,321244304,2024-10-16 12:01:26,2,0.091,0.09073125,60.03,BTC-28MAR25-85000-C,67814.81,sell,0.1,0.1,,,,
792,321289322,2024-10-16 18:09:00,2,0.0898,0.08888654,59.63,BTC-28MAR25-85000-C,67895.94,buy,10.0,10.0,,162209,,
793,321289381,2024-10-16 18:09:28,3,0.0898,0.08915829,59.55,BTC-28MAR25-85000-C,67960.94,buy,88.1,88.1,,162210,,
794,321294474,2024-10-16 19:37:39,2,0.089,0.08850038,59.52,BTC-28MAR25-85000-C,67800.1,sell,1.0,1.0,,,,
795,321298477,2024-10-16 20:44:09,2,0.0885,0.08857488,59.05,BTC-28MAR25-85000-C,67887.77,buy,1.7,1.7,,,,
796,321351903,2024-10-17 10:35:10,2,0.082,0.08153553,58.67,BTC-28MAR25-85000-C,66812.69,buy,0.6,0.6,,,,
797,321362490,2024-10-17 12:43:41,0,0.0835,0.08332258,58.74,BTC-28MAR25-85000-C,67108.41,buy,0.9,0.9,,,,
798,321400977,2024-10-17 18:29:15,2,0.082,0.08153293,58.7,BTC-28MAR25-85000-C,66827.46,buy,0.9,0.9,,,,
799,321410112,2024-10-17 21:37:24,0,0.0825,0.08198668,58.56,BTC-28MAR25-85000-C,67080.53,sell,0.1,0.1,,,,
800,321412251,2024-10-17 22:32:31,0,0.083,0.083061,58.34,BTC-28MAR25-85000-C,67312.42,buy,0.6,0.6,,,,
801,321434652,2024-10-18 03:51:39,0,0.085,0.08485461,58.35,BTC-28MAR25-85000-C,67687.41,sell,1.0,1.0,,,,
802,321479386,2024-10-18 13:42:03,0,0.0855,0.08544483,57.92,BTC-28MAR25-85000-C,67980.16,buy,0.1,0.1,,,,
803,321482156,2024-10-18 13:51:52,1,0.0855,0.08529759,58.01,BTC-28MAR25-85000-C,67925.23,buy,0.6,0.6,,,,
804,321511972,2024-10-18 16:29:59,0,0.089,0.08907451,58.23,BTC-28MAR25-85000-C,68642.57,buy,1.0,1.0,,,,
805,321512739,2024-10-18 16:41:25,0,0.0895,0.08978694,58.13,BTC-28MAR25-85000-C,68814.79,buy,0.1,0.1,,,,
806,321534125,2024-10-18 22:36:22,2,0.0875,0.08746425,58.44,BTC-28MAR25-85000-C,68253.21,buy,0.6,0.6,,,,
807,321536357,2024-10-18 23:22:36,3,0.0875,0.0877623,58.32,BTC-28MAR25-85000-C,68340.96,buy,1.0,1.0,,,,
808,321536358,2024-10-18 23:22:36,3,0.0875,0.0877623,58.32,BTC-28MAR25-85000-C,68340.96,sell,0.9,0.9,,,,
809,321537859,2024-10-18 23:59:06,0,0.088,0.08817581,58.34,BTC-28MAR25-85000-C,68422.74,buy,1.1,1.1,,,,
810,321537860,2024-10-18 23:59:06,1,0.088,0.08817581,58.34,BTC-28MAR25-85000-C,68422.74,buy,0.9,0.9,,,,
811,321551943,2024-10-19 07:42:25,2,0.0875,0.08790413,58.36,BTC-28MAR25-85000-C,68332.15,sell,1.1,1.1,,,,
812,321586556,2024-10-20 11:50:38,0,0.0885,0.08783868,58.81,BTC-28MAR25-85000-C,68431.18,sell,6.0,6.0,,,,
813,321586737,2024-10-20 12:01:42,0,0.089,0.08818676,59.02,BTC-28MAR25-85000-C,68417.4,sell,6.0,6.0,,,,
814,321603695,2024-10-20 19:32:49,2,0.0885,0.08862831,58.48,BTC-28MAR25-85000-C,68490.12,sell,0.1,0.1,,,,
815,321607232,2024-10-20 21:03:57,0,0.091,0.09009392,58.9,BTC-28MAR25-85000-C,68798.88,sell,1.1,1.1,,,,
816,321607233,2024-10-20 21:03:57,1,0.091,0.09009392,58.9,BTC-28MAR25-85000-C,68798.88,sell,0.3,0.3,,,,
817,321614268,2024-10-20 22:20:14,0,0.0915,0.09132185,58.84,BTC-28MAR25-85000-C,68917.19,sell,6.0,6.0,,,,
818,321644243,2024-10-21 03:12:35,2,0.0895,0.08975629,58.53,BTC-28MAR25-85000-C,68636.65,buy,0.3,0.3,,,,
819,321645144,2024-10-21 03:29:41,0,0.09,0.09009233,58.43,BTC-28MAR25-85000-C,68800.54,buy,0.7,0.7,,,,
820,321669240,2024-10-21 09:03:06,2,0.0865,0.08673663,58.15,BTC-28MAR25-85000-C,68267.42,sell,0.6,0.6,,,,
821,321688247,2024-10-21 13:17:29,2,0.084,0.08465912,58.13,BTC-28MAR25-85000-C,67990.25,sell,1.0,1.0,,,,
822,321798122,2024-10-22 08:48:32,2,0.079,0.07902026,57.46,BTC-28MAR25-85000-C,67054.24,buy,0.1,0.1,,,,
823,321798192,2024-10-22 08:50:03,3,0.079,0.07898906,57.48,BTC-28MAR25-85000-C,67048.58,buy,0.1,0.1,,,,
824,321805304,2024-10-22 10:03:51,2,0.0783,0.07857963,57.52,BTC-28MAR25-85000-C,66931.56,sell,100.0,100.0,BTC-CS-28MAR25-80000_85000,163023,,
825,321805791,2024-10-22 10:10:52,0,0.0785,0.07831738,57.72,BTC-28MAR25-85000-C,66872.32,buy,0.1,0.1,,,,
826,321809892,2024-10-22 11:25:47,0,0.0805,0.0806247,57.73,BTC-28MAR25-85000-C,67307.15,buy,0.1,0.1,,,,
827,321811039,2024-10-22 11:41:32,2,0.08,0.08026755,57.5,BTC-28MAR25-85000-C,67310.05,buy,0.2,0.2,,,,
828,321845197,2024-10-22 16:14:26,2,0.079,0.07916814,57.51,BTC-28MAR25-85000-C,67154.62,buy,0.1,0.1,,,,
829,321860991,2024-10-22 20:04:19,0,0.0805,0.0806867,57.46,BTC-28MAR25-85000-C,67494.15,buy,0.1,0.1,,,,
830,321875908,2024-10-23 00:56:16,2,0.0785,0.07854222,57.36,BTC-28MAR25-85000-C,67134.1,buy,0.1,0.1,,,,
831,321875961,2024-10-23 00:56:33,3,0.0785,0.07867479,57.31,BTC-28MAR25-85000-C,67132.38,buy,0.1,0.1,,,,
832,321903288,2024-10-23 08:46:54,2,0.0762,0.07622782,57.29,BTC-28MAR25-85000-C,66676.13,sell,10.0,10.0,,163166,,
833,321920993,2024-10-23 12:28:43,2,0.0735,0.07347234,57.1,BTC-28MAR25-85000-C,66172.3,buy,0.1,0.1,,,,
834,321936544,2024-10-23 14:56:41,0,0.0745,0.07413664,57.13,BTC-28MAR25-85000-C,66412.07,buy,0.1,0.1,,,,
835,321938663,2024-10-23 15:11:26,2,0.074,0.07350602,57.22,BTC-28MAR25-85000-C,66249.31,buy,1.9,1.9,,,,
836,321952812,2024-10-23 16:44:07,2,0.073,0.07254868,57.28,BTC-28MAR25-85000-C,65945.97,buy,0.7,0.7,,,,
837,321952813,2024-10-23 16:44:07,3,0.073,0.07254868,57.28,BTC-28MAR25-85000-C,65945.97,buy,4.3,4.3,,,,
838,322003628,2024-10-23 21:04:19,0,0.0745,0.07454497,57.2,BTC-28MAR25-85000-C,66492.8,sell,0.1,0.1,,,,
839,322003861,2024-10-23 21:07:13,1,0.0745,0.07453357,57.25,BTC-28MAR25-85000-C,66462.92,sell,0.9,0.9,,,,
840,322009315,2024-10-23 23:06:24,2,0.074,0.07441338,56.98,BTC-28MAR25-85000-C,66492.13,buy,0.1,0.1,,,,
841,322010089,2024-10-23 23:09:44,0,0.075,0.07504171,57.11,BTC-28MAR25-85000-C,66561.95,buy,1.0,1.0,,,,
842,322108921,2024-10-24 19:27:16,0,0.08,0.08002054,56.82,BTC-28MAR25-85000-C,67916.02,buy,0.1,0.1,,,,
843,322167965,2024-10-25 06:12:07,2,0.077,0.07779983,56.06,BTC-28MAR25-85000-C,67740.44,sell,0.7,0.7,,,,
844,322188567,2024-10-25 08:35:49,2,0.0768,0.07630903,56.27,BTC-28MAR25-85000-C,67599.41,buy,100.0,100.0,,163672,,
845,322199284,2024-10-25 11:02:05,0,0.0775,0.07669674,56.23,BTC-28MAR25-85000-C,67767.13,buy,5.0,5.0,,,,
846,322199285,2024-10-25 11:02:05,1,0.0775,0.07669674,56.23,BTC-28MAR25-85000-C,67767.13,buy,2.6,2.6,,,,
847,322199286,2024-10-25 11:02:05,1,0.0775,0.07669674,56.23,BTC-28MAR25-85000-C,67767.13,buy,1.1,1.1,,,,
848,322199287,2024-10-25 11:02:05,1,0.0775,0.07669674,56.23,BTC-28MAR25-85000-C,67767.13,sell,1.6,1.6,,,,
849,322199288,2024-10-25 11:02:05,1,0.0775,0.07669674,56.23,BTC-28MAR25-85000-C,67767.13,sell,19.7,19.7,,,,
850,322369473,2024-10-26 13:23:31,2,0.0705,0.07020122,54.94,BTC-28MAR25-85000-C,66971.45,buy,1.0,1.0,,,,
851,322373254,2024-10-26 14:56:50,2,0.069,0.06909497,54.71,BTC-28MAR25-85000-C,66751.02,buy,0.1,0.1,,,,
852,322373608,2024-10-26 15:00:06,3,0.069,0.06903316,54.73,BTC-28MAR25-85000-C,66738.51,buy,0.1,0.1,,,,
853,322492318,2024-10-28 12:13:12,0,0.0785,0.07855778,55.45,BTC-28MAR25-85000-C,68555.77,sell,0.7,0.7,,,,
854,322499419,2024-10-28 13:02:35,0,0.0801,0.08055707,55.48,BTC-28MAR25-85000-C,68881.86,sell,50.0,50.0,,164001,,
855,322512626,2024-10-28 14:35:30,2,0.08,0.08015272,55.78,BTC-28MAR25-85000-C,68701.37,buy,1.0,1.0,,,,
856,322512991,2024-10-28 14:37:41,0,0.0805,0.08066264,55.81,BTC-28MAR25-85000-C,68789.69,sell,0.9,0.9,,,,
857,322601174,2024-10-29 02:04:17,0,0.088,0.08823336,56.02,BTC-28MAR25-85000-C,70378.64,sell,0.6,0.6,,,,
858,322601209,2024-10-29 02:04:24,1,0.088,0.08821255,56.03,BTC-28MAR25-85000-C,70371.63,sell,1.8,1.8,,,,
859,322601888,2024-10-29 02:07:14,1,0.088,0.08842198,55.96,BTC-28MAR25-85000-C,70411.05,sell,1.0,1.0,,,,
860,322602559,2024-10-29 02:09:54,0,0.089,0.08894557,56.13,BTC-28MAR25-85000-C,70527.82,sell,0.8,0.8,,,,
861,322603506,2024-10-29 02:11:37,0,0.09,0.08975322,56.18,BTC-28MAR25-85000-C,70732.67,sell,0.2,0.2,,,,
862,322606764,2024-10-29 02:15:22,0,0.0915,0.0913348,56.25,BTC-28MAR25-85000-C,71022.58,sell,1.0,1.0,,,,
863,322606812,2024-10-29 02:15:25,1,0.0915,0.09123909,56.3,BTC-28MAR25-85000-C,70952.29,sell,2.4,2.4,,,,
864,322611332,2024-10-29 02:23:44,0,0.0925,0.09313387,55.98,BTC-28MAR25-85000-C,71298.09,sell,0.3,0.3,,,,
865,322611333,2024-10-29 02:23:44,1,0.0925,0.09313387,55.98,BTC-28MAR25-85000-C,71298.09,sell,8.3,8.3,,,,
866,322611334,2024-10-29 02:23:44,1,0.0925,0.09313387,55.98,BTC-28MAR25-85000-C,71298.09,sell,0.6,0.6,,,,
867,322611335,2024-10-29 02:23:44,1,0.0925,0.09313387,55.98,BTC-28MAR25-85000-C,71298.09,sell,0.1,0.1,,,,
868,322611336,2024-10-29 02:23:44,1,0.0925,0.09313387,55.98,BTC-28MAR25-85000-C,71298.09,buy,0.7,0.7,,,,
869,322612172,2024-10-29 02:24:53,0,0.0945,0.09391975,56.46,BTC-28MAR25-85000-C,71457.34,buy,7.0,7.0,,,,
870,322612173,2024-10-29 02:24:53,1,0.0945,0.09391975,56.46,BTC-28MAR25-85000-C,71457.34,sell,2.1,2.1,,,,
871,322612174,2024-10-29 02:24:53,1,0.0945,0.09391975,56.46,BTC-28MAR25-85000-C,71457.34,sell,0.9,0.9,,,,
872,322612175,2024-10-29 02:24:53,1,0.0945,0.09391975,56.46,BTC-28MAR25-85000-C,71457.34,sell,0.1,0.1,,,,
873,322614509,2024-10-29 02:34:19,2,0.093,0.09291597,56.38,BTC-28MAR25-85000-C,71230.08,sell,0.6,0.6,,,,
874,322636886,2024-10-29 06:38:31,2,0.0925,0.09157192,56.37,BTC-28MAR25-85000-C,71104.12,buy,0.3,0.3,,,,
875,322636887,2024-10-29 06:38:31,3,0.0925,0.09157192,56.37,BTC-28MAR25-85000-C,71104.12,buy,14.5,14.5,,,,
876,322636888,2024-10-29 06:38:31,3,0.0925,0.09157192,56.37,BTC-28MAR25-85000-C,71104.12,buy,4.1,4.1,,,,
877,322636889,2024-10-29 06:38:31,3,0.0925,0.09157192,56.37,BTC-28MAR25-85000-C,71104.12,buy,3.7,3.7,,,,
878,322636890,2024-10-29 06:38:31,3,0.0925,0.09157192,56.37,BTC-28MAR25-85000-C,71104.12,buy,0.6,0.6,,,,
879,322636891,2024-10-29 06:38:31,0,0.093,0.09157192,56.57,BTC-28MAR25-85000-C,71104.12,buy,14.5,14.5,,,,
880,322636892,2024-10-29 06:38:31,1,0.093,0.09157192,56.57,BTC-28MAR25-85000-C,71104.12,buy,4.1,4.1,,,,
881,322636893,2024-10-29 06:38:31,1,0.093,0.09157192,56.57,BTC-28MAR25-85000-C,71104.12,buy,2.6,2.6,,,,
882,322636894,2024-10-29 06:38:31,1,0.093,0.09157192,56.57,BTC-28MAR25-85000-C,71104.12,buy,1.5,1.5,,,,
883,322636895,2024-10-29 06:38:31,1,0.093,0.09157192,56.57,BTC-28MAR25-85000-C,71104.12,sell,1.0,1.0,,,,
884,322636896,2024-10-29 06:38:31,1,0.093,0.09157192,56.57,BTC-28MAR25-85000-C,71104.12,sell,0.1,0.1,,,,
885,322636897,2024-10-29 06:38:31,1,0.093,0.09157192,56.57,BTC-28MAR25-85000-C,71104.12,sell,3.0,3.0,,,,
886,322637288,2024-10-29 06:43:46,2,0.0928,0.09196299,56.47,BTC-28MAR25-85000-C,71122.68,buy,100.0,100.0,,164108,,
887,322638201,2024-10-29 06:52:12,0,0.0933,0.09261,56.53,BTC-28MAR25-85000-C,71208.86,buy,100.0,100.0,,164109,,
888,322638375,2024-10-29 06:57:13,0,0.0936,0.0926843,56.66,BTC-28MAR25-85000-C,71197.97,buy,200.0,200.0,,164110,,
889,322639670,2024-10-29 07:12:09,2,0.0925,0.09189354,56.7,BTC-28MAR25-85000-C,70954.06,sell,0.2,0.2,,,,
890,322639738,2024-10-29 07:12:34,2,0.092,0.0918932,56.5,BTC-28MAR25-85000-C,70958.31,sell,3.0,3.0,,,,
891,322639739,2024-10-29 07:12:37,3,0.092,0.09190226,56.5,BTC-28MAR25-85000-C,70958.41,sell,2.0,2.0,,,,
892,322642364,2024-10-29 07:42:14,3,0.092,0.09216215,56.5,BTC-28MAR25-85000-C,70877.83,sell,0.3,0.3,,,,
893,322642395,2024-10-29 07:42:15,3,0.092,0.0921626,56.53,BTC-28MAR25-85000-C,70864.34,sell,7.5,7.5,,,,
894,322642444,2024-10-29 07:42:39,3,0.092,0.09207887,56.54,BTC-28MAR25-85000-C,70859.77,sell,0.3,0.3,,,,
895,322642467,2024-10-29 07:42:45,3,0.092,0.09203792,56.56,BTC-28MAR25-85000-C,70849.89,sell,0.3,0.3,,,,
896,322642651,2024-10-29 07:43:20,3,0.092,0.09195652,56.6,BTC-28MAR25-85000-C,70825.0,sell,9.0,9.0,,,,
897,322642807,2024-10-29 07:44:03,3,0.092,0.09205859,56.55,BTC-28MAR25-85000-C,70838.76,buy,0.6,0.6,,,,
898,322649649,2024-10-29 08:46:43,0,0.093,0.09280285,56.39,BTC-28MAR25-85000-C,71111.87,sell,0.6,0.6,,,,
899,322652327,2024-10-29 09:13:56,0,0.0935,0.09402023,56.43,BTC-28MAR25-85000-C,71177.97,sell,5.0,5.0,,,,
900,322652328,2024-10-29 09:13:56,0,0.094,0.09402023,56.63,BTC-28MAR25-85000-C,71177.97,buy,9.0,9.0,,,,
901,322655049,2024-10-29 09:46:23,1,0.094,0.09420911,56.65,BTC-28MAR25-85000-C,71169.45,sell,0.5,0.5,,,,
902,322686050,2024-10-29 13:59:38,0,0.0955,0.09557276,56.24,BTC-28MAR25-85000-C,71778.63,sell,0.3,0.3,,,,
903,322716694,2024-10-29 15:50:20,0,0.098,0.09828162,56.15,BTC-28MAR25-85000-C,72293.51,buy,3.7,3.7,,,,
904,322741323,2024-10-29 17:09:15,0,0.102,0.10095173,56.88,BTC-28MAR25-85000-C,72781.11,buy,0.1,0.1,,,,
905,322747902,2024-10-29 17:45:16,2,0.1005,0.10071309,56.42,BTC-28MAR25-85000-C,72723.01,sell,0.1,0.1,,,,
906,322760601,2024-10-29 18:54:14,0,0.102,0.10202288,56.32,BTC-28MAR25-85000-C,73103.09,buy,2.2,2.2,,,,
907,322760608,2024-10-29 18:54:15,1,0.102,0.10202146,56.32,BTC-28MAR25-85000-C,73103.09,buy,0.1,0.1,,,,
908,322760610,2024-10-29 18:54:15,1,0.102,0.10202146,56.32,BTC-28MAR25-85000-C,73103.09,buy,0.1,0.1,,,,
909,322760611,2024-10-29 18:54:15,1,0.102,0.10202146,56.32,BTC-28MAR25-85000-C,73103.09,buy,0.1,0.1,,,,
910,322760703,2024-10-29 18:54:16,1,0.102,0.10202373,56.31,BTC-28MAR25-85000-C,73103.09,buy,0.1,0.1,,,,
911,322760709,2024-10-29 18:54:16,1,0.102,0.10202373,56.31,BTC-28MAR25-85000-C,73103.09,buy,0.1,0.1,,,,
912,322760710,2024-10-29 18:54:16,1,0.102,0.10202373,56.31,BTC-28MAR25-85000-C,73103.09,buy,0.1,0.1,,,,
913,322760712,2024-10-29 18:54:16,1,0.102,0.10202373,56.31,BTC-28MAR25-85000-C,73103.09,buy,0.1,0.1,,,,
914,322760732,2024-10-29 18:54:17,1,0.102,0.10202373,56.31,BTC-28MAR25-85000-C,73103.09,buy,0.1,0.1,,,,
915,322760733,2024-10-29 18:54:17,1,0.102,0.10202373,56.31,BTC-28MAR25-85000-C,73103.09,buy,0.1,0.1,,,,
916,322760735,2024-10-29 18:54:17,1,0.102,0.10202373,56.31,BTC-28MAR25-85000-C,73103.09,buy,0.1,0.1,,,,
917,322760752,2024-10-29 18:54:17,1,0.102,0.10202494,56.3,BTC-28MAR25-85000-C,73103.09,buy,0.2,0.2,,,,
918,322760762,2024-10-29 18:54:17,1,0.102,0.10202494,56.3,BTC-28MAR25-85000-C,73103.09,buy,0.1,0.1,,,,
919,322760780,2024-10-29 18:54:17,1,0.102,0.10202494,56.3,BTC-28MAR25-85000-C,73103.09,buy,0.1,0.1,,,,
920,322760789,2024-10-29 18:54:17,1,0.102,0.10202494,56.3,BTC-28MAR25-85000-C,73103.09,buy,0.2,0.2,,,,
921,322760790,2024-10-29 18:54:17,1,0.102,0.10202494,56.3,BTC-28MAR25-85000-C,73103.09,buy,0.2,0.2,,,,
922,322760792,2024-10-29 18:54:17,1,0.102,0.10202494,56.3,BTC-28MAR25-85000-C,73103.09,buy,0.1,0.1,,,,
923,322760796,2024-10-29 18:54:17,1,0.102,0.10202494,56.3,BTC-28MAR25-85000-C,73103.09,buy,1.5,1.5,,,,
924,322760798,2024-10-29 18:54:17,1,0.102,0.10202494,56.3,BTC-28MAR25-85000-C,73103.09,buy,0.3,0.3,,,,
925,322760803,2024-10-29 18:54:18,1,0.102,0.10202494,56.3,BTC-28MAR25-85000-C,73103.09,buy,0.1,0.1,,,,
926,322760819,2024-10-29 18:54:18,1,0.102,0.10202494,56.22,BTC-28MAR25-85000-C,73103.09,buy,0.1,0.1,,,,
927,322760821,2024-10-29 18:54:18,1,0.102,0.10202494,56.22,BTC-28MAR25-85000-C,73103.09,buy,0.1,0.1,,,,
928,322760851,2024-10-29 18:54:18,1,0.102,0.10202494,56.22,BTC-28MAR25-85000-C,73103.09,buy,0.1,0.1,,,,
929,322760852,2024-10-29 18:54:18,1,0.102,0.10202494,56.22,BTC-28MAR25-85000-C,73103.09,buy,0.4,0.4,,,,
930,322760904,2024-10-29 18:54:20,1,0.102,0.10241219,56.16,BTC-28MAR25-85000-C,73103.09,buy,3.5,3.5,,,,
931,322791761,2024-10-29 20:42:33,2,0.0985,0.09842977,56.65,BTC-28MAR25-85000-C,72099.68,buy,10.0,10.0,BTC-CCOND-28MAR25-70000_75000_85000_100000,164325,,
932,322792934,2024-10-29 20:55:23,0,0.099,0.09941377,56.43,BTC-28MAR25-85000-C,72328.88,sell,0.7,0.7,,,,
933,322835637,2024-10-30 07:00:20,2,0.0975,0.09688728,55.92,BTC-28MAR25-85000-C,72282.48,buy,0.6,0.6,,,,
934,322835638,2024-10-30 07:00:20,3,0.0975,0.09688728,55.92,BTC-28MAR25-85000-C,72282.48,buy,5.0,5.0,,,,
935,322867924,2024-10-30 12:52:17,2,0.0945,0.09433275,55.64,BTC-28MAR25-85000-C,71813.35,buy,50.0,50.0,,164387,,
936,322874311,2024-10-30 13:43:14,2,0.094,0.09325292,56.03,BTC-28MAR25-85000-C,71516.16,sell,0.1,0.1,,,,
937,322874376,2024-10-30 13:43:31,2,0.0935,0.09307577,55.9,BTC-28MAR25-85000-C,71481.63,sell,0.1,0.1,,,,
