trade_seq,trade_id,timestamp,tick_direction,price,mark_price,iv,instrument_name,index_price,direction,contracts,amount,combo_trade_id,combo_id,block_trade_id
1,339320805,2025-01-08 09:16:13,1,0.0235,0.02237194,48.96,BTC-11JAN25-95000-C,95980.61,buy,0.1,0.1,,,
2,339321061,2025-01-08 09:19:36,1,0.0235,0.02326388,48.43,BTC-11JAN25-95000-C,96008.77,sell,0.1,0.1,,,
3,339321063,2025-01-08 09:19:39,1,0.0235,0.02331621,48.39,BTC-11JAN25-95000-C,96006.77,sell,0.1,0.1,,,
4,339321066,2025-01-08 09:19:42,1,0.0235,0.02337515,48.41,BTC-11JAN25-95000-C,96007.34,sell,0.1,0.1,,,
5,339321069,2025-01-08 09:19:45,1,0.0235,0.02341535,48.4,BTC-11JAN25-95000-C,96008.24,sell,0.1,0.1,,,
6,339322950,2025-01-08 09:39:23,2,0.022,0.02198621,49.18,BTC-11JAN25-95000-C,95695.34,buy,0.1,0.1,,,
7,339325871,2025-01-08 10:00:58,2,0.0205,0.02047647,49.39,BTC-11JAN25-95000-C,95424.44,buy,0.1,0.1,,,
8,339344716,2025-01-08 11:40:57,2,0.017,0.0166632,53.77,BTC-11JAN25-95000-C,94520.84,buy,0.7,0.7,,,
9,339355467,2025-01-08 12:36:51,0,0.0195,0.01962768,54.31,BTC-11JAN25-95000-C,95004.31,buy,2.0,2.0,,,
10,339362862,2025-01-08 13:12:23,0,0.0205,0.02064435,54.28,BTC-11JAN25-95000-C,95204.25,buy,0.1,0.1,,,
11,339373238,2025-01-08 14:30:41,2,0.02,0.02013928,52.43,BTC-11JAN25-95000-C,95263.64,buy,0.1,0.1,,,
12,339373325,2025-01-08 14:30:57,3,0.02,0.02036419,51.45,BTC-11JAN25-95000-C,95288.55,sell,0.4,0.4,,,
13,339373326,2025-01-08 14:30:57,3,0.02,0.02036419,51.45,BTC-11JAN25-95000-C,95288.55,sell,0.1,0.1,,,
14,339381187,2025-01-08 14:53:32,2,0.018,0.01864002,49.85,BTC-11JAN25-95000-C,95045.8,sell,1.0,1.0,,,
15,339381435,2025-01-08 14:54:57,3,0.018,0.018675,49.84,BTC-11JAN25-95000-C,95051.87,sell,4.8,4.8,,,
16,339381436,2025-01-08 14:54:57,3,0.018,0.018675,49.84,BTC-11JAN25-95000-C,95051.87,sell,15.2,15.2,,,
17,339402569,2025-01-08 16:35:04,2,0.016,0.01613217,46.92,BTC-11JAN25-95000-C,94895.79,sell,0.5,0.5,,,
18,339403067,2025-01-08 16:37:55,0,0.017,0.01710196,46.96,BTC-11JAN25-95000-C,95087.5,sell,0.1,0.1,,,
19,339403276,2025-01-08 16:39:16,2,0.0165,0.01664364,46.56,BTC-11JAN25-95000-C,95012.15,sell,0.1,0.1,,,
20,339406282,2025-01-08 16:56:36,2,0.0145,0.01447552,47.65,BTC-11JAN25-95000-C,94583.02,buy,0.7,0.7,,,
21,339411320,2025-01-08 17:06:53,2,0.013,0.01325382,47.31,BTC-11JAN25-95000-C,94303.72,sell,1.6,1.6,,,
22,339415920,2025-01-08 17:12:15,2,0.012,0.01201764,47.65,BTC-11JAN25-95000-C,93998.95,buy,1.3,1.3,,,
23,339415952,2025-01-08 17:12:23,3,0.012,0.0119744,47.65,BTC-11JAN25-95000-C,94005.04,buy,0.1,0.1,,,
24,339415953,2025-01-08 17:12:23,3,0.012,0.0119744,47.65,BTC-11JAN25-95000-C,94005.04,buy,1.1,1.1,,,
25,339415955,2025-01-08 17:12:23,3,0.012,0.0119744,47.65,BTC-11JAN25-95000-C,94005.04,buy,0.3,0.3,,,
26,339415956,2025-01-08 17:12:24,3,0.012,0.01198975,47.65,BTC-11JAN25-95000-C,94018.26,buy,0.2,0.2,,,
27,339415957,2025-01-08 17:12:24,3,0.012,0.01198975,47.65,BTC-11JAN25-95000-C,94018.26,buy,0.1,0.1,,,
28,339415980,2025-01-08 17:12:34,3,0.012,0.01204524,47.66,BTC-11JAN25-95000-C,94019.58,buy,1.2,1.2,,,
29,339415981,2025-01-08 17:12:34,3,0.012,0.01204524,47.66,BTC-11JAN25-95000-C,94019.58,buy,0.6,0.6,,,
30,339415982,2025-01-08 17:12:34,3,0.012,0.01204524,47.66,BTC-11JAN25-95000-C,94019.58,buy,0.1,0.1,,,
31,339417817,2025-01-08 17:17:43,2,0.0115,0.01125772,48.39,BTC-11JAN25-95000-C,93802.23,sell,0.2,0.2,,,
32,339417829,2025-01-08 17:17:43,3,0.0115,0.01125772,48.39,BTC-11JAN25-95000-C,93802.23,sell,0.2,0.2,,,
33,339417861,2025-01-08 17:17:44,3,0.0115,0.01125772,48.39,BTC-11JAN25-95000-C,93802.23,sell,0.2,0.2,,,
34,339426251,2025-01-08 17:29:15,2,0.0085,0.00856007,49.43,BTC-11JAN25-95000-C,92995.16,buy,0.1,0.1,,,
35,339428178,2025-01-08 17:31:05,2,0.008,0.00785388,50.58,BTC-11JAN25-95000-C,92722.61,buy,0.1,0.1,,,
36,339436705,2025-01-08 17:46:39,0,0.0115,0.01175581,51.1,BTC-11JAN25-95000-C,93773.72,buy,0.2,0.2,,,
37,339437929,2025-01-08 17:49:32,2,0.011,0.01110585,50.48,BTC-11JAN25-95000-C,93605.73,sell,0.1,0.1,,,
38,339440295,2025-01-08 17:57:20,0,0.0125,0.01221459,51.54,BTC-11JAN25-95000-C,93910.14,buy,0.1,0.1,,,
39,339448769,2025-01-08 18:18:27,0,0.0145,0.01473045,49.3,BTC-11JAN25-95000-C,94503.27,buy,0.4,0.4,,,
40,339453537,2025-01-08 18:29:11,0,0.017,0.0170415,50.15,BTC-11JAN25-95000-C,94956.69,sell,1.0,1.0,,,
41,339454279,2025-01-08 18:31:06,2,0.016,0.01630575,49.09,BTC-11JAN25-95000-C,94781.25,sell,1.0,1.0,,,
42,339454346,2025-01-08 18:31:10,3,0.016,0.01613688,49.09,BTC-11JAN25-95000-C,94758.07,sell,0.2,0.2,,,
43,339454349,2025-01-08 18:31:10,3,0.016,0.01613688,49.09,BTC-11JAN25-95000-C,94758.07,sell,0.2,0.2,,,
44,339454352,2025-01-08 18:31:10,3,0.016,0.01613688,49.09,BTC-11JAN25-95000-C,94758.07,sell,0.5,0.5,,,
45,339454365,2025-01-08 18:31:11,3,0.016,0.01613688,49.09,BTC-11JAN25-95000-C,94758.07,sell,0.7,0.7,,,
46,339454751,2025-01-08 18:32:03,2,0.0155,0.01576515,49.42,BTC-11JAN25-95000-C,94681.95,sell,1.0,1.0,,,
47,339454765,2025-01-08 18:32:06,3,0.0155,0.01559931,49.42,BTC-11JAN25-95000-C,94657.06,sell,0.6,0.6,,,
48,339454766,2025-01-08 18:32:07,3,0.0155,0.01558313,49.42,BTC-11JAN25-95000-C,94648.38,sell,0.1,0.1,,,
49,339455422,2025-01-08 18:34:22,2,0.015,0.01510537,49.15,BTC-11JAN25-95000-C,94553.6,sell,1.0,1.0,,,
50,339456502,2025-01-08 18:40:05,0,0.0155,0.01540111,50.63,BTC-11JAN25-95000-C,94616.25,buy,5.0,5.0,,,
51,339466967,2025-01-08 19:17:02,2,0.014,0.01412284,48.97,BTC-11JAN25-95000-C,94477.47,buy,0.4,0.4,,,
52,339470792,2025-01-08 19:38:42,2,0.0136,0.01340732,48.86,BTC-11JAN25-95000-C,94348.46,sell,0.1,0.1,339470791,BTC-CSR12-11JAN25-95000_99000,
53,339480384,2025-01-08 20:17:56,2,0.0105,0.01063917,46.83,BTC-11JAN25-95000-C,93813.85,buy,0.3,0.3,,,
54,339480522,2025-01-08 20:18:24,3,0.0105,0.01068052,46.65,BTC-11JAN25-95000-C,93815.26,buy,0.1,0.1,,,
55,339488466,2025-01-08 21:17:34,2,0.01,0.01007639,46.68,BTC-11JAN25-95000-C,93733.09,buy,0.5,0.5,,,
56,339489584,2025-01-08 21:27:29,0,0.012,0.01204857,46.75,BTC-11JAN25-95000-C,94198.66,buy,0.5,0.5,,,
57,339489599,2025-01-08 21:27:29,1,0.012,0.01204885,46.75,BTC-11JAN25-95000-C,94208.88,buy,0.1,0.1,,,
58,339492755,2025-01-08 22:06:21,0,0.0135,0.01355019,46.99,BTC-11JAN25-95000-C,94555.71,buy,0.2,0.2,,,
59,339496034,2025-01-08 22:32:58,0,0.015,0.01530183,46.51,BTC-11JAN25-95000-C,94905.39,sell,0.6,0.6,,,
60,339497775,2025-01-08 22:45:17,0,0.0165,0.01667425,46.97,BTC-11JAN25-95000-C,95171.73,sell,1.4,1.4,,,
61,339512310,2025-01-09 01:38:47,2,0.016,0.01610038,46.88,BTC-11JAN25-95000-C,95145.17,buy,0.2,0.2,,,
62,339521896,2025-01-09 02:12:47,2,0.0105,0.01016017,53.56,BTC-11JAN25-95000-C,93601.35,buy,2.0,2.0,,,
63,339523927,2025-01-09 02:14:27,0,0.013,0.01264299,54.14,BTC-11JAN25-95000-C,94146.3,sell,0.6,0.6,,,
64,339528124,2025-01-09 02:20:31,0,0.014,0.01381631,54.82,BTC-11JAN25-95000-C,94335.15,buy,0.8,0.8,,,
65,339540541,2025-01-09 03:54:08,2,0.013,0.0128272,55.88,BTC-11JAN25-95000-C,94062.12,sell,0.6,0.6,,,
66,339542568,2025-01-09 04:13:26,2,0.0125,0.01237052,57.17,BTC-11JAN25-95000-C,93851.88,buy,0.1,0.1,,,
67,339543595,2025-01-09 04:18:22,2,0.012,0.01231944,56.2,BTC-11JAN25-95000-C,93816.82,sell,0.1,0.1,,,
68,339543722,2025-01-09 04:18:52,0,0.0125,0.01249265,57.24,BTC-11JAN25-95000-C,93858.3,buy,0.2,0.2,,,
69,339543743,2025-01-09 04:18:55,1,0.0125,0.01253924,57.08,BTC-11JAN25-95000-C,93863.56,buy,0.2,0.2,,,
70,339543797,2025-01-09 04:19:01,1,0.0125,0.01261602,57.08,BTC-11JAN25-95000-C,93881.04,buy,0.1,0.1,,,
71,339549665,2025-01-09 05:44:11,0,0.0145,0.01465192,56.68,BTC-11JAN25-95000-C,94370.91,sell,1.1,1.1,,,
72,339549756,2025-01-09 05:47:05,1,0.0145,0.01471808,56.47,BTC-11JAN25-95000-C,94386.38,sell,25.0,25.0,,,176401
73,339551115,2025-01-09 06:07:42,1,0.0145,0.01422094,58.41,BTC-11JAN25-95000-C,94271.88,buy,0.1,0.1,,,
74,339552692,2025-01-09 06:27:15,1,0.0145,0.01476341,57.43,BTC-11JAN25-95000-C,94334.91,sell,5.0,5.0,,,
75,339552714,2025-01-09 06:27:31,1,0.0145,0.01486645,57.05,BTC-11JAN25-95000-C,94348.43,sell,5.0,5.0,,,
76,339552924,2025-01-09 06:28:03,2,0.0144,0.01462115,57.58,BTC-11JAN25-95000-C,94305.32,sell,25.0,25.0,,,176408
77,339552950,2025-01-09 06:28:18,0,0.0145,0.01469688,57.68,BTC-11JAN25-95000-C,94319.44,sell,20.2,20.2,,,
78,339552951,2025-01-09 06:28:18,1,0.0145,0.01469688,57.68,BTC-11JAN25-95000-C,94319.44,buy,6.9,6.9,,,
79,339552974,2025-01-09 06:28:27,1,0.0145,0.01476494,57.44,BTC-11JAN25-95000-C,94333.61,sell,0.8,0.8,,,
80,339553285,2025-01-09 06:35:54,2,0.014,0.01447897,56.36,BTC-11JAN25-95000-C,94306.68,sell,6.9,6.9,,,
81,339553286,2025-01-09 06:35:54,3,0.014,0.01447897,56.36,BTC-11JAN25-95000-C,94306.68,sell,1.1,1.1,,,
82,339553287,2025-01-09 06:35:54,3,0.014,0.01447897,56.36,BTC-11JAN25-95000-C,94306.68,sell,0.5,0.5,,,
83,339553288,2025-01-09 06:35:54,3,0.014,0.01447897,56.36,BTC-11JAN25-95000-C,94306.68,sell,0.2,0.2,,,
84,339553289,2025-01-09 06:35:54,3,0.014,0.01447897,56.36,BTC-11JAN25-95000-C,94306.68,sell,20.2,20.2,,,
85,339554755,2025-01-09 06:53:05,2,0.013,0.01331951,56.48,BTC-11JAN25-95000-C,94092.52,sell,1.2,1.2,,,
86,339554770,2025-01-09 06:53:08,3,0.013,0.0133266,56.5,BTC-11JAN25-95000-C,94092.97,sell,0.7,0.7,,,
87,339554771,2025-01-09 06:53:10,3,0.013,0.01331676,56.49,BTC-11JAN25-95000-C,94091.05,buy,5.4,5.4,,,
88,339554775,2025-01-09 06:53:12,3,0.013,0.01330792,56.49,BTC-11JAN25-95000-C,94090.87,sell,1.0,1.0,,,
89,339555000,2025-01-09 06:55:14,2,0.0115,0.01225844,51.58,BTC-11JAN25-95000-C,94079.85,sell,0.4,0.4,,,
90,339555416,2025-01-09 06:57:48,3,0.0115,0.01172279,52.31,BTC-11JAN25-95000-C,94042.85,sell,0.9,0.9,,,
91,339555783,2025-01-09 07:01:04,2,0.011,0.01121109,50.75,BTC-11JAN25-95000-C,94040.71,buy,0.6,0.6,,,
92,339555922,2025-01-09 07:01:35,3,0.011,0.01125646,49.99,BTC-11JAN25-95000-C,94083.65,buy,0.5,0.5,,,
93,339555956,2025-01-09 07:01:54,3,0.011,0.01127302,49.83,BTC-11JAN25-95000-C,94101.41,buy,0.6,0.6,,,
94,339555964,2025-01-09 07:01:55,3,0.011,0.01127615,49.83,BTC-11JAN25-95000-C,94099.29,buy,1.2,1.2,,,
95,339555976,2025-01-09 07:02:15,3,0.011,0.01107304,50.21,BTC-11JAN25-95000-C,94076.88,buy,0.6,0.6,,,
96,339555977,2025-01-09 07:02:15,3,0.011,0.01107304,50.21,BTC-11JAN25-95000-C,94076.88,sell,0.4,0.4,,,
97,339556445,2025-01-09 07:08:26,3,0.011,0.01102543,49.07,BTC-11JAN25-95000-C,94171.7,buy,0.6,0.6,,,
98,339556552,2025-01-09 07:09:58,3,0.011,0.01095214,49.27,BTC-11JAN25-95000-C,94153.79,buy,0.6,0.6,,,
99,339556666,2025-01-09 07:12:28,3,0.011,0.01097796,49.13,BTC-11JAN25-95000-C,94160.0,buy,1.7,1.7,,,
100,339558100,2025-01-09 07:27:05,2,0.0095,0.0094892,48.63,BTC-11JAN25-95000-C,93866.95,buy,0.3,0.3,,,
101,339558151,2025-01-09 07:27:35,3,0.0095,0.00944739,48.78,BTC-11JAN25-95000-C,93856.86,buy,0.1,0.1,,,
102,339559076,2025-01-09 07:32:07,2,0.0085,0.00875589,47.76,BTC-11JAN25-95000-C,93691.11,sell,0.2,0.2,,,
103,339560283,2025-01-09 07:35:13,2,0.008,0.008054,48.5,BTC-11JAN25-95000-C,93486.67,buy,0.1,0.1,,,
104,339561732,2025-01-09 07:37:35,3,0.008,0.00795362,48.67,BTC-11JAN25-95000-C,93457.57,buy,0.1,0.1,,,
105,339562124,2025-01-09 07:38:41,0,0.0085,0.00843265,50.67,BTC-11JAN25-95000-C,93579.68,sell,0.9,0.9,,,
106,339564177,2025-01-09 07:46:31,1,0.0085,0.00861568,48.97,BTC-11JAN25-95000-C,93625.35,buy,0.1,0.1,,,
107,339570249,2025-01-09 08:01:44,2,0.0065,0.00711024,47.54,BTC-11JAN25-95000-C,93189.35,sell,0.1,0.1,,,
108,339574842,2025-01-09 08:11:08,2,0.006,0.00632553,48.81,BTC-11JAN25-95000-C,92936.53,buy,0.2,0.2,,,
109,339575030,2025-01-09 08:11:56,0,0.0065,0.0067462,48.91,BTC-11JAN25-95000-C,93065.31,buy,0.1,0.1,,,
110,339575031,2025-01-09 08:11:56,1,0.0065,0.0067462,48.91,BTC-11JAN25-95000-C,93065.31,buy,0.2,0.2,,,
111,339577123,2025-01-09 08:20:05,1,0.0065,0.00667455,48.97,BTC-11JAN25-95000-C,93059.54,buy,0.5,0.5,,,
112,339578624,2025-01-09 08:29:56,2,0.006,0.00667594,48.09,BTC-11JAN25-95000-C,92965.94,sell,0.1,0.1,,,
113,339581698,2025-01-09 08:39:45,0,0.0075,0.00751203,50.71,BTC-11JAN25-95000-C,93260.92,buy,1.1,1.1,,,
114,339584934,2025-01-09 08:56:01,2,0.0065,0.006638,50.8,BTC-11JAN25-95000-C,92941.06,sell,0.1,0.1,,,
115,339585932,2025-01-09 09:06:20,0,0.007,0.00750211,49.81,BTC-11JAN25-95000-C,93178.67,sell,0.1,0.1,,,
116,339586502,2025-01-09 09:08:54,0,0.0085,0.00816501,53.85,BTC-11JAN25-95000-C,93312.76,buy,0.7,0.7,,,
117,339586503,2025-01-09 09:08:54,1,0.0085,0.00816501,53.85,BTC-11JAN25-95000-C,93312.76,buy,0.1,0.1,,,
118,339586505,2025-01-09 09:08:55,1,0.0085,0.00816827,53.85,BTC-11JAN25-95000-C,93313.27,buy,0.3,0.3,,,
119,339586672,2025-01-09 09:10:09,1,0.0085,0.00854446,53.74,BTC-11JAN25-95000-C,93310.93,sell,0.2,0.2,,,
120,339586847,2025-01-09 09:10:54,1,0.0085,0.00853917,53.99,BTC-11JAN25-95000-C,93294.21,sell,1.0,1.0,,,
121,339586848,2025-01-09 09:10:54,1,0.0085,0.00853917,53.99,BTC-11JAN25-95000-C,93294.21,sell,3.0,3.0,,,
122,339586862,2025-01-09 09:10:54,1,0.0085,0.00854092,53.99,BTC-11JAN25-95000-C,93292.35,buy,0.8,0.8,,,
123,339586864,2025-01-09 09:10:55,1,0.0085,0.00854092,53.99,BTC-11JAN25-95000-C,93292.35,buy,0.2,0.2,,,
124,339588644,2025-01-09 09:20:21,0,0.0095,0.00928856,56.09,BTC-11JAN25-95000-C,93417.62,sell,0.7,0.7,,,
125,339588645,2025-01-09 09:20:21,1,0.0095,0.00928856,56.09,BTC-11JAN25-95000-C,93417.62,buy,1.4,1.4,,,
126,339588654,2025-01-09 09:20:25,1,0.0095,0.00935085,55.83,BTC-11JAN25-95000-C,93440.67,buy,0.5,0.5,,,
127,339588664,2025-01-09 09:20:26,1,0.0095,0.00937952,55.83,BTC-11JAN25-95000-C,93441.04,buy,0.5,0.5,,,
128,339588665,2025-01-09 09:20:26,1,0.0095,0.00937952,55.83,BTC-11JAN25-95000-C,93441.04,buy,0.1,0.1,,,
129,339588759,2025-01-09 09:21:02,1,0.0095,0.00933615,55.92,BTC-11JAN25-95000-C,93417.31,sell,7.3,7.3,,,
130,339588787,2025-01-09 09:21:11,1,0.0095,0.0093184,56.09,BTC-11JAN25-95000-C,93406.54,sell,1.4,1.4,,,
131,339588804,2025-01-09 09:21:18,1,0.0095,0.00933303,56.19,BTC-11JAN25-95000-C,93408.96,sell,1.4,1.4,,,
132,339588808,2025-01-09 09:21:20,1,0.0095,0.00933374,56.11,BTC-11JAN25-95000-C,93410.28,sell,0.8,0.8,,,
133,339589673,2025-01-09 09:31:03,1,0.0095,0.0096754,55.47,BTC-11JAN25-95000-C,93447.99,sell,1.0,1.0,,,
134,339590046,2025-01-09 09:34:51,0,0.01,0.00997652,56.18,BTC-11JAN25-95000-C,93544.83,buy,0.3,0.3,,,
135,339590088,2025-01-09 09:35:33,1,0.01,0.00977938,56.74,BTC-11JAN25-95000-C,93498.51,buy,0.1,0.1,,,
136,339590338,2025-01-09 09:39:05,1,0.01,0.01000924,55.98,BTC-11JAN25-95000-C,93564.95,buy,0.7,0.7,,,
137,339590339,2025-01-09 09:39:06,1,0.01,0.01000924,55.98,BTC-11JAN25-95000-C,93564.95,buy,0.1,0.1,,,
138,339590342,2025-01-09 09:39:06,1,0.01,0.01000924,55.98,BTC-11JAN25-95000-C,93564.95,buy,0.3,0.3,,,
139,339590385,2025-01-09 09:39:09,1,0.01,0.01011457,55.98,BTC-11JAN25-95000-C,93592.93,buy,0.1,0.1,,,
140,339590393,2025-01-09 09:39:11,1,0.01,0.01010667,55.46,BTC-11JAN25-95000-C,93592.01,buy,0.1,0.1,,,
141,339590394,2025-01-09 09:39:11,1,0.01,0.01010667,55.46,BTC-11JAN25-95000-C,93592.01,buy,0.1,0.1,,,
142,339590397,2025-01-09 09:39:11,1,0.01,0.01010667,55.46,BTC-11JAN25-95000-C,93592.01,buy,0.2,0.2,,,
143,339591505,2025-01-09 09:58:02,2,0.009,0.00960634,53.62,BTC-11JAN25-95000-C,93465.9,sell,0.3,0.3,,,
144,339600457,2025-01-09 11:42:26,2,0.008,0.00815607,53.18,BTC-11JAN25-95000-C,93293.43,sell,0.2,0.2,,,
145,339609997,2025-01-09 13:23:13,2,0.0055,0.00566032,50.65,BTC-11JAN25-95000-C,92750.36,sell,0.1,0.1,,,
146,339610025,2025-01-09 13:23:13,3,0.0055,0.00566032,50.65,BTC-11JAN25-95000-C,92750.36,sell,0.2,0.2,,,
147,339611718,2025-01-09 13:29:02,3,0.0055,0.00560013,50.97,BTC-11JAN25-95000-C,92726.69,sell,0.3,0.3,,,
148,339612671,2025-01-09 13:34:17,2,0.0052,0.00533752,51.35,BTC-11JAN25-95000-C,92642.92,sell,0.1,0.1,339612669,BTC-CS-11JAN25-95000_101000,
149,339618788,2025-01-09 13:42:18,2,0.0044,0.00443987,53.17,BTC-11JAN25-95000-C,92113.34,buy,1.1,1.1,,,
150,339619836,2025-01-09 13:45:28,0,0.0047,0.00498388,52.76,BTC-11JAN25-95000-C,92295.39,sell,0.1,0.1,,,
151,339626877,2025-01-09 14:03:16,2,0.0041,0.00412485,55.46,BTC-11JAN25-95000-C,91849.59,buy,0.3,0.3,,,
152,339638938,2025-01-09 14:48:03,0,0.005,0.00536694,54.26,BTC-11JAN25-95000-C,92374.22,sell,1.1,1.1,,,
153,339645040,2025-01-09 15:10:24,0,0.006,0.00649545,53.02,BTC-11JAN25-95000-C,92824.51,sell,1.0,1.0,,,
154,339646606,2025-01-09 15:15:42,0,0.007,0.00692294,55.92,BTC-11JAN25-95000-C,92985.31,buy,0.1,0.1,,,
155,339649723,2025-01-09 15:25:41,0,0.0075,0.00761669,55.29,BTC-11JAN25-95000-C,93198.78,buy,0.1,0.1,,,
156,339651613,2025-01-09 15:31:03,0,0.0085,0.00851675,54.79,BTC-11JAN25-95000-C,93516.14,buy,0.1,0.1,,,
157,339651961,2025-01-09 15:31:46,0,0.009,0.00899313,54.89,BTC-11JAN25-95000-C,93630.02,buy,0.1,0.1,,,
158,339657355,2025-01-09 15:48:40,0,0.0105,0.01052641,55.86,BTC-11JAN25-95000-C,94039.12,buy,0.1,0.1,,,
159,339661476,2025-01-09 15:54:51,0,0.0125,0.01224779,54.87,BTC-11JAN25-95000-C,94450.84,buy,0.1,0.1,,,
160,339663580,2025-01-09 15:59:48,2,0.011,0.01097835,53.35,BTC-11JAN25-95000-C,94202.34,buy,0.8,0.8,,,
161,339663581,2025-01-09 15:59:48,3,0.011,0.01097835,53.35,BTC-11JAN25-95000-C,94202.34,sell,0.9,0.9,,,
162,339663582,2025-01-09 15:59:48,3,0.011,0.01097835,53.35,BTC-11JAN25-95000-C,94202.34,sell,3.3,3.3,,,
163,339664614,2025-01-09 16:03:57,0,0.0115,0.01173529,51.97,BTC-11JAN25-95000-C,94417.63,sell,20.2,20.2,,,
164,339667874,2025-01-09 16:19:05,2,0.0105,0.01056515,51.96,BTC-11JAN25-95000-C,94236.46,buy,0.2,0.2,,,
165,339675017,2025-01-09 17:17:13,2,0.0085,0.00881258,48.27,BTC-11JAN25-95000-C,93946.82,buy,0.1,0.1,,,
166,339675023,2025-01-09 17:17:14,3,0.0085,0.00876025,48.27,BTC-11JAN25-95000-C,93937.33,buy,0.1,0.1,,,
167,339687558,2025-01-09 18:02:05,2,0.0055,0.00574915,53.09,BTC-11JAN25-95000-C,92822.07,buy,0.1,0.1,,,
168,339696592,2025-01-09 19:14:28,0,0.006,0.00619017,50.81,BTC-11JAN25-95000-C,93217.85,buy,0.1,0.1,,,
169,339696597,2025-01-09 19:14:28,1,0.006,0.00619017,50.81,BTC-11JAN25-95000-C,93232.48,buy,0.4,0.4,,,
170,339696598,2025-01-09 19:14:28,1,0.006,0.00619017,50.81,BTC-11JAN25-95000-C,93232.48,buy,0.3,0.3,,,
171,339697680,2025-01-09 19:24:11,2,0.005,0.00519851,50.79,BTC-11JAN25-95000-C,92876.91,buy,0.4,0.4,,,
172,339697681,2025-01-09 19:24:12,3,0.005,0.00519434,50.79,BTC-11JAN25-95000-C,92876.15,buy,0.3,0.3,,,
173,339697682,2025-01-09 19:24:12,3,0.005,0.00519434,50.79,BTC-11JAN25-95000-C,92876.15,buy,0.1,0.1,,,
174,339698538,2025-01-09 19:31:16,3,0.005,0.00532005,50.21,BTC-11JAN25-95000-C,92932.48,buy,0.2,0.2,,,
175,339701093,2025-01-09 19:48:32,2,0.004,0.0038576,52.25,BTC-11JAN25-95000-C,92320.73,sell,0.1,0.1,,,
176,339703692,2025-01-09 19:53:34,2,0.0034,0.00345273,52.66,BTC-11JAN25-95000-C,92083.39,buy,0.1,0.1,,,
177,339704156,2025-01-09 19:55:04,2,0.0033,0.00343497,52.29,BTC-11JAN25-95000-C,92060.24,sell,1.4,1.4,,,
178,339714308,2025-01-09 20:21:07,2,0.0031,0.00297656,55.8,BTC-11JAN25-95000-C,91649.13,sell,0.1,0.1,,,
179,339714309,2025-01-09 20:21:07,3,0.0031,0.00295869,55.8,BTC-11JAN25-95000-C,91635.85,sell,0.1,0.1,,,
180,339714311,2025-01-09 20:21:07,3,0.0031,0.00295869,55.8,BTC-11JAN25-95000-C,91635.85,sell,0.1,0.1,,,
181,339714328,2025-01-09 20:21:08,3,0.0031,0.00293404,55.8,BTC-11JAN25-95000-C,91608.3,sell,0.1,0.1,,,
182,339714329,2025-01-09 20:21:08,3,0.0031,0.00293404,55.8,BTC-11JAN25-95000-C,91608.3,sell,0.2,0.2,,,
183,339714367,2025-01-09 20:21:14,3,0.0031,0.0028659,56.47,BTC-11JAN25-95000-C,91595.65,sell,0.2,0.2,,,
184,339714370,2025-01-09 20:21:15,3,0.0031,0.00284903,56.47,BTC-11JAN25-95000-C,91585.73,sell,0.1,0.1,,,
185,339715121,2025-01-09 20:21:47,2,0.003,0.00280373,56.31,BTC-11JAN25-95000-C,91541.69,sell,0.1,0.1,,,
186,339723213,2025-01-09 20:40:29,0,0.0032,0.00306403,58.26,BTC-11JAN25-95000-C,91526.96,sell,0.1,0.1,,,
187,339723232,2025-01-09 20:40:32,1,0.0032,0.00310347,58.27,BTC-11JAN25-95000-C,91548.15,sell,0.1,0.1,,,
188,339723235,2025-01-09 20:40:34,1,0.0032,0.00311066,58.27,BTC-11JAN25-95000-C,91547.97,sell,0.1,0.1,,,
189,339723238,2025-01-09 20:40:36,1,0.0032,0.00311108,57.96,BTC-11JAN25-95000-C,91547.59,sell,0.2,0.2,,,
190,339723273,2025-01-09 20:40:50,0,0.0033,0.00317377,58.19,BTC-11JAN25-95000-C,91587.13,sell,0.5,0.5,,,
191,339730437,2025-01-09 21:09:28,0,0.004,0.00411595,55.23,BTC-11JAN25-95000-C,92202.96,sell,1.0,1.0,,,
192,339735598,2025-01-09 21:42:47,2,0.0038,0.00389574,54.75,BTC-11JAN25-95000-C,92216.75,buy,2.1,2.1,,,
193,339735623,2025-01-09 21:43:21,3,0.0038,0.00390519,54.66,BTC-11JAN25-95000-C,92216.36,buy,2.1,2.1,,,
194,339735633,2025-01-09 21:43:40,3,0.0038,0.0038912,54.79,BTC-11JAN25-95000-C,92214.17,buy,2.1,2.1,,,
195,339743175,2025-01-09 22:30:07,2,0.0034,0.00372372,53.66,BTC-11JAN25-95000-C,92193.77,buy,0.5,0.5,,,
196,339743176,2025-01-09 22:30:07,3,0.0034,0.00372372,53.66,BTC-11JAN25-95000-C,92193.77,buy,0.3,0.3,,,
197,339743177,2025-01-09 22:30:07,3,0.0034,0.00372372,53.66,BTC-11JAN25-95000-C,92193.77,buy,1.0,1.0,,,
198,339751671,2025-01-09 23:28:10,0,0.0038,0.00381153,55.7,BTC-11JAN25-95000-C,92241.98,sell,0.5,0.5,,,
199,339752180,2025-01-09 23:33:10,2,0.0037,0.00369475,56.02,BTC-11JAN25-95000-C,92167.3,sell,0.5,0.5,,,
200,339752247,2025-01-09 23:33:13,2,0.0036,0.00358629,55.42,BTC-11JAN25-95000-C,92115.36,sell,0.5,0.5,,,
201,339758662,2025-01-10 00:38:26,0,0.0044,0.00456496,54.73,BTC-11JAN25-95000-C,92657.86,buy,0.1,0.1,,,
202,339758663,2025-01-10 00:38:26,1,0.0044,0.00456496,54.73,BTC-11JAN25-95000-C,92657.86,buy,0.6,0.6,,,
203,339758666,2025-01-10 00:38:29,1,0.0044,0.00464009,54.32,BTC-11JAN25-95000-C,92686.5,buy,0.2,0.2,,,
204,339758672,2025-01-10 00:38:30,1,0.0044,0.00464753,54.32,BTC-11JAN25-95000-C,92685.91,buy,0.5,0.5,,,
205,339758673,2025-01-10 00:38:30,1,0.0044,0.00464753,54.32,BTC-11JAN25-95000-C,92685.91,buy,0.1,0.1,,,
206,339764801,2025-01-10 01:50:14,0,0.005,0.00508252,54.73,BTC-11JAN25-95000-C,92920.31,sell,0.1,0.1,,,
207,339765472,2025-01-10 02:02:22,0,0.0055,0.00576676,53.99,BTC-11JAN25-95000-C,93185.36,buy,0.1,0.1,,,
208,339766182,2025-01-10 02:11:12,1,0.0055,0.00560967,54.91,BTC-11JAN25-95000-C,93122.74,sell,0.1,0.1,,,
209,339767230,2025-01-10 02:27:52,0,0.0065,0.0062524,57.07,BTC-11JAN25-95000-C,93333.77,buy,0.1,0.1,,,
210,339767242,2025-01-10 02:27:55,1,0.0065,0.00624848,57.07,BTC-11JAN25-95000-C,93337.61,sell,6.9,6.9,,,
211,339767243,2025-01-10 02:27:55,1,0.0065,0.00624848,57.07,BTC-11JAN25-95000-C,93337.61,sell,1.2,1.2,,,
212,339767244,2025-01-10 02:27:55,1,0.0065,0.00624848,57.07,BTC-11JAN25-95000-C,93337.61,sell,0.1,0.1,,,
213,339767245,2025-01-10 02:27:55,1,0.0065,0.00624848,57.07,BTC-11JAN25-95000-C,93337.61,sell,3.3,3.3,,,
214,339767256,2025-01-10 02:27:55,1,0.0065,0.00626848,57.07,BTC-11JAN25-95000-C,93348.18,sell,0.9,0.9,,,
215,339767641,2025-01-10 02:29:21,0,0.007,0.00674884,57.81,BTC-11JAN25-95000-C,93465.93,sell,6.9,6.9,,,
216,339767642,2025-01-10 02:29:21,1,0.007,0.00674884,57.81,BTC-11JAN25-95000-C,93465.93,sell,1.0,1.0,,,
217,339767643,2025-01-10 02:29:21,1,0.007,0.00674884,57.81,BTC-11JAN25-95000-C,93465.93,sell,0.3,0.3,,,
218,339767644,2025-01-10 02:29:21,1,0.007,0.00674884,57.81,BTC-11JAN25-95000-C,93465.93,sell,0.1,0.1,,,
219,339767646,2025-01-10 02:29:21,1,0.007,0.00674884,57.81,BTC-11JAN25-95000-C,93465.93,sell,0.1,0.1,,,
220,339767662,2025-01-10 02:29:23,1,0.007,0.00675382,57.81,BTC-11JAN25-95000-C,93470.29,sell,1.7,1.7,,,
221,339767663,2025-01-10 02:29:23,1,0.007,0.00675382,57.81,BTC-11JAN25-95000-C,93470.29,sell,0.1,0.1,,,
222,339767672,2025-01-10 02:29:24,1,0.007,0.00677852,57.81,BTC-11JAN25-95000-C,93472.71,sell,0.1,0.1,,,
223,339768077,2025-01-10 02:30:32,1,0.007,0.00683104,57.2,BTC-11JAN25-95000-C,93473.18,sell,6.7,6.7,,,
224,339768149,2025-01-10 02:30:36,1,0.007,0.00678629,57.32,BTC-11JAN25-95000-C,93462.32,sell,0.3,0.3,,,
225,339768294,2025-01-10 02:31:00,1,0.007,0.00675619,57.68,BTC-11JAN25-95000-C,93443.5,sell,6.7,6.7,,,
226,339768569,2025-01-10 02:31:30,0,0.0075,0.00718956,58.22,BTC-11JAN25-95000-C,93548.65,sell,1.7,1.7,,,
227,339768576,2025-01-10 02:31:30,1,0.0075,0.00725021,58.22,BTC-11JAN25-95000-C,93559.58,sell,0.3,0.3,,,
228,339768902,2025-01-10 02:32:03,1,0.0075,0.00759731,56.02,BTC-11JAN25-95000-C,93633.93,sell,1.6,1.6,,,
229,339769245,2025-01-10 02:33:17,1,0.0075,0.00742523,57.32,BTC-11JAN25-95000-C,93589.95,sell,0.2,0.2,,,
230,339769250,2025-01-10 02:33:17,1,0.0075,0.00742523,57.32,BTC-11JAN25-95000-C,93589.95,sell,0.1,0.1,,,
231,339769339,2025-01-10 02:34:01,1,0.0075,0.00733998,57.93,BTC-11JAN25-95000-C,93564.38,sell,2.0,2.0,,,
232,339769384,2025-01-10 02:34:13,0,0.008,0.00744237,59.82,BTC-11JAN25-95000-C,93587.8,buy,0.2,0.2,,,
233,339769457,2025-01-10 02:34:39,2,0.0075,0.00733931,58.05,BTC-11JAN25-95000-C,93551.37,sell,0.3,0.3,,,
234,339769516,2025-01-10 02:34:50,3,0.0075,0.00732903,58.14,BTC-11JAN25-95000-C,93548.58,sell,0.3,0.3,,,
235,339769518,2025-01-10 02:34:51,3,0.0075,0.00732903,58.14,BTC-11JAN25-95000-C,93548.58,sell,1.6,1.6,,,
236,339769584,2025-01-10 02:35:07,0,0.008,0.00737491,60.56,BTC-11JAN25-95000-C,93559.27,buy,1.4,1.4,,,
237,339769585,2025-01-10 02:35:07,1,0.008,0.00737491,60.56,BTC-11JAN25-95000-C,93559.27,buy,2.3,2.3,,,
238,339769790,2025-01-10 02:35:54,2,0.0075,0.00721391,58.95,BTC-11JAN25-95000-C,93505.52,sell,0.3,0.3,,,
239,339769796,2025-01-10 02:35:54,3,0.0075,0.00721391,58.95,BTC-11JAN25-95000-C,93505.52,sell,6.7,6.7,,,
240,339769797,2025-01-10 02:35:54,3,0.0075,0.00721391,58.95,BTC-11JAN25-95000-C,93505.52,sell,1.0,1.0,,,
241,339769798,2025-01-10 02:35:54,3,0.0075,0.00721391,58.95,BTC-11JAN25-95000-C,93505.52,sell,23.9,23.9,,,
242,339769809,2025-01-10 02:35:57,3,0.0075,0.00716692,59.02,BTC-11JAN25-95000-C,93484.16,sell,0.3,0.3,,,
243,339770003,2025-01-10 02:36:55,3,0.0075,0.00735741,59.54,BTC-11JAN25-95000-C,93459.29,sell,1.6,1.6,,,
244,339770010,2025-01-10 02:36:56,3,0.0075,0.00735741,59.54,BTC-11JAN25-95000-C,93459.29,sell,0.4,0.4,,,
245,339770028,2025-01-10 02:37:03,3,0.0075,0.00735981,59.73,BTC-11JAN25-95000-C,93456.95,sell,1.6,1.6,,,
246,339770032,2025-01-10 02:37:03,3,0.0075,0.00735981,59.73,BTC-11JAN25-95000-C,93456.95,sell,0.4,0.4,,,
247,339770095,2025-01-10 02:37:15,3,0.0075,0.00737562,59.58,BTC-11JAN25-95000-C,93451.63,sell,0.3,0.3,,,
248,339770124,2025-01-10 02:37:27,3,0.0075,0.00731961,60.09,BTC-11JAN25-95000-C,93428.73,sell,0.3,0.3,,,
249,339770176,2025-01-10 02:37:33,3,0.0075,0.00725314,60.56,BTC-11JAN25-95000-C,93399.46,sell,1.6,1.6,,,
250,339770180,2025-01-10 02:37:33,3,0.0075,0.00725314,60.56,BTC-11JAN25-95000-C,93399.46,sell,0.1,0.1,,,
251,339770182,2025-01-10 02:37:34,3,0.0075,0.00724469,60.56,BTC-11JAN25-95000-C,93398.32,sell,0.3,0.3,,,
252,339770716,2025-01-10 02:40:58,0,0.008,0.00748023,63.08,BTC-11JAN25-95000-C,93398.88,buy,0.2,0.2,,,
253,339770869,2025-01-10 02:41:17,2,0.0075,0.00739727,60.81,BTC-11JAN25-95000-C,93356.77,sell,0.3,0.3,,,
254,339770912,2025-01-10 02:41:23,3,0.0075,0.00739157,61.36,BTC-11JAN25-95000-C,93355.64,sell,1.6,1.6,,,
255,339771017,2025-01-10 02:41:51,3,0.0075,0.00738494,61.59,BTC-11JAN25-95000-C,93341.01,sell,0.3,0.3,,,
256,339771063,2025-01-10 02:41:51,3,0.0075,0.00738494,61.59,BTC-11JAN25-95000-C,93341.01,sell,6.7,6.7,,,
257,339771064,2025-01-10 02:41:51,3,0.0075,0.00738494,61.59,BTC-11JAN25-95000-C,93341.01,sell,6.7,6.7,,,
258,339771068,2025-01-10 02:41:52,3,0.0075,0.00738494,61.59,BTC-11JAN25-95000-C,93341.01,sell,0.3,0.3,,,
259,339771075,2025-01-10 02:41:52,3,0.0075,0.00738494,61.59,BTC-11JAN25-95000-C,93341.01,sell,1.0,1.0,,,
260,339771124,2025-01-10 02:41:58,3,0.0075,0.00733662,62.2,BTC-11JAN25-95000-C,93313.53,sell,1.6,1.6,,,
261,339771471,2025-01-10 02:43:47,0,0.008,0.00757236,63.99,BTC-11JAN25-95000-C,93344.54,buy,0.3,0.3,,,
262,339771564,2025-01-10 02:44:43,1,0.008,0.00752873,64.48,BTC-11JAN25-95000-C,93327.33,buy,0.6,0.6,,,
263,339771565,2025-01-10 02:44:43,1,0.008,0.00752873,64.48,BTC-11JAN25-95000-C,93327.33,buy,5.0,5.0,,,
264,339771566,2025-01-10 02:44:43,1,0.008,0.00752873,64.48,BTC-11JAN25-95000-C,93327.33,buy,0.6,0.6,,,
265,339771707,2025-01-10 02:45:36,1,0.008,0.00785893,62.91,BTC-11JAN25-95000-C,93413.5,buy,0.3,0.3,,,
266,339771708,2025-01-10 02:45:36,1,0.008,0.00785893,62.91,BTC-11JAN25-95000-C,93413.5,buy,1.5,1.5,,,
267,339771712,2025-01-10 02:45:37,1,0.008,0.00785893,62.91,BTC-11JAN25-95000-C,93413.5,sell,1.6,1.6,,,
268,339771713,2025-01-10 02:45:37,1,0.008,0.00785893,62.91,BTC-11JAN25-95000-C,93413.5,sell,1.0,1.0,,,
269,339771714,2025-01-10 02:45:37,1,0.008,0.00785893,62.91,BTC-11JAN25-95000-C,93413.5,sell,0.3,0.3,,,
270,339771733,2025-01-10 02:45:47,1,0.008,0.00782855,63.05,BTC-11JAN25-95000-C,93399.99,sell,13.0,13.0,,,
271,339771734,2025-01-10 02:45:47,1,0.008,0.00782855,63.05,BTC-11JAN25-95000-C,93399.99,sell,0.1,0.1,,,
272,339771826,2025-01-10 02:47:03,0,0.0085,0.00809962,64.93,BTC-11JAN25-95000-C,93462.6,sell,13.0,13.0,,,
273,339771827,2025-01-10 02:47:03,1,0.0085,0.00809962,64.93,BTC-11JAN25-95000-C,93462.6,sell,6.1,6.1,,,
274,339771828,2025-01-10 02:47:03,1,0.0085,0.00809962,64.93,BTC-11JAN25-95000-C,93462.6,sell,13.0,13.0,,,
275,339771829,2025-01-10 02:47:03,1,0.0085,0.00809962,64.93,BTC-11JAN25-95000-C,93462.6,sell,7.9,7.9,,,
276,339771833,2025-01-10 02:47:07,1,0.0085,0.00814526,64.32,BTC-11JAN25-95000-C,93476.73,sell,13.0,13.0,,,
277,339771834,2025-01-10 02:47:07,1,0.0085,0.00814526,64.32,BTC-11JAN25-95000-C,93476.73,sell,0.1,0.1,,,
278,339771836,2025-01-10 02:47:11,1,0.0085,0.00817205,64.32,BTC-11JAN25-95000-C,93478.22,sell,0.1,0.1,,,
279,339771837,2025-01-10 02:47:11,1,0.0085,0.00817205,64.32,BTC-11JAN25-95000-C,93478.22,sell,0.1,0.1,,,
280,339771838,2025-01-10 02:47:11,1,0.0085,0.00817205,64.32,BTC-11JAN25-95000-C,93478.22,sell,0.1,0.1,,,
281,339771839,2025-01-10 02:47:11,1,0.0085,0.00817205,64.32,BTC-11JAN25-95000-C,93478.22,sell,0.2,0.2,,,
282,339771846,2025-01-10 02:47:20,1,0.0085,0.00815609,64.47,BTC-11JAN25-95000-C,93460.5,sell,26.4,26.4,,,
283,339771900,2025-01-10 02:48:14,1,0.0085,0.00828841,64.65,BTC-11JAN25-95000-C,93454.91,sell,13.0,13.0,,,
284,339771909,2025-01-10 02:48:14,1,0.0085,0.00829105,64.65,BTC-11JAN25-95000-C,93455.08,sell,1.0,1.0,,,
285,339771910,2025-01-10 02:48:14,1,0.0085,0.00829105,64.65,BTC-11JAN25-95000-C,93455.08,sell,26.0,26.0,,,
286,339771916,2025-01-10 02:48:18,1,0.0085,0.00823827,64.65,BTC-11JAN25-95000-C,93440.94,sell,1.5,1.5,,,
287,339771917,2025-01-10 02:48:18,1,0.0085,0.00823827,64.65,BTC-11JAN25-95000-C,93440.94,sell,0.2,0.2,,,
288,339771922,2025-01-10 02:48:19,1,0.0085,0.00823827,64.65,BTC-11JAN25-95000-C,93440.94,sell,0.1,0.1,,,
289,339772303,2025-01-10 02:50:48,1,0.0085,0.00865453,63.68,BTC-11JAN25-95000-C,93506.19,sell,1.5,1.5,,,
290,339772390,2025-01-10 02:51:44,1,0.0085,0.00859219,64.0,BTC-11JAN25-95000-C,93469.6,sell,0.3,0.3,,,
291,339772531,2025-01-10 02:53:00,1,0.0085,0.00830054,65.67,BTC-11JAN25-95000-C,93388.4,sell,13.0,13.0,,,
292,339772576,2025-01-10 02:53:04,1,0.0085,0.0082576,65.91,BTC-11JAN25-95000-C,93364.97,sell,1.0,1.0,,,
293,339772577,2025-01-10 02:53:04,1,0.0085,0.0082576,65.91,BTC-11JAN25-95000-C,93364.97,sell,0.1,0.1,,,
294,339772636,2025-01-10 02:53:39,1,0.0085,0.00829035,66.1,BTC-11JAN25-95000-C,93358.7,sell,13.0,13.0,,,
295,339772637,2025-01-10 02:53:39,1,0.0085,0.00829035,66.1,BTC-11JAN25-95000-C,93358.7,sell,9.3,9.3,,,
296,339772718,2025-01-10 02:54:35,1,0.0085,0.00821074,66.63,BTC-11JAN25-95000-C,93342.4,sell,0.5,0.5,,,
297,339773190,2025-01-10 02:59:57,1,0.0085,0.00849292,66.22,BTC-11JAN25-95000-C,93364.51,sell,5.0,5.0,,,
298,339773342,2025-01-10 03:01:34,1,0.0085,0.0085753,65.78,BTC-11JAN25-95000-C,93383.0,sell,34.5,34.5,,,
299,339773713,2025-01-10 03:05:38,1,0.0085,0.00877744,65.06,BTC-11JAN25-95000-C,93454.51,sell,40.0,40.0,,,
300,339773735,2025-01-10 03:06:16,1,0.0085,0.00872912,65.27,BTC-11JAN25-95000-C,93450.94,sell,29.7,29.7,,,
301,339773872,2025-01-10 03:08:00,1,0.0085,0.00885224,63.14,BTC-11JAN25-95000-C,93556.92,buy,0.8,0.8,,,
302,339778152,2025-01-10 04:11:27,1,0.0085,0.00849211,61.21,BTC-11JAN25-95000-C,93775.33,buy,0.1,0.1,,,
303,339778957,2025-01-10 04:20:05,2,0.008,0.00819781,60.43,BTC-11JAN25-95000-C,93680.06,buy,0.2,0.2,,,
304,339782926,2025-01-10 05:20:29,2,0.0075,0.0077836,58.62,BTC-11JAN25-95000-C,93725.04,buy,0.1,0.1,,,
305,339784799,2025-01-10 05:37:23,0,0.009,0.00895578,59.22,BTC-11JAN25-95000-C,94099.88,sell,0.1,0.1,,,
306,339784803,2025-01-10 05:37:24,1,0.009,0.0089757,59.22,BTC-11JAN25-95000-C,94098.87,sell,0.4,0.4,,,
307,339784804,2025-01-10 05:37:24,1,0.009,0.0089757,59.22,BTC-11JAN25-95000-C,94098.87,sell,0.5,0.5,,,
308,339786832,2025-01-10 06:02:04,1,0.009,0.00844384,61.12,BTC-11JAN25-95000-C,93991.5,buy,5.0,5.0,339786831,BTC-CSR12-11JAN25-95000_96000,
309,339788252,2025-01-10 06:21:41,2,0.008,0.00820205,56.96,BTC-11JAN25-95000-C,93991.7,buy,0.1,0.1,,,
310,339793372,2025-01-10 07:12:06,0,0.0085,0.0089603,56.16,BTC-11JAN25-95000-C,94221.15,sell,0.1,0.1,,,
311,339793977,2025-01-10 07:17:25,1,0.0085,0.0086764,57.64,BTC-11JAN25-95000-C,94164.66,buy,0.1,0.1,,,
312,339796012,2025-01-10 07:32:20,0,0.009,0.00922461,57.48,BTC-11JAN25-95000-C,94322.22,sell,0.1,0.1,,,
313,339796964,2025-01-10 07:36:30,0,0.0095,0.00944444,58.75,BTC-11JAN25-95000-C,94375.86,buy,0.1,0.1,,,
314,339797496,2025-01-10 07:37:40,2,0.009,0.00961567,55.39,BTC-11JAN25-95000-C,94414.2,sell,0.1,0.1,,,
315,339798696,2025-01-10 07:40:32,0,0.01,0.00992344,58.26,BTC-11JAN25-95000-C,94533.86,buy,1.0,1.0,,,
316,339802872,2025-01-10 07:45:03,0,0.0115,0.01051266,62.34,BTC-11JAN25-95000-C,94790.39,buy,1.6,1.6,,,
317,339802873,2025-01-10 07:45:03,1,0.0115,0.01051266,62.34,BTC-11JAN25-95000-C,94790.39,buy,0.2,0.2,,,
318,339803064,2025-01-10 07:45:18,0,0.012,0.01103042,61.99,BTC-11JAN25-95000-C,94910.57,buy,1.6,1.6,,,
319,339803066,2025-01-10 07:45:18,1,0.012,0.01103042,61.99,BTC-11JAN25-95000-C,94910.57,buy,0.4,0.4,,,
320,339803067,2025-01-10 07:45:18,1,0.012,0.01103042,61.99,BTC-11JAN25-95000-C,94910.57,buy,0.2,0.2,,,
321,339803068,2025-01-10 07:45:18,1,0.012,0.01103042,61.99,BTC-11JAN25-95000-C,94910.57,buy,0.1,0.1,,,
322,339803069,2025-01-10 07:45:18,1,0.012,0.01103042,61.99,BTC-11JAN25-95000-C,94910.57,buy,0.3,0.3,,,
323,339803085,2025-01-10 07:45:21,1,0.012,0.0111153,61.65,BTC-11JAN25-95000-C,94923.14,buy,0.5,0.5,,,
324,339803253,2025-01-10 07:45:28,1,0.012,0.01103387,61.6,BTC-11JAN25-95000-C,94897.81,buy,0.9,0.9,,,
325,339810899,2025-01-10 08:00:29,2,0.009,0.00989489,54.04,BTC-11JAN25-95000-C,94509.49,sell,0.6,0.6,,,
326,339811109,2025-01-10 08:01:07,3,0.009,0.00988236,54.0,BTC-11JAN25-95000-C,94466.08,sell,0.1,0.1,,,
327,339811155,2025-01-10 08:01:09,3,0.009,0.00965039,55.11,BTC-11JAN25-95000-C,94461.62,sell,0.1,0.1,,,
328,339811161,2025-01-10 08:01:10,3,0.009,0.00966603,55.03,BTC-11JAN25-95000-C,94461.98,sell,0.1,0.1,,,
329,339811162,2025-01-10 08:01:11,3,0.009,0.00966726,55.03,BTC-11JAN25-95000-C,94473.18,sell,0.1,0.1,,,
330,339811168,2025-01-10 08:01:12,3,0.009,0.00971817,55.03,BTC-11JAN25-95000-C,94489.47,sell,0.1,0.1,,,
331,339811178,2025-01-10 08:01:15,3,0.009,0.00973274,54.7,BTC-11JAN25-95000-C,94474.44,sell,0.1,0.1,,,
332,339811179,2025-01-10 08:01:16,3,0.009,0.00972237,54.75,BTC-11JAN25-95000-C,94474.38,sell,0.1,0.1,,,
333,339811186,2025-01-10 08:01:18,3,0.009,0.00972124,54.76,BTC-11JAN25-95000-C,94474.62,sell,0.1,0.1,,,
334,339811204,2025-01-10 08:01:20,3,0.009,0.00972251,54.75,BTC-11JAN25-95000-C,94473.92,sell,0.1,0.1,,,
335,339811233,2025-01-10 08:01:22,3,0.009,0.00972319,54.75,BTC-11JAN25-95000-C,94472.1,sell,0.1,0.1,,,
336,339811241,2025-01-10 08:01:23,3,0.009,0.00966484,54.75,BTC-11JAN25-95000-C,94462.52,sell,0.2,0.2,,,
337,339811246,2025-01-10 08:01:24,3,0.009,0.00964122,54.75,BTC-11JAN25-95000-C,94458.07,sell,0.1,0.1,,,
338,339811247,2025-01-10 08:01:24,3,0.009,0.00962794,54.75,BTC-11JAN25-95000-C,94455.83,sell,0.2,0.2,,,
339,339811290,2025-01-10 08:01:27,3,0.009,0.00964164,54.75,BTC-11JAN25-95000-C,94465.48,sell,0.1,0.1,,,
340,339811297,2025-01-10 08:01:29,3,0.009,0.00968096,54.75,BTC-11JAN25-95000-C,94467.35,sell,0.1,0.1,,,
341,339811324,2025-01-10 08:01:31,3,0.009,0.00966329,54.91,BTC-11JAN25-95000-C,94465.45,sell,0.1,0.1,,,
342,339811364,2025-01-10 08:01:34,3,0.009,0.00962993,55.03,BTC-11JAN25-95000-C,94475.29,sell,0.1,0.1,,,
343,339811389,2025-01-10 08:01:35,3,0.009,0.00968022,55.03,BTC-11JAN25-95000-C,94477.47,sell,0.3,0.3,,,
344,339811395,2025-01-10 08:01:37,3,0.009,0.00968646,54.71,BTC-11JAN25-95000-C,94470.06,sell,0.1,0.1,,,
345,339811400,2025-01-10 08:01:38,3,0.009,0.009646,54.71,BTC-11JAN25-95000-C,94469.53,sell,0.1,0.1,,,
346,339811425,2025-01-10 08:01:41,3,0.009,0.00964154,54.86,BTC-11JAN25-95000-C,94471.54,sell,0.1,0.1,,,
347,339811449,2025-01-10 08:01:43,3,0.009,0.00964186,54.84,BTC-11JAN25-95000-C,94465.1,sell,0.1,0.1,,,
348,339811453,2025-01-10 08:01:44,3,0.009,0.00961249,54.84,BTC-11JAN25-95000-C,94459.27,sell,0.1,0.1,,,
349,339811456,2025-01-10 08:01:45,3,0.009,0.00958452,54.84,BTC-11JAN25-95000-C,94458.63,sell,0.1,0.1,,,
350,339811466,2025-01-10 08:01:48,3,0.009,0.00956365,55.12,BTC-11JAN25-95000-C,94457.19,sell,0.1,0.1,,,
351,339811472,2025-01-10 08:01:50,3,0.009,0.00956436,55.12,BTC-11JAN25-95000-C,94456.59,sell,0.1,0.1,,,
352,339811485,2025-01-10 08:01:54,3,0.009,0.00955501,55.12,BTC-11JAN25-95000-C,94455.6,sell,0.1,0.1,,,
353,339811487,2025-01-10 08:01:55,3,0.009,0.00955341,55.12,BTC-11JAN25-95000-C,94455.43,sell,0.1,0.1,,,
354,339811493,2025-01-10 08:01:57,3,0.009,0.00954932,55.12,BTC-11JAN25-95000-C,94455.28,sell,0.1,0.1,,,
355,339811500,2025-01-10 08:01:59,3,0.009,0.00954737,55.12,BTC-11JAN25-95000-C,94455.56,sell,0.6,0.6,,,
356,339811503,2025-01-10 08:02:01,3,0.009,0.00955003,55.19,BTC-11JAN25-95000-C,94455.92,sell,0.1,0.1,,,
357,339811507,2025-01-10 08:02:02,3,0.009,0.00954619,55.19,BTC-11JAN25-95000-C,94455.82,sell,0.1,0.1,,,
358,339811513,2025-01-10 08:02:03,3,0.009,0.00954415,55.19,BTC-11JAN25-95000-C,94455.08,sell,0.1,0.1,,,
359,339811518,2025-01-10 08:02:04,3,0.009,0.00953938,55.19,BTC-11JAN25-95000-C,94453.75,sell,0.1,0.1,,,
360,339811521,2025-01-10 08:02:04,3,0.009,0.00953274,55.19,BTC-11JAN25-95000-C,94457.97,sell,0.1,0.1,,,
361,339811555,2025-01-10 08:02:07,3,0.009,0.00960084,54.99,BTC-11JAN25-95000-C,94472.62,sell,0.1,0.1,,,
362,339811571,2025-01-10 08:02:09,3,0.009,0.00961574,54.99,BTC-11JAN25-95000-C,94469.82,sell,0.1,0.1,,,
363,339811583,2025-01-10 08:02:11,3,0.009,0.0095475,54.99,BTC-11JAN25-95000-C,94456.89,sell,0.3,0.3,,,
364,339811610,2025-01-10 08:02:15,3,0.009,0.00950686,55.28,BTC-11JAN25-95000-C,94451.0,sell,0.1,0.1,,,
365,339811615,2025-01-10 08:02:17,3,0.009,0.00951418,55.3,BTC-11JAN25-95000-C,94450.72,sell,0.1,0.1,,,
366,339811637,2025-01-10 08:02:19,3,0.009,0.00952547,55.3,BTC-11JAN25-95000-C,94459.68,sell,0.1,0.1,,,
367,339811674,2025-01-10 08:02:24,2,0.0085,0.00951188,52.86,BTC-11JAN25-95000-C,94444.7,sell,0.1,0.1,,,
368,339811676,2025-01-10 08:02:25,3,0.0085,0.0094819,52.86,BTC-11JAN25-95000-C,94444.43,sell,0.1,0.1,,,
369,339811679,2025-01-10 08:02:27,3,0.0085,0.00947067,53.01,BTC-11JAN25-95000-C,94442.34,sell,0.1,0.1,,,
370,339811683,2025-01-10 08:02:28,3,0.0085,0.00946823,53.05,BTC-11JAN25-95000-C,94442.86,sell,0.1,0.1,,,
371,339811690,2025-01-10 08:02:29,3,0.0085,0.00946954,53.05,BTC-11JAN25-95000-C,94442.64,sell,0.1,0.1,,,
372,339811695,2025-01-10 08:02:32,3,0.0085,0.0094644,53.05,BTC-11JAN25-95000-C,94442.53,sell,0.1,0.1,,,
373,339811702,2025-01-10 08:02:35,3,0.0085,0.0094675,53.07,BTC-11JAN25-95000-C,94443.87,sell,0.1,0.1,,,
374,339811708,2025-01-10 08:02:38,0,0.009,0.00945302,55.48,BTC-11JAN25-95000-C,94440.64,sell,0.1,0.1,,,
375,339811714,2025-01-10 08:02:40,1,0.009,0.00945083,55.48,BTC-11JAN25-95000-C,94447.99,sell,0.2,0.2,,,
376,339811719,2025-01-10 08:02:41,2,0.0085,0.00947758,53.04,BTC-11JAN25-95000-C,94448.11,sell,0.1,0.1,,,
377,339811721,2025-01-10 08:02:42,3,0.0085,0.0094771,53.04,BTC-11JAN25-95000-C,94445.84,sell,0.1,0.1,,,
378,339811723,2025-01-10 08:02:43,3,0.0085,0.0094659,53.04,BTC-11JAN25-95000-C,94442.99,sell,0.1,0.1,,,
379,339811730,2025-01-10 08:02:45,3,0.0085,0.00943654,53.04,BTC-11JAN25-95000-C,94438.83,sell,0.2,0.2,,,
380,339811777,2025-01-10 08:02:48,0,0.009,0.00946625,55.6,BTC-11JAN25-95000-C,94463.95,sell,0.7,0.7,,,
381,339811787,2025-01-10 08:02:49,1,0.009,0.00954469,55.6,BTC-11JAN25-95000-C,94460.78,sell,0.1,0.1,,,
382,339811819,2025-01-10 08:02:54,2,0.0085,0.00947793,53.16,BTC-11JAN25-95000-C,94443.63,sell,0.1,0.1,,,
383,339811832,2025-01-10 08:02:56,3,0.0085,0.00942459,53.16,BTC-11JAN25-95000-C,94439.61,sell,0.1,0.1,,,
384,339811835,2025-01-10 08:02:57,3,0.0085,0.0094155,53.16,BTC-11JAN25-95000-C,94439.54,sell,0.1,0.1,,,
385,339811841,2025-01-10 08:02:58,3,0.0085,0.00940725,53.16,BTC-11JAN25-95000-C,94439.17,sell,0.6,0.6,,,
386,339811850,2025-01-10 08:03:00,3,0.0085,0.00935108,53.14,BTC-11JAN25-95000-C,94430.35,sell,0.2,0.2,,,
387,339811854,2025-01-10 08:03:01,3,0.0085,0.00934534,53.14,BTC-11JAN25-95000-C,94424.96,sell,0.1,0.1,,,
388,339811865,2025-01-10 08:03:04,3,0.0085,0.00930785,53.5,BTC-11JAN25-95000-C,94424.42,sell,0.1,0.1,,,
389,339811871,2025-01-10 08:03:06,3,0.0085,0.00935179,53.29,BTC-11JAN25-95000-C,94432.55,sell,0.2,0.2,,,
390,339811893,2025-01-10 08:03:07,3,0.0085,0.00933577,53.29,BTC-11JAN25-95000-C,94428.78,sell,0.2,0.2,,,
391,339811894,2025-01-10 08:03:07,3,0.0085,0.00931844,53.29,BTC-11JAN25-95000-C,94425.02,sell,0.1,0.1,,,
392,339811900,2025-01-10 08:03:09,3,0.0085,0.00927799,53.29,BTC-11JAN25-95000-C,94416.03,sell,0.1,0.1,,,
393,339811901,2025-01-10 08:03:10,3,0.0085,0.00928727,53.29,BTC-11JAN25-95000-C,94418.16,sell,0.1,0.1,,,
394,339811911,2025-01-10 08:03:12,3,0.0085,0.00929528,53.29,BTC-11JAN25-95000-C,94421.97,sell,0.1,0.1,,,
395,339811912,2025-01-10 08:03:13,3,0.0085,0.00932113,53.29,BTC-11JAN25-95000-C,94426.07,sell,0.1,0.1,,,
396,339811927,2025-01-10 08:03:16,3,0.0085,0.00931309,53.44,BTC-11JAN25-95000-C,94422.28,sell,0.1,0.1,,,
397,339811930,2025-01-10 08:03:18,3,0.0085,0.00927067,53.64,BTC-11JAN25-95000-C,94410.21,sell,0.1,0.1,,,
398,339811943,2025-01-10 08:03:19,3,0.0085,0.00925123,53.64,BTC-11JAN25-95000-C,94411.01,sell,0.1,0.1,,,
399,339811945,2025-01-10 08:03:20,3,0.0085,0.00925174,53.64,BTC-11JAN25-95000-C,94411.24,sell,0.2,0.2,,,
400,339811953,2025-01-10 08:03:21,3,0.0085,0.00923577,53.64,BTC-11JAN25-95000-C,94407.72,sell,0.1,0.1,,,
401,339811962,2025-01-10 08:03:23,3,0.0085,0.00923569,53.8,BTC-11JAN25-95000-C,94406.05,sell,0.1,0.1,,,
402,339811972,2025-01-10 08:03:25,3,0.0085,0.00922285,53.86,BTC-11JAN25-95000-C,94405.02,sell,0.1,0.1,,,
403,339811976,2025-01-10 08:03:27,3,0.0085,0.00920356,53.93,BTC-11JAN25-95000-C,94401.04,sell,0.2,0.2,,,
404,339811986,2025-01-10 08:03:29,3,0.0085,0.00918977,53.96,BTC-11JAN25-95000-C,94400.3,sell,0.1,0.1,,,
405,339811993,2025-01-10 08:03:30,3,0.0085,0.00918205,53.96,BTC-11JAN25-95000-C,94400.28,sell,0.2,0.2,,,
406,339811999,2025-01-10 08:03:31,3,0.0085,0.00916692,53.96,BTC-11JAN25-95000-C,94397.61,sell,0.1,0.1,,,
407,339812007,2025-01-10 08:03:33,3,0.0085,0.00915431,54.08,BTC-11JAN25-95000-C,94394.49,sell,0.1,0.1,,,
408,339812015,2025-01-10 08:03:35,3,0.0085,0.00912865,54.16,BTC-11JAN25-95000-C,94391.21,sell,0.4,0.4,,,
409,339812016,2025-01-10 08:03:36,3,0.0085,0.00912636,54.16,BTC-11JAN25-95000-C,94391.83,sell,0.6,0.6,,,
410,339812017,2025-01-10 08:03:36,3,0.0085,0.00912636,54.16,BTC-11JAN25-95000-C,94391.83,sell,0.1,0.1,,,
411,339812022,2025-01-10 08:03:38,3,0.0085,0.00913833,54.09,BTC-11JAN25-95000-C,94394.12,sell,0.1,0.1,,,
412,339812028,2025-01-10 08:03:39,3,0.0085,0.00913881,54.09,BTC-11JAN25-95000-C,94396.5,sell,0.8,0.8,,,
413,339812029,2025-01-10 08:03:40,3,0.0085,0.00913683,54.09,BTC-11JAN25-95000-C,94396.66,sell,0.2,0.2,,,
414,339812048,2025-01-10 08:03:42,3,0.0085,0.0091312,54.07,BTC-11JAN25-95000-C,94395.35,sell,0.1,0.1,,,
415,339812054,2025-01-10 08:03:45,3,0.0085,0.00911542,54.07,BTC-11JAN25-95000-C,94393.05,sell,0.1,0.1,,,
416,339812059,2025-01-10 08:03:47,3,0.0085,0.00910642,54.07,BTC-11JAN25-95000-C,94392.02,sell,0.1,0.1,,,
417,339812061,2025-01-10 08:03:48,3,0.0085,0.00910055,54.07,BTC-11JAN25-95000-C,94390.73,sell,0.1,0.1,,,
418,339812070,2025-01-10 08:03:50,3,0.0085,0.00910358,54.16,BTC-11JAN25-95000-C,94396.87,sell,0.1,0.1,,,
419,339812072,2025-01-10 08:03:51,3,0.0085,0.00912979,54.16,BTC-11JAN25-95000-C,94398.53,sell,0.2,0.2,,,
420,339812075,2025-01-10 08:03:53,3,0.0085,0.00912509,54.02,BTC-11JAN25-95000-C,94395.33,sell,0.1,0.1,,,
421,339812078,2025-01-10 08:03:54,3,0.0085,0.00910417,54.02,BTC-11JAN25-95000-C,94394.32,sell,0.2,0.2,,,
422,339812084,2025-01-10 08:03:57,3,0.0085,0.00910997,54.05,BTC-11JAN25-95000-C,94396.21,sell,0.2,0.2,,,
423,339812091,2025-01-10 08:03:59,3,0.0085,0.00910884,54.03,BTC-11JAN25-95000-C,94396.97,sell,0.1,0.1,,,
424,339812107,2025-01-10 08:04:01,3,0.0085,0.0091001,54.04,BTC-11JAN25-95000-C,94397.33,sell,0.1,0.1,,,
425,339812115,2025-01-10 08:04:04,3,0.0085,0.00913584,53.82,BTC-11JAN25-95000-C,94406.97,sell,0.2,0.2,,,
426,339812130,2025-01-10 08:04:06,3,0.0085,0.00913054,53.8,BTC-11JAN25-95000-C,94408.37,sell,0.1,0.1,,,
427,339812217,2025-01-10 08:04:10,3,0.0085,0.0091468,53.73,BTC-11JAN25-95000-C,94416.32,sell,0.1,0.1,,,
428,339812224,2025-01-10 08:04:12,3,0.0085,0.00916885,53.5,BTC-11JAN25-95000-C,94431.86,sell,0.3,0.3,,,
429,339812227,2025-01-10 08:04:13,3,0.0085,0.00920169,53.5,BTC-11JAN25-95000-C,94431.88,sell,0.1,0.1,,,
430,339812230,2025-01-10 08:04:15,3,0.0085,0.00921046,53.22,BTC-11JAN25-95000-C,94438.8,sell,0.1,0.1,,,
431,339812232,2025-01-10 08:04:16,3,0.0085,0.00922666,53.22,BTC-11JAN25-95000-C,94441.11,sell,0.1,0.1,,,
432,339812234,2025-01-10 08:04:17,3,0.0085,0.00922092,53.22,BTC-11JAN25-95000-C,94441.08,sell,0.6,0.6,,,
433,339812243,2025-01-10 08:04:19,3,0.0085,0.00921535,53.22,BTC-11JAN25-95000-C,94442.32,sell,0.1,0.1,,,
434,339812255,2025-01-10 08:04:21,3,0.0085,0.0092102,53.22,BTC-11JAN25-95000-C,94445.68,sell,0.1,0.1,,,
435,339812281,2025-01-10 08:04:24,3,0.0085,0.0092181,52.94,BTC-11JAN25-95000-C,94449.83,sell,0.1,0.1,,,
436,339812283,2025-01-10 08:04:24,0,0.009,0.0092181,55.37,BTC-11JAN25-95000-C,94449.83,buy,0.5,0.5,,,
437,339812298,2025-01-10 08:04:25,1,0.009,0.00921631,55.37,BTC-11JAN25-95000-C,94460.68,sell,0.1,0.1,,,
438,339812304,2025-01-10 08:04:26,1,0.009,0.00926493,55.37,BTC-11JAN25-95000-C,94462.67,sell,0.1,0.1,,,
439,339812311,2025-01-10 08:04:30,2,0.0085,0.00928144,52.57,BTC-11JAN25-95000-C,94462.81,sell,0.2,0.2,,,
440,339812332,2025-01-10 08:04:32,3,0.0085,0.00926244,52.62,BTC-11JAN25-95000-C,94462.17,sell,0.5,0.5,,,
441,339812339,2025-01-10 08:04:34,3,0.0085,0.00923055,52.64,BTC-11JAN25-95000-C,94456.29,sell,0.1,0.1,,,
442,339812341,2025-01-10 08:04:35,0,0.009,0.00921074,55.07,BTC-11JAN25-95000-C,94455.27,sell,0.1,0.1,,,
443,339812372,2025-01-10 08:04:40,2,0.0085,0.00930621,52.64,BTC-11JAN25-95000-C,94468.94,sell,0.1,0.1,,,
444,339812383,2025-01-10 08:04:41,3,0.0085,0.00928178,52.64,BTC-11JAN25-95000-C,94467.15,sell,0.2,0.2,,,
445,339812388,2025-01-10 08:04:42,3,0.0085,0.00927576,52.64,BTC-11JAN25-95000-C,94463.89,sell,0.2,0.2,,,
446,339812389,2025-01-10 08:04:42,3,0.0085,0.00927576,52.64,BTC-11JAN25-95000-C,94463.89,sell,0.1,0.1,,,
447,339812395,2025-01-10 08:04:43,3,0.0085,0.00926241,52.64,BTC-11JAN25-95000-C,94457.99,sell,0.9,0.9,,,
448,339812397,2025-01-10 08:04:44,3,0.0085,0.00926241,52.64,BTC-11JAN25-95000-C,94457.99,sell,0.1,0.1,,,
449,339812414,2025-01-10 08:04:45,3,0.0085,0.00922185,52.64,BTC-11JAN25-95000-C,94450.75,sell,0.1,0.1,,,
450,339812420,2025-01-10 08:04:46,3,0.0085,0.00920507,52.64,BTC-11JAN25-95000-C,94450.62,sell,0.2,0.2,,,
451,339812437,2025-01-10 08:04:49,3,0.0085,0.00918508,52.89,BTC-11JAN25-95000-C,94447.79,sell,0.1,0.1,,,
452,339812459,2025-01-10 08:04:52,3,0.0085,0.00918987,52.89,BTC-11JAN25-95000-C,94448.2,sell,0.1,0.1,,,
453,339812460,2025-01-10 08:04:53,3,0.0085,0.00918391,52.89,BTC-11JAN25-95000-C,94446.48,sell,0.1,0.1,,,
454,339812471,2025-01-10 08:04:56,3,0.0085,0.00916971,52.99,BTC-11JAN25-95000-C,94445.59,sell,0.1,0.1,,,
455,339812483,2025-01-10 08:04:58,3,0.0085,0.00916408,52.99,BTC-11JAN25-95000-C,94447.45,sell,0.1,0.1,,,
456,339812485,2025-01-10 08:04:59,3,0.0085,0.00917896,52.99,BTC-11JAN25-95000-C,94445.25,sell,0.1,0.1,,,
457,339812493,2025-01-10 08:05:00,3,0.0085,0.0091687,52.99,BTC-11JAN25-95000-C,94442.63,sell,0.7,0.7,,,
458,339812495,2025-01-10 08:05:01,3,0.0085,0.00915672,52.99,BTC-11JAN25-95000-C,94444.84,sell,0.1,0.1,,,
459,339812498,2025-01-10 08:05:02,3,0.0085,0.00916658,52.99,BTC-11JAN25-95000-C,94448.03,sell,0.2,0.2,,,
460,339812507,2025-01-10 08:05:04,3,0.0085,0.00919071,52.99,BTC-11JAN25-95000-C,94449.85,sell,0.2,0.2,,,
461,339812511,2025-01-10 08:05:05,3,0.0085,0.0091845,52.99,BTC-11JAN25-95000-C,94450.71,sell,0.1,0.1,,,
462,339812512,2025-01-10 08:05:06,3,0.0085,0.00918811,52.99,BTC-11JAN25-95000-C,94455.53,sell,0.8,0.8,,,
463,339812520,2025-01-10 08:05:08,3,0.0085,0.00922208,52.77,BTC-11JAN25-95000-C,94459.7,sell,0.1,0.1,,,
464,339812523,2025-01-10 08:05:09,3,0.0085,0.00922703,52.77,BTC-11JAN25-95000-C,94459.26,sell,0.2,0.2,,,
465,339812531,2025-01-10 08:05:10,3,0.0085,0.00922458,52.77,BTC-11JAN25-95000-C,94460.44,sell,0.2,0.2,,,
466,339812533,2025-01-10 08:05:11,3,0.0085,0.00922932,52.77,BTC-11JAN25-95000-C,94460.34,sell,0.1,0.1,,,
467,339812549,2025-01-10 08:05:13,3,0.0085,0.00922465,52.67,BTC-11JAN25-95000-C,94459.14,sell,0.1,0.1,,,
468,339812558,2025-01-10 08:05:14,3,0.0085,0.00922172,52.67,BTC-11JAN25-95000-C,94458.91,sell,0.2,0.2,,,
469,339812577,2025-01-10 08:05:17,3,0.0085,0.00918193,52.79,BTC-11JAN25-95000-C,94449.7,sell,0.2,0.2,,,
470,339812585,2025-01-10 08:05:19,3,0.0085,0.00917035,52.91,BTC-11JAN25-95000-C,94448.22,sell,0.1,0.1,,,
471,339812590,2025-01-10 08:05:20,3,0.0085,0.00916992,52.91,BTC-11JAN25-95000-C,94448.29,sell,0.1,0.1,,,
472,339812604,2025-01-10 08:05:22,3,0.0085,0.00916916,52.91,BTC-11JAN25-95000-C,94449.08,sell,0.1,0.1,,,
473,339812622,2025-01-10 08:05:23,3,0.0085,0.0091727,52.91,BTC-11JAN25-95000-C,94457.44,sell,0.1,0.1,,,
474,339812629,2025-01-10 08:05:24,3,0.0085,0.0091727,52.91,BTC-11JAN25-95000-C,94457.44,sell,0.2,0.2,,,
475,339812636,2025-01-10 08:05:24,3,0.0085,0.00921015,52.91,BTC-11JAN25-95000-C,94469.59,sell,0.1,0.1,,,
476,339812641,2025-01-10 08:05:26,3,0.0085,0.00931413,52.91,BTC-11JAN25-95000-C,94483.53,sell,0.1,0.1,,,
477,339812661,2025-01-10 08:05:29,3,0.0085,0.00932932,52.17,BTC-11JAN25-95000-C,94484.84,sell,0.2,0.2,,,
478,339812666,2025-01-10 08:05:31,3,0.0085,0.00932853,52.14,BTC-11JAN25-95000-C,94484.8,sell,0.1,0.1,,,
479,339812669,2025-01-10 08:05:32,3,0.0085,0.00933341,52.16,BTC-11JAN25-95000-C,94485.22,sell,0.1,0.1,,,
480,339812674,2025-01-10 08:05:34,3,0.0085,0.00933069,52.15,BTC-11JAN25-95000-C,94485.14,sell,0.1,0.1,,,
481,339812680,2025-01-10 08:05:35,3,0.0085,0.00933096,52.15,BTC-11JAN25-95000-C,94484.92,sell,0.1,0.1,,,
482,339812690,2025-01-10 08:05:38,3,0.0085,0.00937008,52.04,BTC-11JAN25-95000-C,94497.3,sell,0.1,0.1,,,
483,339812697,2025-01-10 08:05:40,3,0.0085,0.00938788,51.88,BTC-11JAN25-95000-C,94498.82,sell,0.1,0.1,,,
484,339812701,2025-01-10 08:05:43,3,0.0085,0.00938982,51.86,BTC-11JAN25-95000-C,94502.07,sell,0.1,0.1,,,
485,339812707,2025-01-10 08:05:45,3,0.0085,0.00941112,51.78,BTC-11JAN25-95000-C,94503.02,sell,0.1,0.1,,,
486,339812716,2025-01-10 08:05:47,3,0.0085,0.00940604,51.76,BTC-11JAN25-95000-C,94502.9,sell,0.1,0.1,,,
487,339812764,2025-01-10 08:05:51,0,0.009,0.00945227,54.19,BTC-11JAN25-95000-C,94515.38,sell,0.1,0.1,,,
488,339812767,2025-01-10 08:05:51,1,0.009,0.00945227,54.19,BTC-11JAN25-95000-C,94515.38,sell,0.1,0.1,,,
489,339812777,2025-01-10 08:05:52,1,0.009,0.00945293,54.19,BTC-11JAN25-95000-C,94515.59,sell,0.8,0.8,,,
490,339812779,2025-01-10 08:05:53,1,0.009,0.00947608,54.19,BTC-11JAN25-95000-C,94520.84,sell,0.1,0.1,,,
491,339812787,2025-01-10 08:05:55,1,0.009,0.00950135,54.19,BTC-11JAN25-95000-C,94526.8,sell,0.1,0.1,,,
492,339812847,2025-01-10 08:05:57,1,0.009,0.0094996,54.19,BTC-11JAN25-95000-C,94529.66,sell,0.1,0.1,,,
493,339812849,2025-01-10 08:05:58,1,0.009,0.0095855,54.19,BTC-11JAN25-95000-C,94546.3,sell,0.1,0.1,,,
494,339812862,2025-01-10 08:06:01,1,0.009,0.00966312,54.19,BTC-11JAN25-95000-C,94565.8,sell,0.1,0.1,,,
495,339812870,2025-01-10 08:06:03,1,0.009,0.00970821,54.19,BTC-11JAN25-95000-C,94577.55,sell,0.5,0.5,,,
496,339812874,2025-01-10 08:06:04,1,0.009,0.00970821,54.19,BTC-11JAN25-95000-C,94577.55,sell,0.3,0.3,,,
497,339812884,2025-01-10 08:06:04,0,0.0095,0.00974764,56.62,BTC-11JAN25-95000-C,94587.38,buy,0.5,0.5,,,
498,339812893,2025-01-10 08:06:05,2,0.009,0.00978337,54.19,BTC-11JAN25-95000-C,94596.51,sell,0.1,0.1,,,
499,339812936,2025-01-10 08:06:21,0,0.01,0.00971828,57.01,BTC-11JAN25-95000-C,94596.63,buy,1.0,1.0,,,
500,339812937,2025-01-10 08:06:21,1,0.01,0.00971828,57.01,BTC-11JAN25-95000-C,94596.63,buy,0.2,0.2,,,
501,339813115,2025-01-10 08:07:27,1,0.01,0.0098421,56.48,BTC-11JAN25-95000-C,94602.2,buy,1.8,1.8,,,
502,339813145,2025-01-10 08:07:32,1,0.01,0.0097713,56.5,BTC-11JAN25-95000-C,94595.61,buy,4.1,4.1,,,
503,339813535,2025-01-10 08:09:38,1,0.01,0.01002479,55.75,BTC-11JAN25-95000-C,94664.53,buy,0.1,0.1,,,
504,339814230,2025-01-10 08:13:21,1,0.01,0.00987184,56.24,BTC-11JAN25-95000-C,94634.51,buy,1.8,1.8,,,
505,339816070,2025-01-10 08:24:30,1,0.01,0.00999387,55.14,BTC-11JAN25-95000-C,94686.74,buy,0.1,0.1,,,
506,339816499,2025-01-10 08:30:16,1,0.01,0.00992913,55.89,BTC-11JAN25-95000-C,94649.02,sell,1.1,1.1,,,
507,339816505,2025-01-10 08:30:17,1,0.01,0.00988836,55.89,BTC-11JAN25-95000-C,94647.78,sell,0.7,0.7,,,
508,339816509,2025-01-10 08:30:19,1,0.01,0.00985177,55.89,BTC-11JAN25-95000-C,94630.95,sell,0.1,0.1,,,
509,339816511,2025-01-10 08:30:22,1,0.01,0.00980764,56.57,BTC-11JAN25-95000-C,94625.26,sell,0.1,0.1,,,
510,339816513,2025-01-10 08:30:25,1,0.01,0.0098006,56.57,BTC-11JAN25-95000-C,94624.51,sell,0.1,0.1,,,
511,339816525,2025-01-10 08:30:26,1,0.01,0.00979649,56.57,BTC-11JAN25-95000-C,94623.48,sell,0.4,0.4,,,
512,339816527,2025-01-10 08:30:26,1,0.01,0.00979649,56.57,BTC-11JAN25-95000-C,94623.48,sell,0.1,0.1,,,
513,339816528,2025-01-10 08:30:26,1,0.01,0.00979649,56.57,BTC-11JAN25-95000-C,94623.48,sell,0.6,0.6,,,
514,339816970,2025-01-10 08:33:49,1,0.01,0.01003243,55.57,BTC-11JAN25-95000-C,94673.86,sell,0.1,0.1,,,
515,339817979,2025-01-10 08:39:41,2,0.009,0.00924151,54.15,BTC-11JAN25-95000-C,94529.19,buy,0.3,0.3,,,
516,339817980,2025-01-10 08:39:41,3,0.009,0.00924151,54.15,BTC-11JAN25-95000-C,94529.19,buy,0.1,0.1,,,
517,339817981,2025-01-10 08:39:41,3,0.009,0.00924151,54.15,BTC-11JAN25-95000-C,94529.19,buy,0.1,0.1,,,
518,339817988,2025-01-10 08:39:48,3,0.009,0.00927752,53.95,BTC-11JAN25-95000-C,94538.44,buy,0.5,0.5,,,
519,339818399,2025-01-10 08:44:47,0,0.0095,0.00914383,57.09,BTC-11JAN25-95000-C,94514.8,buy,0.2,0.2,,,
520,339818400,2025-01-10 08:44:47,1,0.0095,0.00914383,57.09,BTC-11JAN25-95000-C,94514.8,buy,0.9,0.9,,,
521,339818401,2025-01-10 08:44:47,1,0.0095,0.00914383,57.09,BTC-11JAN25-95000-C,94514.8,sell,1.3,1.3,,,
522,339818902,2025-01-10 08:48:27,2,0.009,0.00949396,52.88,BTC-11JAN25-95000-C,94593.22,sell,0.1,0.1,,,
523,339819086,2025-01-10 08:49:31,3,0.009,0.0096988,51.79,BTC-11JAN25-95000-C,94642.43,sell,0.2,0.2,,,
524,339824655,2025-01-10 09:38:53,0,0.0115,0.01109759,57.84,BTC-11JAN25-95000-C,94947.09,buy,1.1,1.1,,,
525,339826004,2025-01-10 09:51:23,2,0.0105,0.01052356,55.36,BTC-11JAN25-95000-C,94862.22,buy,0.2,0.2,,,
