trade_seq,trade_id,timestamp,tick_direction,price,mark_price,iv,instrument_name,index_price,direction,amount,combo_id,block_trade_id,liquidation
1,185192763,2021-10-19 11:36:45,1,0.5325,0.53367484,94.01,BTC-30SEP22-40000-C,62243.93,buy,0.3,,,
2,185192901,2021-10-19 11:42:34,0,0.535,0.5333523,95.15,BTC-30SEP22-40000-C,62247.87,sell,0.3,,,
3,193871186,2021-12-06 19:05:19,2,0.42,0.41263377,92.12,BTC-30SEP22-40000-C,49230.98,sell,0.1,,,
4,194544868,2021-12-10 18:42:14,2,0.388,0.40286676,84.44,BTC-30SEP22-40000-C,48022.17,sell,8.0,,,
5,194854582,2021-12-13 14:11:36,0,0.401,0.40247126,89.93,BTC-30SEP22-40000-C,48210.66,sell,0.1,,,
6,194854583,2021-12-13 14:11:36,1,0.401,0.40247126,89.93,BTC-30SEP22-40000-C,48210.66,sell,0.1,,,
7,196796236,2021-12-28 14:39:12,2,0.366,0.36667199,78.75,BTC-30SEP22-40000-C,48576.0,sell,6.0,,,
8,197268294,2021-12-31 08:19:08,2,0.345,0.35027101,76.19,BTC-30SEP22-40000-C,47198.02,buy,5.0,,,
9,197903351,2022-01-05 21:39:47,2,0.317,0.31265719,77.82,BTC-30SEP22-40000-C,43598.8,buy,1.0,,,
10,197906728,2022-01-05 21:55:38,2,0.3125,0.31352925,76.04,BTC-30SEP22-40000-C,43638.01,sell,1.9,,,
11,198032465,2022-01-06 11:09:51,2,0.311,0.30655507,78.36,BTC-30SEP22-40000-C,42886.35,sell,0.1,,,
12,198032467,2022-01-06 11:10:00,3,0.311,0.30657362,78.34,BTC-30SEP22-40000-C,42887.01,sell,0.1,,,
13,198199234,2022-01-07 10:00:10,2,0.2985,0.29895898,75.8,BTC-30SEP22-40000-C,42398.77,buy,9.0,,,
14,198205781,2022-01-07 11:29:18,2,0.294,0.29486346,75.03,BTC-30SEP22-40000-C,42234.29,sell,6.0,,,
15,198235438,2022-01-07 14:32:43,2,0.2865,0.28802522,73.85,BTC-30SEP22-40000-C,41747.74,sell,1.0,,,
16,198241337,2022-01-07 15:07:14,0,0.2895,0.28673128,75.37,BTC-30SEP22-40000-C,41653.34,buy,6.0,,,
17,198241338,2022-01-07 15:07:14,1,0.2895,0.28673128,75.37,BTC-30SEP22-40000-C,41653.34,buy,3.1,,,
18,198241339,2022-01-07 15:07:14,1,0.2895,0.28673128,75.37,BTC-30SEP22-40000-C,41653.34,buy,8.0,,,
19,198241728,2022-01-07 15:08:55,2,0.289,0.2867937,75.2,BTC-30SEP22-40000-C,41624.64,buy,6.0,,,
20,198294194,2022-01-07 19:43:06,2,0.287,0.28630263,74.42,BTC-30SEP22-40000-C,41793.55,sell,1.0,,,
21,198311442,2022-01-08 01:34:23,0,0.289,0.289591,74.2,BTC-30SEP22-40000-C,42005.31,sell,0.7,,,
22,198359452,2022-01-08 18:01:05,2,0.278,0.28007636,73.56,BTC-30SEP22-40000-C,41020.21,sell,8.0,,,
23,198486271,2022-01-10 07:13:13,0,0.2895,0.29052769,74.67,BTC-30SEP22-40000-C,42076.27,sell,0.4,,,
24,198503722,2022-01-10 11:54:48,2,0.281,0.27997944,73.79,BTC-30SEP22-40000-C,41538.4,sell,0.1,,,
25,198504389,2022-01-10 12:02:27,3,0.281,0.28061848,73.63,BTC-30SEP22-40000-C,41577.58,sell,0.1,,,
26,198504764,2022-01-10 12:06:13,2,0.2805,0.27982922,73.69,BTC-30SEP22-40000-C,41511.53,sell,0.3,,,
27,198504850,2022-01-10 12:07:56,3,0.2805,0.27992786,73.68,BTC-30SEP22-40000-C,41522.07,sell,1.4,,,
28,198505845,2022-01-10 12:17:34,2,0.279,0.27897409,73.55,BTC-30SEP22-40000-C,41381.89,sell,1.1,,,
29,198508088,2022-01-10 12:46:01,2,0.278,0.27774845,73.56,BTC-30SEP22-40000-C,41294.22,sell,8.0,,,
30,198511768,2022-01-10 13:00:13,2,0.274,0.2741642,73.33,BTC-30SEP22-40000-C,40964.54,buy,3.5,,,
31,198547357,2022-01-10 14:39:06,2,0.2625,0.2640563,73.47,BTC-30SEP22-40000-C,39737.38,sell,11.0,,,
32,198547358,2022-01-10 14:39:06,3,0.2625,0.2640563,73.47,BTC-30SEP22-40000-C,39737.38,sell,4.9,,,
33,199049879,2022-01-14 10:53:36,0,0.28,0.28064177,71.54,BTC-30SEP22-40000-C,42306.49,sell,0.1,,,
34,199057138,2022-01-14 11:18:29,2,0.2775,0.27634536,71.9,BTC-30SEP22-40000-C,42000.46,sell,1.0,,,
35,199057139,2022-01-14 11:18:34,2,0.277,0.27636863,71.73,BTC-30SEP22-40000-C,42000.77,sell,1.0,,,
36,199057191,2022-01-14 11:19:07,2,0.2765,0.27632847,71.62,BTC-30SEP22-40000-C,41972.23,sell,1.0,,,
37,199057509,2022-01-14 11:20:52,0,0.277,0.27618234,71.86,BTC-30SEP22-40000-C,41961.9,sell,1.0,,,
38,199057511,2022-01-14 11:20:54,1,0.277,0.27620739,71.85,BTC-30SEP22-40000-C,41962.16,sell,1.0,,,
39,199057513,2022-01-14 11:20:55,1,0.277,0.2761998,71.86,BTC-30SEP22-40000-C,41962.71,sell,1.0,,,
40,199057559,2022-01-14 11:21:17,0,0.2775,0.2766896,71.89,BTC-30SEP22-40000-C,41980.53,sell,1.0,,,
41,199057560,2022-01-14 11:21:19,1,0.2775,0.27669356,71.89,BTC-30SEP22-40000-C,41977.97,sell,1.0,,,
42,199057561,2022-01-14 11:21:20,1,0.2775,0.27669387,71.88,BTC-30SEP22-40000-C,41977.68,sell,1.0,,,
43,199057569,2022-01-14 11:21:24,1,0.2775,0.27671121,71.89,BTC-30SEP22-40000-C,41977.64,sell,1.0,,,
44,199057578,2022-01-14 11:21:33,1,0.2775,0.27665573,71.92,BTC-30SEP22-40000-C,41970.27,sell,1.0,,,
45,199057612,2022-01-14 11:22:26,2,0.277,0.27663932,71.83,BTC-30SEP22-40000-C,41954.71,sell,1.0,,,
46,199057795,2022-01-14 11:25:01,3,0.277,0.2765869,71.98,BTC-30SEP22-40000-C,41917.64,sell,1.0,,,
47,199057891,2022-01-14 11:26:18,0,0.2775,0.2769779,72.09,BTC-30SEP22-40000-C,41934.42,sell,1.0,,,
48,199058075,2022-01-14 11:28:01,0,0.278,0.27769315,72.09,BTC-30SEP22-40000-C,41975.66,sell,1.0,,,
49,199058160,2022-01-14 11:29:09,2,0.277,0.27728613,71.9,BTC-30SEP22-40000-C,41937.5,sell,1.0,,,
50,199058486,2022-01-14 11:31:40,2,0.276,0.27700677,71.72,BTC-30SEP22-40000-C,41934.91,sell,6.0,,,
51,199058498,2022-01-14 11:31:52,0,0.2775,0.27699856,72.23,BTC-30SEP22-40000-C,41931.04,sell,1.0,,,
52,199058530,2022-01-14 11:32:40,2,0.277,0.27702826,72.11,BTC-30SEP22-40000-C,41924.9,sell,1.0,,,
53,199058531,2022-01-14 11:32:40,3,0.277,0.27702826,72.11,BTC-30SEP22-40000-C,41924.9,sell,2.0,,,
54,199062844,2022-01-14 12:12:09,2,0.276,0.27529368,71.96,BTC-30SEP22-40000-C,41914.55,sell,1.0,,,
55,199062845,2022-01-14 12:12:09,3,0.276,0.27529368,71.96,BTC-30SEP22-40000-C,41914.55,sell,0.4,,,
56,199062968,2022-01-14 12:13:17,0,0.277,0.27555893,72.36,BTC-30SEP22-40000-C,41895.91,sell,2.8,,,
57,199063000,2022-01-14 12:14:08,1,0.277,0.27570776,72.39,BTC-30SEP22-40000-C,41870.15,sell,1.0,,,
58,199063107,2022-01-14 12:14:11,2,0.2765,0.27569371,72.25,BTC-30SEP22-40000-C,41859.6,sell,1.0,,,
59,199063714,2022-01-14 12:14:31,0,0.277,0.27580669,72.38,BTC-30SEP22-40000-C,41879.08,sell,1.0,,,
60,199063816,2022-01-14 12:14:53,0,0.2775,0.27651645,72.31,BTC-30SEP22-40000-C,41957.09,sell,1.0,,,
61,199063919,2022-01-14 12:16:37,0,0.2785,0.27752829,72.48,BTC-30SEP22-40000-C,42007.11,sell,1.0,,,
62,199063921,2022-01-14 12:16:44,1,0.2785,0.27760642,72.46,BTC-30SEP22-40000-C,42010.82,sell,1.1,,,
63,199063950,2022-01-14 12:17:17,1,0.2785,0.2779219,72.4,BTC-30SEP22-40000-C,42018.1,sell,0.1,,,
64,199076175,2022-01-14 14:32:50,2,0.277,0.27717507,70.87,BTC-30SEP22-40000-C,42326.34,sell,1.2,,,
65,199310525,2022-01-18 09:39:25,2,0.2685,0.26913706,69.94,BTC-30SEP22-40000-C,41888.21,buy,0.1,,,
66,199314776,2022-01-18 10:28:58,0,0.27,0.26961358,70.1,BTC-30SEP22-40000-C,41992.05,sell,0.1,,,
67,199314779,2022-01-18 10:29:09,1,0.27,0.26964394,70.1,BTC-30SEP22-40000-C,41989.04,sell,0.1,,,
68,199321886,2022-01-18 11:59:30,2,0.2695,0.26888437,70.17,BTC-30SEP22-40000-C,41897.18,buy,1.8,,,
69,199438091,2022-01-19 14:49:26,0,0.274,0.27529522,70.34,BTC-30SEP22-40000-C,42440.31,sell,1.0,,,
70,199726406,2022-01-21 10:00:18,2,0.236,0.23756514,70.45,BTC-30SEP22-40000-C,38952.57,sell,1.2,,,
71,199833938,2022-01-21 20:59:36,0,0.239,0.23896199,73.08,BTC-30SEP22-40000-C,38377.31,buy,0.1,,,
72,199911888,2022-01-21 23:26:15,2,0.219,0.22081397,72.48,BTC-30SEP22-40000-C,36734.01,buy,0.1,,,
73,199911914,2022-01-21 23:26:20,3,0.219,0.22071311,72.51,BTC-30SEP22-40000-C,36716.94,buy,0.1,,,
74,199915695,2022-01-21 23:45:41,2,0.217,0.21811313,72.78,BTC-30SEP22-40000-C,36374.59,buy,0.1,,,
75,199926498,2022-01-22 00:35:47,0,0.2185,0.22065094,72.58,BTC-30SEP22-40000-C,36636.98,sell,0.2,,,
76,199957392,2022-01-22 04:25:28,0,0.222,0.22147813,74.46,BTC-30SEP22-40000-C,36385.11,sell,2.0,,,
77,199996686,2022-01-22 07:56:44,2,0.2125,0.21314986,74.31,BTC-30SEP22-40000-C,35459.95,buy,1.0,,,
78,200008827,2022-01-22 09:14:32,2,0.212,0.21197356,73.97,BTC-30SEP22-40000-C,35451.83,buy,1.0,,,
79,200008878,2022-01-22 09:14:48,0,0.2125,0.21236805,73.97,BTC-30SEP22-40000-C,35508.09,buy,1.0,,,
80,200011863,2022-01-22 09:38:23,2,0.2105,0.21065301,74.24,BTC-30SEP22-40000-C,35231.19,sell,1.0,,,
81,200019843,2022-01-22 09:50:13,3,0.2105,0.20736195,75.72,BTC-30SEP22-40000-C,34875.04,buy,0.3,,,
82,200019861,2022-01-22 09:50:15,2,0.2075,0.20747143,74.77,BTC-30SEP22-40000-C,34874.88,sell,0.3,,,
83,200019865,2022-01-22 09:50:16,3,0.2075,0.2074445,74.76,BTC-30SEP22-40000-C,34882.14,sell,0.3,,,
84,200019868,2022-01-22 09:50:16,3,0.2075,0.2074445,74.76,BTC-30SEP22-40000-C,34882.14,sell,0.3,,,
85,200019881,2022-01-22 09:50:17,0,0.2105,0.20755371,75.67,BTC-30SEP22-40000-C,34889.56,buy,0.6,,,
86,200019888,2022-01-22 09:50:17,1,0.2105,0.20755371,75.67,BTC-30SEP22-40000-C,34889.56,buy,0.6,,,
87,200020881,2022-01-22 09:51:14,2,0.2085,0.2099858,74.35,BTC-30SEP22-40000-C,35063.95,sell,0.6,,,
88,200020885,2022-01-22 09:51:14,3,0.2085,0.2099858,74.35,BTC-30SEP22-40000-C,35063.95,sell,0.6,,,
89,200021458,2022-01-22 09:52:05,0,0.2115,0.21011253,75.24,BTC-30SEP22-40000-C,35055.18,buy,0.6,,,
90,200021461,2022-01-22 09:52:05,1,0.2115,0.21011253,75.24,BTC-30SEP22-40000-C,35055.18,buy,0.6,,,
91,200021474,2022-01-22 09:52:07,2,0.2085,0.2099612,74.37,BTC-30SEP22-40000-C,35050.15,sell,0.1,,,
92,200021475,2022-01-22 09:52:07,3,0.2085,0.2099612,74.37,BTC-30SEP22-40000-C,35050.15,sell,0.5,,,
93,200021487,2022-01-22 09:52:07,3,0.2085,0.2099612,74.37,BTC-30SEP22-40000-C,35041.59,sell,0.6,,,
94,200021498,2022-01-22 09:52:09,0,0.2115,0.20997751,75.31,BTC-30SEP22-40000-C,35042.86,buy,0.6,,,
95,200039869,2022-01-22 10:20:20,2,0.206,0.20434779,75.52,BTC-30SEP22-40000-C,34410.86,sell,0.1,,,
96,200060401,2022-01-22 11:05:52,0,0.213,0.21327459,74.04,BTC-30SEP22-40000-C,35566.51,sell,0.3,,,
97,200101030,2022-01-22 14:10:59,2,0.211,0.2128135,73.25,BTC-30SEP22-40000-C,35529.82,buy,5.0,,,
98,200103187,2022-01-22 14:22:02,2,0.209,0.21073336,72.52,BTC-30SEP22-40000-C,35553.49,sell,2.9,,,
99,200115567,2022-01-22 15:08:34,2,0.2045,0.20371702,72.36,BTC-30SEP22-40000-C,35165.26,buy,0.1,,,
100,200117024,2022-01-22 15:16:14,3,0.2045,0.20388833,72.23,BTC-30SEP22-40000-C,35216.34,buy,1.8,,,
101,200123292,2022-01-22 15:55:06,2,0.2015,0.20122642,72.27,BTC-30SEP22-40000-C,34846.64,buy,1.8,,,
102,200123293,2022-01-22 15:55:06,3,0.2015,0.20122642,72.27,BTC-30SEP22-40000-C,34846.64,buy,1.8,,,
103,200136942,2022-01-22 16:39:12,0,0.2035,0.20443,71.93,BTC-30SEP22-40000-C,35193.48,sell,2.8,,,
104,200136944,2022-01-22 16:39:14,1,0.2035,0.20452859,71.92,BTC-30SEP22-40000-C,35190.8,sell,6.0,,,
105,200184514,2022-01-22 20:20:08,0,0.208,0.20956531,72.58,BTC-30SEP22-40000-C,35377.36,sell,3.2,,,
106,200184515,2022-01-22 20:20:08,2,0.2075,0.20956531,72.42,BTC-30SEP22-40000-C,35377.36,sell,4.3,,,
107,200222428,2022-01-23 00:10:13,0,0.208,0.20711418,73.15,BTC-30SEP22-40000-C,35196.37,sell,0.1,,,
108,200225885,2022-01-23 00:33:30,0,0.2095,0.20909866,72.94,BTC-30SEP22-40000-C,35378.35,sell,0.1,,,
109,200229334,2022-01-23 01:20:56,0,0.21,0.20934,73.18,BTC-30SEP22-40000-C,35389.16,sell,0.1,,,
110,200269691,2022-01-23 07:42:15,0,0.212,0.21292734,72.74,BTC-30SEP22-40000-C,35676.61,sell,3.3,,,
111,200289056,2022-01-23 09:13:15,0,0.213,0.21294341,72.44,BTC-30SEP22-40000-C,35917.56,buy,0.1,,,
112,200289215,2022-01-23 09:13:40,1,0.213,0.21317717,72.37,BTC-30SEP22-40000-C,35929.49,buy,0.1,,,
113,200291964,2022-01-23 09:27:55,1,0.213,0.21277814,72.23,BTC-30SEP22-40000-C,35997.09,buy,0.8,,,
114,200304833,2022-01-23 10:59:17,0,0.215,0.21375005,72.85,BTC-30SEP22-40000-C,35925.75,buy,2.3,,,
115,200304834,2022-01-23 10:59:17,1,0.215,0.21375005,72.85,BTC-30SEP22-40000-C,35925.75,sell,7.7,,,
116,200329988,2022-01-23 14:47:23,2,0.2035,0.20351078,71.77,BTC-30SEP22-40000-C,35187.26,sell,0.2,,,
117,200364326,2022-01-23 19:39:55,3,0.2035,0.20313685,72.85,BTC-30SEP22-40000-C,34842.83,sell,7.6,,,
118,200364423,2022-01-23 19:39:55,3,0.2035,0.20313685,72.85,BTC-30SEP22-40000-C,34842.83,sell,1.3,,,
119,200364496,2022-01-23 19:39:56,3,0.2035,0.20314516,72.85,BTC-30SEP22-40000-C,34842.83,sell,1.3,,,
120,200364513,2022-01-23 19:39:57,3,0.2035,0.20310763,72.87,BTC-30SEP22-40000-C,34820.41,sell,0.7,,,
121,200365333,2022-01-23 19:41:06,3,0.2035,0.202452,73.17,BTC-30SEP22-40000-C,34704.66,sell,20.0,,,
122,200369128,2022-01-23 19:55:17,3,0.2035,0.20296927,73.42,BTC-30SEP22-40000-C,34660.34,sell,8.9,,,
123,200380143,2022-01-23 21:15:26,0,0.2055,0.20567293,72.39,BTC-30SEP22-40000-C,35224.07,buy,0.1,,,
124,200398734,2022-01-23 23:12:11,0,0.218,0.21571744,73.39,BTC-30SEP22-40000-C,36152.86,buy,1.6,,,
125,200485096,2022-01-24 10:06:42,2,0.195,0.19587212,72.52,BTC-30SEP22-40000-C,34326.34,sell,0.1,,,
126,200501142,2022-01-24 10:19:45,2,0.191,0.18967659,73.51,BTC-30SEP22-40000-C,33642.67,sell,2.8,,,
127,200501145,2022-01-24 10:19:45,3,0.191,0.18967659,73.51,BTC-30SEP22-40000-C,33642.67,sell,0.2,,,
128,200519297,2022-01-24 10:51:46,2,0.1895,0.18978206,72.72,BTC-30SEP22-40000-C,33562.6,buy,0.1,,,
129,200523879,2022-01-24 11:00:26,2,0.1885,0.1875021,73.23,BTC-30SEP22-40000-C,33376.24,buy,1.0,,,
130,200554104,2022-01-24 12:01:20,0,0.1905,0.19174695,73.23,BTC-30SEP22-40000-C,33571.66,buy,2.0,,,
131,200672268,2022-01-24 17:40:45,0,0.205,0.2026336,73.33,BTC-30SEP22-40000-C,35015.38,buy,1.0,,,
132,200687394,2022-01-24 18:15:48,0,0.2135,0.21450901,73.11,BTC-30SEP22-40000-C,35882.14,sell,0.1,,,
133,200688254,2022-01-24 18:16:35,0,0.2155,0.21581947,73.19,BTC-30SEP22-40000-C,36107.6,sell,1.0,,,
134,200719480,2022-01-24 20:37:59,0,0.221,0.22024707,73.43,BTC-30SEP22-40000-C,36520.86,sell,0.1,,,
135,200728481,2022-01-24 20:56:13,0,0.23,0.22972734,74.07,BTC-30SEP22-40000-C,37264.24,buy,0.1,,,
136,200737584,2022-01-24 21:30:38,2,0.227,0.22602141,74.09,BTC-30SEP22-40000-C,36968.28,sell,1.0,,,
137,200737599,2022-01-24 21:30:44,2,0.226,0.22595685,73.79,BTC-30SEP22-40000-C,36950.53,sell,1.0,,,
138,200737617,2022-01-24 21:30:52,3,0.226,0.22582197,73.85,BTC-30SEP22-40000-C,36932.7,sell,3.0,,,
139,200737665,2022-01-24 21:31:52,2,0.2255,0.22519606,73.9,BTC-30SEP22-40000-C,36897.95,sell,1.0,,,
140,200737682,2022-01-24 21:32:05,3,0.2255,0.225173,73.9,BTC-30SEP22-40000-C,36910.62,sell,1.0,,,
141,200737769,2022-01-24 21:32:32,0,0.226,0.22569786,73.91,BTC-30SEP22-40000-C,36948.2,sell,1.0,,,
142,200758909,2022-01-25 00:35:26,2,0.2155,0.21566105,72.27,BTC-30SEP22-40000-C,36324.6,sell,4.8,,,
143,200764191,2022-01-25 01:17:38,2,0.213,0.21227368,72.47,BTC-30SEP22-40000-C,36045.91,buy,0.9,,,
144,200764589,2022-01-25 01:22:20,0,0.214,0.21355666,72.48,BTC-30SEP22-40000-C,36149.7,buy,24.3,,,
145,200765596,2022-01-25 01:36:57,0,0.2145,0.21471538,72.58,BTC-30SEP22-40000-C,36123.75,buy,0.9,,,
146,200765598,2022-01-25 01:36:57,2,0.214,0.21471538,72.42,BTC-30SEP22-40000-C,36123.75,sell,2.0,,,
147,200765599,2022-01-25 01:36:57,3,0.214,0.21471538,72.42,BTC-30SEP22-40000-C,36123.75,sell,6.0,,,
148,200765601,2022-01-25 01:36:57,3,0.214,0.21471538,72.42,BTC-30SEP22-40000-C,36123.75,buy,10.9,,,
149,200765679,2022-01-25 01:38:02,3,0.214,0.21475129,72.36,BTC-30SEP22-40000-C,36144.15,sell,9.0,,,
150,200765680,2022-01-25 01:38:02,3,0.214,0.21475129,72.36,BTC-30SEP22-40000-C,36144.15,sell,1.2,,,
151,200765681,2022-01-25 01:38:02,3,0.214,0.21475129,72.36,BTC-30SEP22-40000-C,36144.15,sell,0.8,,,
152,200767956,2022-01-25 02:17:34,0,0.2145,0.21414147,72.45,BTC-30SEP22-40000-C,36174.12,buy,30.0,,,
153,200768808,2022-01-25 02:28:03,0,0.217,0.21611106,73.15,BTC-30SEP22-40000-C,36204.44,sell,1.9,,,
154,200830600,2022-01-25 14:13:02,0,0.2215,0.2210538,73.43,BTC-30SEP22-40000-C,36636.24,sell,0.1,,,
155,200831555,2022-01-25 14:22:14,0,0.2235,0.2225145,73.52,BTC-30SEP22-40000-C,36804.98,sell,0.1,,,
156,200942009,2022-01-26 04:08:00,0,0.232,0.23143957,74.83,BTC-30SEP22-40000-C,37363.27,sell,0.1,,,
157,200942038,2022-01-26 04:09:17,0,0.2325,0.23177971,74.97,BTC-30SEP22-40000-C,37368.42,sell,0.1,,,
158,200942081,2022-01-26 04:10:43,1,0.2325,0.23209191,74.97,BTC-30SEP22-40000-C,37374.95,sell,0.1,,,
159,200942130,2022-01-26 04:14:26,0,0.233,0.23260397,75.1,BTC-30SEP22-40000-C,37387.07,sell,0.1,,,
160,200942170,2022-01-26 04:15:27,1,0.233,0.23276048,75.08,BTC-30SEP22-40000-C,37386.2,sell,0.1,,,
161,200944547,2022-01-26 04:48:52,0,0.2375,0.23510798,75.5,BTC-30SEP22-40000-C,37657.06,buy,0.1,,,
162,201044689,2022-01-26 16:08:16,2,0.2369,0.23561321,74.37,BTC-30SEP22-40000-C,38084.09,buy,30.0,,30082,
163,201044911,2022-01-26 16:11:03,2,0.2357,0.23588628,73.97,BTC-30SEP22-40000-C,38099.66,buy,30.0,,30083,
164,201048444,2022-01-26 17:00:37,0,0.2391,0.23862507,74.3,BTC-30SEP22-40000-C,38336.22,buy,50.0,,30097,
165,201048791,2022-01-26 17:02:46,1,0.2391,0.23863159,74.32,BTC-30SEP22-40000-C,38335.77,buy,50.0,,30098,
166,201067020,2022-01-26 19:00:20,0,0.242,0.24081241,74.96,BTC-30SEP22-40000-C,38372.46,buy,0.1,,,
167,201079862,2022-01-26 19:06:45,0,0.2465,0.24554796,75.17,BTC-30SEP22-40000-C,38797.55,buy,0.1,,,
168,201255988,2022-01-27 13:33:58,2,0.2178,0.21755477,72.87,BTC-30SEP22-40000-C,36639.0,buy,30.0,,30153,
169,201256376,2022-01-27 13:39:32,2,0.2174,0.21724849,72.83,BTC-30SEP22-40000-C,36624.15,buy,50.0,,30155,
170,201257481,2022-01-27 13:46:57,0,0.2187,0.21905421,72.57,BTC-30SEP22-40000-C,36868.7,buy,50.0,,30156,
171,201257839,2022-01-27 13:50:29,0,0.2196,0.21830225,72.99,BTC-30SEP22-40000-C,36827.17,buy,50.0,,30157,
172,201260863,2022-01-27 14:19:21,0,0.2204,0.2212013,72.52,BTC-30SEP22-40000-C,37024.03,buy,50.0,,30163,
173,201261032,2022-01-27 14:20:35,0,0.2207,0.22101108,72.69,BTC-30SEP22-40000-C,36951.68,buy,50.0,,30165,
174,201334340,2022-01-27 23:07:23,2,0.22,0.22011303,72.7,BTC-30SEP22-40000-C,36924.49,buy,1.0,,,
175,201335052,2022-01-27 23:09:49,0,0.221,0.22076888,72.71,BTC-30SEP22-40000-C,36997.67,buy,0.5,,,
176,201336345,2022-01-27 23:13:48,2,0.2195,0.22014994,72.39,BTC-30SEP22-40000-C,36980.24,buy,0.5,,,
177,201395540,2022-01-28 08:20:31,2,0.2155,0.21661866,72.38,BTC-30SEP22-40000-C,36574.87,sell,0.6,,,
178,201395541,2022-01-28 08:20:31,3,0.2155,0.21661866,72.38,BTC-30SEP22-40000-C,36574.87,sell,0.2,,,
179,201395542,2022-01-28 08:20:31,3,0.2155,0.21661866,72.38,BTC-30SEP22-40000-C,36574.87,sell,0.5,,,
180,201411146,2022-01-28 10:41:32,0,0.217,0.21661678,72.89,BTC-30SEP22-40000-C,36633.11,sell,0.1,,,
181,201479595,2022-01-28 21:30:55,0,0.2255,0.22588141,71.38,BTC-30SEP22-40000-C,37909.54,sell,4.8,,,
182,201649684,2022-01-31 13:11:16,2,0.2075,0.20864347,69.02,BTC-30SEP22-40000-C,37030.54,sell,0.5,,,
183,201667453,2022-01-31 16:15:22,0,0.219,0.220152,69.68,BTC-30SEP22-40000-C,37955.55,sell,2.3,,,
184,201667454,2022-01-31 16:15:22,1,0.219,0.220152,69.68,BTC-30SEP22-40000-C,37955.55,buy,3.1,,,
185,201673982,2022-01-31 16:57:33,0,0.224,0.22330086,69.96,BTC-30SEP22-40000-C,38374.35,buy,0.1,,,
186,201820500,2022-02-01 22:26:06,0,0.226,0.22790191,69.51,BTC-30SEP22-40000-C,38785.11,sell,4.8,,,
187,201820501,2022-02-01 22:26:06,1,0.226,0.22790191,69.51,BTC-30SEP22-40000-C,38785.11,buy,2.0,,,
188,201820502,2022-02-01 22:26:07,1,0.226,0.22788898,69.51,BTC-30SEP22-40000-C,38785.11,buy,1.3,,,
189,201941578,2022-02-03 09:52:35,2,0.2115,0.2099082,71.08,BTC-30SEP22-40000-C,36968.32,buy,1.7,,,
190,201988717,2022-02-03 17:56:36,3,0.2115,0.21042699,71.55,BTC-30SEP22-40000-C,36815.12,buy,0.1,,,
191,201988895,2022-02-03 17:59:07,0,0.212,0.21072816,71.68,BTC-30SEP22-40000-C,36816.18,buy,5.9,,,
192,201990232,2022-02-03 18:30:43,1,0.212,0.21100432,71.91,BTC-30SEP22-40000-C,36758.68,buy,5.8,,,
193,202097423,2022-02-04 15:18:43,0,0.234,0.2336557,71.1,BTC-30SEP22-40000-C,39323.05,sell,2.4,,,
194,202097427,2022-02-04 15:18:43,1,0.234,0.2336557,71.1,BTC-30SEP22-40000-C,39323.05,sell,0.1,,,
195,202202953,2022-02-05 03:47:42,0,0.249,0.24898081,69.0,BTC-30SEP22-40000-C,41440.05,sell,0.1,,,
196,202202954,2022-02-05 03:47:44,1,0.249,0.24898873,68.99,BTC-30SEP22-40000-C,41440.27,sell,0.1,,,
197,202202993,2022-02-05 03:52:10,1,0.249,0.24883113,68.99,BTC-30SEP22-40000-C,41438.06,sell,0.1,,,
198,202203001,2022-02-05 03:52:10,1,0.249,0.24883113,68.99,BTC-30SEP22-40000-C,41438.06,sell,0.2,,,
199,202203002,2022-02-05 03:52:10,1,0.249,0.24883113,68.99,BTC-30SEP22-40000-C,41438.06,sell,0.1,,,
200,202203005,2022-02-05 03:52:10,1,0.249,0.24883113,68.99,BTC-30SEP22-40000-C,41430.89,sell,0.2,,,
201,202203274,2022-02-05 04:00:40,1,0.249,0.24933207,68.93,BTC-30SEP22-40000-C,41445.92,sell,0.2,,,
202,202203277,2022-02-05 04:00:40,1,0.249,0.24933207,68.93,BTC-30SEP22-40000-C,41445.92,sell,0.2,,,
203,202203278,2022-02-05 04:00:41,1,0.249,0.24925644,68.95,BTC-30SEP22-40000-C,41445.11,sell,0.1,,,
204,202203279,2022-02-05 04:00:43,1,0.249,0.24924378,68.95,BTC-30SEP22-40000-C,41443.32,sell,0.1,,,
205,202203280,2022-02-05 04:00:45,1,0.249,0.24922716,68.96,BTC-30SEP22-40000-C,41444.47,sell,0.1,,,
206,202204966,2022-02-05 04:31:04,0,0.2505,0.24938476,68.99,BTC-30SEP22-40000-C,41648.04,sell,0.1,,,
207,202204976,2022-02-05 04:31:10,1,0.2505,0.24939615,68.99,BTC-30SEP22-40000-C,41641.18,sell,0.1,,,
208,202204978,2022-02-05 04:31:11,1,0.2505,0.24939615,68.99,BTC-30SEP22-40000-C,41641.18,sell,0.1,,,
209,202204980,2022-02-05 04:31:15,1,0.2505,0.24937879,69.01,BTC-30SEP22-40000-C,41638.59,sell,0.1,,,
210,202205749,2022-02-05 04:42:00,2,0.2495,0.24903833,68.95,BTC-30SEP22-40000-C,41508.38,sell,0.1,,,
211,202205766,2022-02-05 04:42:19,3,0.2495,0.24909446,68.95,BTC-30SEP22-40000-C,41509.78,sell,0.1,,,
212,202205767,2022-02-05 04:42:19,3,0.2495,0.24909446,68.95,BTC-30SEP22-40000-C,41504.14,sell,0.1,,,
213,202205768,2022-02-05 04:42:20,3,0.2495,0.24909486,68.95,BTC-30SEP22-40000-C,41504.14,sell,0.1,,,
214,202205769,2022-02-05 04:42:22,3,0.2495,0.24904872,68.97,BTC-30SEP22-40000-C,41504.62,sell,0.1,,,
215,202205772,2022-02-05 04:42:27,3,0.2495,0.24902743,68.98,BTC-30SEP22-40000-C,41501.31,sell,0.3,,,
216,202205775,2022-02-05 04:42:28,3,0.2495,0.24902638,68.99,BTC-30SEP22-40000-C,41498.36,sell,0.2,,,
217,202205776,2022-02-05 04:42:28,3,0.2495,0.24902638,68.99,BTC-30SEP22-40000-C,41496.66,sell,0.1,,,
218,202205777,2022-02-05 04:42:30,3,0.2495,0.24899094,68.99,BTC-30SEP22-40000-C,41487.81,sell,0.1,,,
219,202205862,2022-02-05 04:46:09,3,0.2495,0.24941267,68.99,BTC-30SEP22-40000-C,41487.75,sell,0.1,,,
220,202205863,2022-02-05 04:46:09,3,0.2495,0.24932008,68.99,BTC-30SEP22-40000-C,41487.75,sell,0.1,,,
221,202205867,2022-02-05 04:46:10,3,0.2495,0.24932008,69.0,BTC-30SEP22-40000-C,41486.34,sell,0.1,,,
222,202205868,2022-02-05 04:46:10,3,0.2495,0.24932008,69.0,BTC-30SEP22-40000-C,41486.34,sell,0.2,,,
223,202205872,2022-02-05 04:46:10,3,0.2495,0.24930856,69.0,BTC-30SEP22-40000-C,41486.34,sell,0.2,,,
224,202208998,2022-02-05 06:11:20,0,0.2505,0.25027121,69.0,BTC-30SEP22-40000-C,41587.26,sell,0.6,,,
225,202212129,2022-02-05 07:01:03,2,0.249,0.24869663,68.95,BTC-30SEP22-40000-C,41517.71,sell,0.9,,,
226,202212215,2022-02-05 07:03:50,3,0.249,0.24847488,68.96,BTC-30SEP22-40000-C,41505.13,sell,0.1,,,
227,202212219,2022-02-05 07:03:50,3,0.249,0.24847488,68.96,BTC-30SEP22-40000-C,41505.13,sell,0.1,,,
228,202212221,2022-02-05 07:03:51,3,0.249,0.24847067,68.97,BTC-30SEP22-40000-C,41500.68,sell,0.1,,,
229,202213020,2022-02-05 07:29:43,2,0.2485,0.24899676,69.0,BTC-30SEP22-40000-C,41484.97,sell,4.9,,,
230,202385167,2022-02-07 10:35:05,0,0.26,0.25992553,69.34,BTC-30SEP22-40000-C,42599.47,sell,0.1,,,
231,203272824,2022-02-12 16:21:23,1,0.26,0.25978473,71.02,BTC-30SEP22-40000-C,42405.71,sell,1.0,,,
232,203272833,2022-02-12 16:21:40,2,0.2595,0.25979907,70.84,BTC-30SEP22-40000-C,42409.93,sell,0.2,,,
233,203272834,2022-02-12 16:21:40,3,0.2595,0.25979907,70.84,BTC-30SEP22-40000-C,42406.32,sell,0.3,,,
234,203272835,2022-02-12 16:21:41,3,0.2595,0.25979974,70.84,BTC-30SEP22-40000-C,42406.32,sell,0.2,,,
235,203272840,2022-02-12 16:21:51,3,0.2595,0.2597737,70.85,BTC-30SEP22-40000-C,42399.1,sell,0.1,,,
236,203272841,2022-02-12 16:21:52,3,0.2595,0.25974805,70.86,BTC-30SEP22-40000-C,42398.6,sell,0.2,,,
237,203272856,2022-02-12 16:22:29,0,0.26,0.25981588,71.0,BTC-30SEP22-40000-C,42407.13,sell,0.9,,,
238,203272857,2022-02-12 16:22:29,1,0.26,0.25981588,71.0,BTC-30SEP22-40000-C,42407.13,sell,0.1,,,
239,203542029,2022-02-15 17:25:46,0,0.2645,0.26439739,68.08,BTC-30SEP22-40000-C,43929.48,sell,0.4,,,
240,203542074,2022-02-15 17:25:48,1,0.2645,0.2642654,68.15,BTC-30SEP22-40000-C,43919.63,sell,0.1,,,
241,203542098,2022-02-15 17:25:49,1,0.2645,0.2642222,68.15,BTC-30SEP22-40000-C,43920.5,sell,0.1,,,
242,203827420,2022-02-18 11:01:08,2,0.226,0.22713641,66.42,BTC-30SEP22-40000-C,40824.64,buy,0.7,,,
243,203852721,2022-02-18 14:47:15,2,0.216,0.2159135,66.76,BTC-30SEP22-40000-C,39753.62,sell,0.1,,,
244,203868506,2022-02-18 15:43:29,2,0.2155,0.21694587,66.27,BTC-30SEP22-40000-C,39912.3,sell,0.1,,,
245,203902986,2022-02-18 22:09:24,0,0.217,0.21699276,66.93,BTC-30SEP22-40000-C,39813.05,sell,0.1,,,
246,203959915,2022-02-20 05:49:57,2,0.2135,0.21340473,67.09,BTC-30SEP22-40000-C,39511.66,sell,0.1,,,
247,203972759,2022-02-20 07:12:38,2,0.2075,0.20705928,67.74,BTC-30SEP22-40000-C,38791.7,buy,0.1,,,
248,203992879,2022-02-20 10:07:07,2,0.204,0.20347633,68.33,BTC-30SEP22-40000-C,38268.0,buy,3.4,,,
249,203992880,2022-02-20 10:07:07,3,0.204,0.20347633,68.33,BTC-30SEP22-40000-C,38268.0,sell,0.3,,,
250,203992987,2022-02-20 10:09:56,2,0.2035,0.2034146,68.07,BTC-30SEP22-40000-C,38304.81,sell,2.5,,,
251,203993059,2022-02-20 10:11:02,3,0.2035,0.20341217,68.03,BTC-30SEP22-40000-C,38311.17,sell,1.2,,,
252,203993060,2022-02-20 10:11:02,3,0.2035,0.20341217,68.03,BTC-30SEP22-40000-C,38311.17,sell,0.8,,,
253,203993061,2022-02-20 10:11:03,3,0.2035,0.20341217,68.03,BTC-30SEP22-40000-C,38311.17,sell,0.5,,,
254,204012666,2022-02-20 17:56:06,0,0.204,0.20351493,68.35,BTC-30SEP22-40000-C,38315.01,sell,0.1,,,
255,204023841,2022-02-20 22:51:33,0,0.209,0.2090919,68.94,BTC-30SEP22-40000-C,38663.53,buy,0.1,,,
256,204023845,2022-02-20 22:51:33,1,0.209,0.2090919,68.94,BTC-30SEP22-40000-C,38663.53,buy,0.1,,,
257,204099539,2022-02-21 14:20:19,0,0.211,0.21241186,69.44,BTC-30SEP22-40000-C,38658.99,sell,1.6,,,
258,204226024,2022-02-22 01:40:51,2,0.1995,0.19954276,70.06,BTC-30SEP22-40000-C,37355.8,buy,0.1,,,
259,204411456,2022-02-23 12:29:52,0,0.21,0.20927169,68.7,BTC-30SEP22-40000-C,38906.0,sell,0.5,,,
260,204411467,2022-02-23 12:30:15,1,0.21,0.20935396,68.69,BTC-30SEP22-40000-C,38910.71,sell,0.5,,,
261,204436931,2022-02-23 17:51:48,2,0.2025,0.2025945,68.39,BTC-30SEP22-40000-C,38250.48,sell,0.5,,,
262,204446293,2022-02-23 19:04:34,2,0.198,0.19793578,68.58,BTC-30SEP22-40000-C,37714.92,sell,0.1,,,
263,204507722,2022-02-24 03:16:11,2,0.182,0.18366883,70.82,BTC-30SEP22-40000-C,35557.73,sell,1.3,,,
264,204541024,2022-02-24 04:22:49,2,0.177,0.17637017,71.53,BTC-30SEP22-40000-C,34918.77,sell,2.0,,,
265,204542787,2022-02-24 04:29:56,2,0.174,0.17495429,70.74,BTC-30SEP22-40000-C,34795.2,sell,0.1,,,
266,204546236,2022-02-24 04:40:07,0,0.176,0.17743172,70.4,BTC-30SEP22-40000-C,35083.38,sell,0.1,,,
267,204560843,2022-02-24 05:36:36,2,0.173,0.17292769,71.17,BTC-30SEP22-40000-C,34652.01,buy,0.1,,,
268,204567727,2022-02-24 05:49:26,3,0.173,0.17375895,71.63,BTC-30SEP22-40000-C,34428.77,buy,0.1,,,
269,204657386,2022-02-24 13:30:19,0,0.18,0.17959538,70.98,BTC-30SEP22-40000-C,35330.49,sell,1.0,,,
270,204657512,2022-02-24 13:31:10,0,0.181,0.180266,71.04,BTC-30SEP22-40000-C,35421.07,buy,0.1,,,
271,204664548,2022-02-24 14:07:01,0,0.183,0.18216727,70.82,BTC-30SEP22-40000-C,35684.6,buy,4.4,,,
272,204693529,2022-02-24 15:57:48,0,0.1841,0.1841782,70.12,BTC-30SEP22-40000-C,36009.92,buy,25.0,,32081,
273,204705128,2022-02-24 16:35:06,0,0.186,0.1851011,70.32,BTC-30SEP22-40000-C,36141.25,buy,25.0,,32088,
274,204786103,2022-02-24 20:57:22,0,0.2095,0.20908907,70.53,BTC-30SEP22-40000-C,38343.92,sell,0.1,,,
275,204786219,2022-02-24 20:58:04,2,0.209,0.20859772,70.54,BTC-30SEP22-40000-C,38291.28,sell,0.1,,,
276,204787094,2022-02-24 21:00:51,0,0.2105,0.20987409,70.62,BTC-30SEP22-40000-C,38468.55,sell,0.1,,,
277,204787205,2022-02-24 21:01:00,2,0.21,0.20965113,70.54,BTC-30SEP22-40000-C,38435.17,sell,0.1,,,
278,204787712,2022-02-24 21:02:51,2,0.2085,0.20861019,70.55,BTC-30SEP22-40000-C,38251.81,sell,0.1,,,
279,204875606,2022-02-25 13:00:22,0,0.2155,0.21480976,69.12,BTC-30SEP22-40000-C,39414.37,sell,1.7,,,
280,204875618,2022-02-25 13:00:41,1,0.2155,0.21475295,69.17,BTC-30SEP22-40000-C,39400.82,sell,0.1,,,
281,204875619,2022-02-25 13:00:41,1,0.2155,0.21475295,69.17,BTC-30SEP22-40000-C,39400.82,sell,0.1,,,
282,204875622,2022-02-25 13:00:42,1,0.2155,0.21472309,69.18,BTC-30SEP22-40000-C,39396.81,sell,0.1,,,
283,204936900,2022-02-25 23:13:04,2,0.2045,0.20486509,66.04,BTC-30SEP22-40000-C,39320.14,buy,0.1,,,
284,204936937,2022-02-25 23:14:23,3,0.2045,0.20476042,66.04,BTC-30SEP22-40000-C,39313.94,buy,0.1,,,
285,204936984,2022-02-25 23:15:35,3,0.2045,0.20463397,66.06,BTC-30SEP22-40000-C,39313.4,buy,0.1,,,
286,204937056,2022-02-25 23:16:24,3,0.2045,0.20460128,66.06,BTC-30SEP22-40000-C,39301.79,buy,0.1,,,
287,204937057,2022-02-25 23:16:29,3,0.2045,0.204563,66.07,BTC-30SEP22-40000-C,39301.69,buy,0.1,,,
288,204937114,2022-02-25 23:17:21,0,0.205,0.20459221,66.21,BTC-30SEP22-40000-C,39320.94,buy,0.1,,,
289,204937186,2022-02-25 23:19:24,0,0.2055,0.20495885,66.22,BTC-30SEP22-40000-C,39365.3,buy,0.1,,,
290,204937230,2022-02-25 23:20:29,0,0.206,0.20517992,66.31,BTC-30SEP22-40000-C,39389.76,buy,0.1,,,
291,204937412,2022-02-25 23:20:33,0,0.2065,0.20569107,66.3,BTC-30SEP22-40000-C,39433.86,buy,0.1,,,
292,205036870,2022-02-27 09:04:56,2,0.1985,0.19773557,66.33,BTC-30SEP22-40000-C,38786.61,sell,2.0,,,
293,205185287,2022-02-28 12:19:44,3,0.1985,0.19827376,68.25,BTC-30SEP22-40000-C,38411.57,buy,1.0,,,
294,205297000,2022-02-28 21:48:07,0,0.2305,0.23029968,68.13,BTC-30SEP22-40000-C,41669.03,sell,1.0,,,
295,205297016,2022-02-28 21:48:42,1,0.2305,0.2303961,68.12,BTC-30SEP22-40000-C,41664.24,sell,1.0,,,
296,205970452,2022-03-05 08:50:45,2,0.209,0.20855403,69.31,BTC-30SEP22-40000-C,39157.39,sell,2.0,,,
297,206056390,2022-03-06 08:05:37,2,0.208,0.20990308,68.55,BTC-30SEP22-40000-C,39355.68,sell,0.1,,,
298,206056393,2022-03-06 08:05:43,3,0.208,0.20988727,68.55,BTC-30SEP22-40000-C,39354.48,sell,0.1,,,
299,206056397,2022-03-06 08:05:47,3,0.208,0.20988972,68.55,BTC-30SEP22-40000-C,39355.16,sell,0.1,,,
300,206056400,2022-03-06 08:05:49,3,0.208,0.20989181,68.55,BTC-30SEP22-40000-C,39354.76,sell,0.1,,,
301,206056401,2022-03-06 08:05:51,3,0.208,0.20989865,68.55,BTC-30SEP22-40000-C,39355.45,sell,0.1,,,
302,206056403,2022-03-06 08:05:53,3,0.208,0.20988304,68.55,BTC-30SEP22-40000-C,39353.83,sell,0.1,,,
303,206056407,2022-03-06 08:05:57,3,0.208,0.20987853,68.55,BTC-30SEP22-40000-C,39353.7,sell,0.1,,,
304,206056410,2022-03-06 08:05:59,3,0.208,0.20987907,68.55,BTC-30SEP22-40000-C,39353.94,sell,0.1,,,
305,206056412,2022-03-06 08:06:01,3,0.208,0.20987664,68.55,BTC-30SEP22-40000-C,39353.01,sell,0.1,,,
306,206056416,2022-03-06 08:06:05,3,0.208,0.20987398,68.55,BTC-30SEP22-40000-C,39353.87,sell,0.1,,,
307,206056417,2022-03-06 08:06:07,3,0.208,0.20986835,68.55,BTC-30SEP22-40000-C,39353.54,sell,0.1,,,
308,206056441,2022-03-06 08:06:09,3,0.208,0.20986157,68.55,BTC-30SEP22-40000-C,39345.0,sell,0.2,,,
309,206056447,2022-03-06 08:06:09,3,0.208,0.20986157,68.55,BTC-30SEP22-40000-C,39345.0,sell,0.2,,,
310,206056449,2022-03-06 08:06:11,3,0.208,0.20976805,68.58,BTC-30SEP22-40000-C,39343.83,sell,0.1,,,
311,206056452,2022-03-06 08:06:13,3,0.208,0.20978516,68.58,BTC-30SEP22-40000-C,39345.5,sell,0.1,,,
312,206056456,2022-03-06 08:06:15,3,0.208,0.20979056,68.57,BTC-30SEP22-40000-C,39345.33,sell,0.1,,,
313,206056459,2022-03-06 08:06:17,3,0.208,0.20977694,68.58,BTC-30SEP22-40000-C,39345.27,sell,0.1,,,
314,206056465,2022-03-06 08:06:19,3,0.208,0.20977021,68.58,BTC-30SEP22-40000-C,39344.9,sell,0.1,,,
315,206056483,2022-03-06 08:06:20,3,0.208,0.20976913,68.58,BTC-30SEP22-40000-C,39344.9,sell,0.3,,,
316,206069781,2022-03-06 10:01:27,2,0.1995,0.20044659,68.74,BTC-30SEP22-40000-C,38506.38,sell,0.2,,,
317,206153868,2022-03-07 03:13:38,2,0.194,0.19400204,70.29,BTC-30SEP22-40000-C,37656.64,sell,0.1,,,
318,206331210,2022-03-08 11:20:38,0,0.2065,0.20642101,70.54,BTC-30SEP22-40000-C,38853.24,buy,100.0,,33146,
319,206419607,2022-03-09 02:35:04,0,0.216,0.21483722,72.05,BTC-30SEP22-40000-C,39473.78,sell,0.1,,,
320,206559278,2022-03-09 22:55:08,0,0.2395,0.23829691,71.87,BTC-30SEP22-40000-C,41905.25,buy,1.3,,,
321,206720773,2022-03-10 20:00:42,2,0.216,0.21569126,72.47,BTC-30SEP22-40000-C,39440.27,sell,1.0,,,
322,206758819,2022-03-11 03:56:36,2,0.2085,0.20816852,72.22,BTC-30SEP22-40000-C,38719.34,sell,0.1,,,
323,206923052,2022-03-13 12:57:37,2,0.203,0.2022629,71.85,BTC-30SEP22-40000-C,38500.51,buy,1.3,,,
324,206967925,2022-03-14 01:02:04,2,0.2015,0.19990833,72.76,BTC-30SEP22-40000-C,38115.34,buy,0.1,,,
325,206968041,2022-03-14 01:02:18,2,0.2005,0.20042206,72.26,BTC-30SEP22-40000-C,38167.24,sell,0.1,,,
326,206968880,2022-03-14 01:09:03,0,0.202,0.20178225,72.17,BTC-30SEP22-40000-C,38319.12,sell,0.1,,,
327,206969553,2022-03-14 01:18:02,2,0.201,0.19994382,72.44,BTC-30SEP22-40000-C,38153.72,sell,0.1,,,
328,206972807,2022-03-14 02:47:32,2,0.2005,0.1994544,72.47,BTC-30SEP22-40000-C,38096.62,buy,0.8,,,
329,206975253,2022-03-14 04:11:41,0,0.2025,0.20159894,72.39,BTC-30SEP22-40000-C,38337.97,buy,0.1,,,
330,206975714,2022-03-14 04:12:19,0,0.2035,0.20286001,72.35,BTC-30SEP22-40000-C,38444.21,sell,0.1,,,
331,206975894,2022-03-14 04:12:43,0,0.204,0.20254517,72.58,BTC-30SEP22-40000-C,38407.22,buy,0.1,,,
332,206975903,2022-03-14 04:12:44,1,0.204,0.20266577,72.54,BTC-30SEP22-40000-C,38421.61,buy,0.1,,,
333,206998775,2022-03-14 08:09:41,0,0.209,0.20945662,71.59,BTC-30SEP22-40000-C,39176.2,buy,0.1,,,
334,206998777,2022-03-14 08:09:43,1,0.209,0.20938563,71.59,BTC-30SEP22-40000-C,39179.19,buy,0.1,,,
335,206998782,2022-03-14 08:09:46,1,0.209,0.20931186,71.61,BTC-30SEP22-40000-C,39170.01,buy,0.1,,,
336,206998928,2022-03-14 08:11:11,0,0.21,0.20928965,71.94,BTC-30SEP22-40000-C,39157.07,sell,1.0,,,
337,206999227,2022-03-14 08:13:15,1,0.21,0.20955095,71.88,BTC-30SEP22-40000-C,39176.11,sell,1.0,,,
338,206999306,2022-03-14 08:14:20,2,0.2085,0.20889124,71.65,BTC-30SEP22-40000-C,39097.39,sell,0.1,,,
339,206999311,2022-03-14 08:14:26,3,0.2085,0.20870477,71.67,BTC-30SEP22-40000-C,39092.42,sell,0.1,,,
340,206999312,2022-03-14 08:14:26,3,0.2085,0.20870477,71.67,BTC-30SEP22-40000-C,39092.42,sell,0.1,,,
341,206999313,2022-03-14 08:14:26,3,0.2085,0.20870477,71.67,BTC-30SEP22-40000-C,39092.42,sell,0.1,,,
342,206999314,2022-03-14 08:14:26,3,0.2085,0.20870477,71.67,BTC-30SEP22-40000-C,39092.42,sell,0.1,,,
343,206999315,2022-03-14 08:14:26,3,0.2085,0.20870477,71.67,BTC-30SEP22-40000-C,39092.42,sell,0.1,,,
344,206999316,2022-03-14 08:14:26,3,0.2085,0.20870477,71.67,BTC-30SEP22-40000-C,39092.42,sell,0.1,,,
345,206999319,2022-03-14 08:14:26,3,0.2085,0.20870477,71.67,BTC-30SEP22-40000-C,39092.42,sell,0.1,,,
346,206999331,2022-03-14 08:14:26,3,0.2085,0.20870783,71.69,BTC-30SEP22-40000-C,39085.56,sell,0.2,,,
347,207000091,2022-03-14 08:26:32,2,0.2075,0.2071827,71.86,BTC-30SEP22-40000-C,38977.51,sell,1.1,,,
348,207002032,2022-03-14 09:08:06,3,0.2075,0.20750023,71.92,BTC-30SEP22-40000-C,38950.37,sell,0.1,,,
349,207002046,2022-03-14 09:08:15,3,0.2075,0.2074361,71.95,BTC-30SEP22-40000-C,38947.04,sell,0.2,,,
350,207002047,2022-03-14 09:08:15,3,0.2075,0.2074361,71.95,BTC-30SEP22-40000-C,38947.04,sell,0.6,,,
351,207047657,2022-03-14 21:16:24,0,0.208,0.2088203,73.07,BTC-30SEP22-40000-C,38732.68,sell,0.1,,,
352,207047663,2022-03-14 21:16:25,1,0.208,0.20881231,73.08,BTC-30SEP22-40000-C,38731.52,sell,0.1,,,
353,207047694,2022-03-14 21:16:45,0,0.2085,0.20892898,73.17,BTC-30SEP22-40000-C,38733.51,buy,0.1,,,
354,207097297,2022-03-15 07:05:24,1,0.2085,0.20767137,73.55,BTC-30SEP22-40000-C,38639.56,buy,0.1,,,
355,207101453,2022-03-15 07:15:16,2,0.2045,0.20265363,73.89,BTC-30SEP22-40000-C,38215.93,buy,0.1,,,
356,207106838,2022-03-15 08:02:03,3,0.2045,0.20521113,73.18,BTC-30SEP22-40000-C,38394.1,buy,0.1,,,
357,207111994,2022-03-15 09:15:56,0,0.206,0.20582627,73.56,BTC-30SEP22-40000-C,38443.14,sell,0.1,,,
358,207122965,2022-03-15 12:42:04,0,0.2095,0.2097706,73.46,BTC-30SEP22-40000-C,38827.93,sell,0.2,,,
359,207122966,2022-03-15 12:42:04,1,0.2095,0.2097706,73.46,BTC-30SEP22-40000-C,38827.93,sell,0.1,,,
360,207122967,2022-03-15 12:42:04,1,0.2095,0.2097706,73.46,BTC-30SEP22-40000-C,38827.93,sell,0.1,,,
361,207124809,2022-03-15 13:25:38,1,0.2095,0.20930784,73.53,BTC-30SEP22-40000-C,38774.07,sell,0.1,,,
362,207130173,2022-03-15 14:11:06,0,0.2105,0.21028229,73.73,BTC-30SEP22-40000-C,38852.2,sell,0.1,,,
363,207131762,2022-03-15 14:28:32,0,0.211,0.21044356,73.78,BTC-30SEP22-40000-C,38895.65,sell,0.1,,,
364,207133301,2022-03-15 14:30:11,0,0.2135,0.21267619,73.84,BTC-30SEP22-40000-C,39098.02,buy,0.1,,,
365,207423878,2022-03-17 01:47:17,0,0.2295,0.22773654,72.31,BTC-30SEP22-40000-C,41116.7,buy,0.2,,,
366,207424156,2022-03-17 01:48:06,0,0.2305,0.22893157,72.14,BTC-30SEP22-40000-C,41221.62,buy,0.2,,,
367,207424270,2022-03-17 01:48:08,0,0.231,0.22945402,72.24,BTC-30SEP22-40000-C,41270.03,sell,0.2,,,
368,207432741,2022-03-17 04:54:40,2,0.2305,0.22835189,72.35,BTC-30SEP22-40000-C,41183.39,sell,0.2,,,
369,207432826,2022-03-17 04:54:42,2,0.2285,0.22842147,71.63,BTC-30SEP22-40000-C,41212.04,buy,0.2,,,
370,207434576,2022-03-17 05:01:39,0,0.231,0.2308793,71.69,BTC-30SEP22-40000-C,41393.71,sell,0.2,,,
371,207435849,2022-03-17 05:10:24,2,0.228,0.22756464,71.75,BTC-30SEP22-40000-C,41092.35,sell,0.2,,,
372,207454741,2022-03-17 10:20:35,2,0.2225,0.22289927,71.29,BTC-30SEP22-40000-C,40674.05,buy,0.1,,,
373,207454833,2022-03-17 10:24:00,2,0.222,0.22304449,71.1,BTC-30SEP22-40000-C,40684.5,sell,0.9,,,
374,207509753,2022-03-18 01:13:03,2,0.2185,0.22030408,70.77,BTC-30SEP22-40000-C,40439.87,sell,0.8,,,
375,207619353,2022-03-19 08:21:09,0,0.2245,0.22512806,68.37,BTC-30SEP22-40000-C,41676.35,sell,0.1,,,
376,207619423,2022-03-19 08:21:18,1,0.2245,0.22510705,68.38,BTC-30SEP22-40000-C,41669.04,sell,0.2,,,
377,207619424,2022-03-19 08:21:18,1,0.2245,0.22510705,68.38,BTC-30SEP22-40000-C,41669.04,sell,0.2,,,
378,207619425,2022-03-19 08:21:18,1,0.2245,0.22510705,68.38,BTC-30SEP22-40000-C,41669.04,sell,0.1,,,
379,207619426,2022-03-19 08:21:18,1,0.2245,0.22510705,68.38,BTC-30SEP22-40000-C,41669.04,sell,0.1,,,
380,207619427,2022-03-19 08:21:18,1,0.2245,0.22510705,68.38,BTC-30SEP22-40000-C,41669.04,sell,0.1,,,
381,207621167,2022-03-19 08:45:59,0,0.225,0.22571444,68.27,BTC-30SEP22-40000-C,41756.89,sell,0.1,,,
382,207621171,2022-03-19 08:46:01,1,0.225,0.22572489,68.27,BTC-30SEP22-40000-C,41756.38,sell,0.1,,,
383,207621172,2022-03-19 08:46:01,1,0.225,0.22572489,68.27,BTC-30SEP22-40000-C,41756.38,sell,0.1,,,
384,207621173,2022-03-19 08:46:01,1,0.225,0.22572489,68.27,BTC-30SEP22-40000-C,41756.38,sell,0.1,,,
385,207621174,2022-03-19 08:46:01,1,0.225,0.22572489,68.27,BTC-30SEP22-40000-C,41756.38,sell,0.1,,,
386,207621175,2022-03-19 08:46:03,1,0.225,0.22571785,68.28,BTC-30SEP22-40000-C,41756.36,sell,0.1,,,
387,207621176,2022-03-19 08:46:03,1,0.225,0.22571785,68.28,BTC-30SEP22-40000-C,41756.36,sell,0.1,,,
388,207685331,2022-03-20 12:51:13,2,0.224,0.22406287,68.8,BTC-30SEP22-40000-C,41686.83,buy,0.4,,,
389,208642982,2022-03-29 08:01:49,0,0.275,0.27323521,66.38,BTC-30SEP22-40000-C,47415.32,sell,5.0,,,
390,209767783,2022-04-11 07:39:15,2,0.2065,0.21411195,63.22,BTC-30SEP22-40000-C,42309.51,sell,0.5,,,
391,209767789,2022-04-11 07:39:16,0,0.2115,0.21411489,65.2,BTC-30SEP22-40000-C,42309.22,sell,0.5,,,
392,209768497,2022-04-11 08:00:06,2,0.209,0.21452388,64.15,BTC-30SEP22-40000-C,42320.39,sell,2.0,,,
393,209799858,2022-04-11 11:40:46,2,0.2015,0.20261567,65.57,BTC-30SEP22-40000-C,41291.27,sell,0.5,,,
394,209799921,2022-04-11 11:41:42,0,0.203,0.20185354,66.46,BTC-30SEP22-40000-C,41226.97,sell,0.5,,,
395,209872289,2022-04-11 21:07:47,2,0.1855,0.18624912,66.13,BTC-30SEP22-40000-C,39737.19,sell,0.2,,,
396,209872290,2022-04-11 21:07:47,3,0.1855,0.18624912,66.13,BTC-30SEP22-40000-C,39737.19,sell,0.1,,,
397,209872291,2022-04-11 21:07:47,3,0.1855,0.18624912,66.13,BTC-30SEP22-40000-C,39737.19,sell,0.1,,,
398,209872292,2022-04-11 21:07:47,3,0.1855,0.18624912,66.13,BTC-30SEP22-40000-C,39737.19,sell,0.1,,,
399,210006222,2022-04-12 23:16:31,2,0.185,0.18550512,65.98,BTC-30SEP22-40000-C,39909.53,sell,6.4,,,
400,210135289,2022-04-14 01:59:18,0,0.1975,0.19936021,64.63,BTC-30SEP22-40000-C,41490.17,buy,0.1,,,
401,210135367,2022-04-14 02:02:12,0,0.2,0.19886575,65.77,BTC-30SEP22-40000-C,41449.4,sell,0.1,,,
402,210177829,2022-04-14 15:11:30,2,0.187,0.18774325,65.03,BTC-30SEP22-40000-C,40417.93,sell,1.8,,,
403,210190720,2022-04-14 17:01:54,2,0.1795,0.17973322,64.25,BTC-30SEP22-40000-C,39920.15,buy,1.4,,,
404,210190757,2022-04-14 17:02:16,0,0.18,0.17989896,64.36,BTC-30SEP22-40000-C,39937.66,buy,1.4,,,
405,210191970,2022-04-14 17:20:59,2,0.179,0.17918662,64.34,BTC-30SEP22-40000-C,39861.13,sell,1.4,,,
406,210192953,2022-04-14 17:39:20,0,0.1815,0.18138271,64.77,BTC-30SEP22-40000-C,40001.4,sell,0.1,,,
407,210242770,2022-04-15 08:02:07,0,0.183,0.18331809,64.45,BTC-30SEP22-40000-C,40234.14,buy,1.0,,,
408,210261922,2022-04-15 13:14:58,2,0.1797,0.18111333,63.71,BTC-30SEP22-40000-C,40102.86,buy,25.0,,36586,
409,210391010,2022-04-18 04:29:30,2,0.167,0.16741564,64.52,BTC-30SEP22-40000-C,38901.64,buy,0.2,,,
410,210402310,2022-04-18 06:52:32,0,0.1695,0.1689695,64.92,BTC-30SEP22-40000-C,39042.89,buy,1.0,,,
411,210415569,2022-04-18 12:01:03,2,0.167,0.167811,64.06,BTC-30SEP22-40000-C,39029.29,sell,0.1,,,
412,210415570,2022-04-18 12:01:04,3,0.167,0.167811,64.06,BTC-30SEP22-40000-C,39029.29,sell,0.1,,,
413,210464967,2022-04-18 18:16:25,0,0.1855,0.18319789,63.65,BTC-30SEP22-40000-C,40920.36,buy,0.2,,,
414,210513304,2022-04-19 09:00:25,2,0.18,0.18036268,62.21,BTC-30SEP22-40000-C,40732.72,buy,1.0,,,
415,210513325,2022-04-19 09:01:17,0,0.1805,0.18044825,62.37,BTC-30SEP22-40000-C,40733.83,buy,1.0,,,
416,210530110,2022-04-19 13:53:27,0,0.188,0.18780792,62.35,BTC-30SEP22-40000-C,41405.68,sell,0.2,,,
417,210697630,2022-04-21 15:47:53,0,0.199,0.19702776,63.45,BTC-30SEP22-40000-C,42236.02,sell,10.0,,,
418,210697809,2022-04-21 15:49:03,2,0.1985,0.1965736,63.4,BTC-30SEP22-40000-C,42210.18,buy,6.0,,,
419,210813039,2022-04-22 15:02:23,2,0.1689,0.16897842,62.13,BTC-30SEP22-40000-C,39889.54,sell,100.0,,37093,
420,210813972,2022-04-22 15:04:13,2,0.167,0.16649659,62.33,BTC-30SEP22-40000-C,39657.53,sell,100.0,,37094,
421,210818758,2022-04-22 15:41:53,2,0.166,0.16605478,62.02,BTC-30SEP22-40000-C,39643.53,sell,100.0,,37098,
422,210836001,2022-04-22 18:34:42,2,0.163,0.16393181,61.96,BTC-30SEP22-40000-C,39385.83,sell,0.1,,,
423,210836002,2022-04-22 18:34:42,3,0.163,0.16393181,61.96,BTC-30SEP22-40000-C,39385.83,sell,0.1,,,
424,210836003,2022-04-22 18:34:42,3,0.163,0.16393181,61.96,BTC-30SEP22-40000-C,39385.83,sell,0.1,,,
425,210839909,2022-04-22 19:35:58,0,0.167,0.16758531,62.08,BTC-30SEP22-40000-C,39751.44,sell,0.1,,,
426,210839910,2022-04-22 19:35:58,1,0.167,0.16758531,62.08,BTC-30SEP22-40000-C,39749.78,sell,0.1,,,
427,210866358,2022-04-23 10:34:20,2,0.1645,0.16548931,61.85,BTC-30SEP22-40000-C,39606.46,sell,1.4,,,
428,210866362,2022-04-23 10:34:34,2,0.164,0.16549122,61.65,BTC-30SEP22-40000-C,39606.23,sell,1.5,,,
429,210866363,2022-04-23 10:34:34,3,0.164,0.16549122,61.65,BTC-30SEP22-40000-C,39606.23,sell,19.0,,,
430,210934290,2022-04-24 17:31:01,2,0.1615,0.16261205,62.4,BTC-30SEP22-40000-C,39284.27,sell,1.7,,,
431,210951154,2022-04-25 00:23:12,2,0.159,0.15923504,62.22,BTC-30SEP22-40000-C,39092.88,buy,8.0,,,
432,210962441,2022-04-25 01:33:53,2,0.1555,0.15649496,61.52,BTC-30SEP22-40000-C,38956.19,sell,2.5,,,
433,210994135,2022-04-25 08:41:51,2,0.1525,0.15273538,62.1,BTC-30SEP22-40000-C,38550.5,buy,2.9,,,
434,210994136,2022-04-25 08:41:52,3,0.1525,0.15273538,62.1,BTC-30SEP22-40000-C,38550.5,buy,1.9,,,
435,210994137,2022-04-25 08:41:52,3,0.1525,0.15273538,62.1,BTC-30SEP22-40000-C,38550.5,buy,0.5,,,
436,210994138,2022-04-25 08:41:52,3,0.1525,0.15273538,62.1,BTC-30SEP22-40000-C,38550.5,buy,0.3,,,
437,210994139,2022-04-25 08:41:52,3,0.1525,0.15273538,62.1,BTC-30SEP22-40000-C,38550.5,buy,1.7,,,
438,210994140,2022-04-25 08:41:52,3,0.1525,0.15273538,62.08,BTC-30SEP22-40000-C,38551.18,buy,0.2,,,
439,210994141,2022-04-25 08:41:53,3,0.1525,0.15273199,62.08,BTC-30SEP22-40000-C,38551.37,buy,6.7,,,
440,211010489,2022-04-25 12:02:38,0,0.159,0.15840363,63.52,BTC-30SEP22-40000-C,38816.62,sell,0.2,,,
441,211010490,2022-04-25 12:02:38,1,0.159,0.15840363,63.52,BTC-30SEP22-40000-C,38816.62,sell,0.1,,,
442,211010491,2022-04-25 12:02:38,1,0.159,0.15840363,63.52,BTC-30SEP22-40000-C,38816.62,sell,0.1,,,
443,211010493,2022-04-25 12:02:38,1,0.159,0.15840363,63.52,BTC-30SEP22-40000-C,38816.62,sell,0.1,,,
444,211010494,2022-04-25 12:02:38,1,0.159,0.15840363,63.53,BTC-30SEP22-40000-C,38807.36,sell,0.1,,,
445,211010571,2022-04-25 12:06:25,1,0.159,0.15817244,63.63,BTC-30SEP22-40000-C,38789.59,sell,0.1,,,
446,211010572,2022-04-25 12:06:25,1,0.159,0.15817244,63.63,BTC-30SEP22-40000-C,38789.59,sell,0.1,,,
447,211010573,2022-04-25 12:06:25,1,0.159,0.15817244,63.63,BTC-30SEP22-40000-C,38789.59,sell,0.1,,,
448,211010574,2022-04-25 12:06:25,1,0.159,0.15817244,63.63,BTC-30SEP22-40000-C,38789.59,sell,0.1,,,
449,211134825,2022-04-26 12:45:34,0,0.171,0.17094336,61.78,BTC-30SEP22-40000-C,40362.59,sell,0.1,,,
450,211190800,2022-04-26 17:46:21,2,0.152,0.1526615,62.45,BTC-30SEP22-40000-C,38435.17,buy,2.1,,,
451,211190801,2022-04-26 17:46:21,3,0.152,0.1526615,62.45,BTC-30SEP22-40000-C,38435.17,buy,0.2,,,
452,211190803,2022-04-26 17:46:23,3,0.152,0.15266035,62.48,BTC-30SEP22-40000-C,38426.44,buy,2.7,,,
453,211355711,2022-04-28 07:47:49,0,0.1625,0.16241,62.34,BTC-30SEP22-40000-C,39555.91,buy,0.1,,,
454,211394078,2022-04-28 15:02:51,2,0.16,0.15983412,62.26,BTC-30SEP22-40000-C,39373.32,buy,2.2,,,
455,211395438,2022-04-28 15:06:05,0,0.1625,0.16226025,62.29,BTC-30SEP22-40000-C,39598.82,buy,2.3,,,
456,211470979,2022-04-29 06:13:57,2,0.16,0.16032146,62.08,BTC-30SEP22-40000-C,39419.26,sell,1.0,,,
457,211480292,2022-04-29 08:04:28,0,0.1605,0.1615959,61.48,BTC-30SEP22-40000-C,39607.21,buy,1.0,,,
458,211550788,2022-04-29 21:15:25,2,0.149,0.14898063,61.37,BTC-30SEP22-40000-C,38598.68,sell,0.1,,,
459,211550789,2022-04-29 21:15:25,3,0.149,0.14898063,61.37,BTC-30SEP22-40000-C,38598.68,sell,0.1,,,
460,211550790,2022-04-29 21:15:25,3,0.149,0.14898063,61.37,BTC-30SEP22-40000-C,38598.68,sell,0.1,,,
461,211612485,2022-05-01 03:14:17,2,0.1405,0.14084436,61.21,BTC-30SEP22-40000-C,37931.19,sell,0.1,,,
462,211612489,2022-05-01 03:15:01,3,0.1405,0.14082217,61.22,BTC-30SEP22-40000-C,37933.98,sell,0.1,,,
463,211612911,2022-05-01 03:31:08,0,0.141,0.14124752,61.15,BTC-30SEP22-40000-C,37995.77,sell,0.1,,,
464,211613870,2022-05-01 04:07:35,0,0.1415,0.1416778,61.13,BTC-30SEP22-40000-C,38053.98,sell,0.1,,,
465,211614027,2022-05-01 04:13:27,2,0.141,0.14134433,61.08,BTC-30SEP22-40000-C,38008.62,sell,0.1,,,
466,211614028,2022-05-01 04:13:27,3,0.141,0.14134433,61.08,BTC-30SEP22-40000-C,38008.62,sell,0.1,,,
467,211614029,2022-05-01 04:13:27,3,0.141,0.14134433,61.08,BTC-30SEP22-40000-C,38008.62,sell,0.1,,,
468,211614030,2022-05-01 04:13:27,3,0.141,0.14134433,61.08,BTC-30SEP22-40000-C,38008.62,sell,0.1,,,
469,211614031,2022-05-01 04:13:27,3,0.141,0.14134433,61.08,BTC-30SEP22-40000-C,38008.62,sell,0.1,,,
470,211614076,2022-05-01 04:14:28,0,0.1415,0.1413807,61.25,BTC-30SEP22-40000-C,38020.42,sell,0.2,,,
471,211614077,2022-05-01 04:14:28,1,0.1415,0.1413807,61.25,BTC-30SEP22-40000-C,38020.42,sell,0.1,,,
472,211614078,2022-05-01 04:14:28,1,0.1415,0.1413807,61.25,BTC-30SEP22-40000-C,38020.42,sell,0.1,,,
473,211614079,2022-05-01 04:14:28,1,0.1415,0.1413807,61.25,BTC-30SEP22-40000-C,38020.42,sell,0.1,,,
474,211702802,2022-05-02 10:02:31,0,0.1475,0.14778106,60.6,BTC-30SEP22-40000-C,38776.53,buy,0.1,,,
475,211738308,2022-05-02 15:33:43,0,0.149,0.14866007,61.18,BTC-30SEP22-40000-C,38778.31,buy,0.1,,,
476,211781427,2022-05-03 02:42:22,2,0.145,0.14396711,61.36,BTC-30SEP22-40000-C,38342.55,buy,0.1,,,
477,211816895,2022-05-03 15:34:58,2,0.143,0.14300336,60.61,BTC-30SEP22-40000-C,38389.94,sell,0.1,,,
478,211820102,2022-05-03 16:35:24,2,0.14,0.14034953,60.47,BTC-30SEP22-40000-C,38143.1,buy,0.1,,,
479,211822386,2022-05-03 17:03:26,0,0.141,0.14046255,60.84,BTC-30SEP22-40000-C,38148.12,buy,5.0,,,
480,211888067,2022-05-04 12:08:10,0,0.1515,0.15134679,60.86,BTC-30SEP22-40000-C,39139.07,buy,0.2,,,
481,211937545,2022-05-04 18:45:38,2,0.1495,0.14995348,60.22,BTC-30SEP22-40000-C,39128.25,buy,0.2,,,
482,212122928,2022-05-05 18:28:35,2,0.119,0.11978878,60.66,BTC-30SEP22-40000-C,36220.35,sell,0.2,,,
483,212141987,2022-05-05 19:09:26,2,0.118,0.11782353,61.25,BTC-30SEP22-40000-C,35999.26,buy,1.0,,,
484,212198470,2022-05-06 01:49:49,0,0.119,0.11802395,60.69,BTC-30SEP22-40000-C,36227.44,sell,2.3,,,
485,212203724,2022-05-06 03:15:32,0,0.1195,0.11940918,60.22,BTC-30SEP22-40000-C,36394.8,sell,0.1,,,
486,212240534,2022-05-06 09:01:06,2,0.1145,0.11597286,58.9,BTC-30SEP22-40000-C,36223.06,sell,0.9,,,
487,212241185,2022-05-06 09:11:51,0,0.115,0.11570772,59.13,BTC-30SEP22-40000-C,36211.08,buy,0.1,,,
488,212241336,2022-05-06 09:14:45,1,0.115,0.11563785,59.17,BTC-30SEP22-40000-C,36201.25,buy,0.1,,,
489,212317029,2022-05-06 14:47:32,1,0.115,0.11620564,59.7,BTC-30SEP22-40000-C,36115.62,sell,0.1,,,
490,212317091,2022-05-06 14:47:37,1,0.115,0.11618039,59.68,BTC-30SEP22-40000-C,36119.11,sell,0.1,,,
491,212317092,2022-05-06 14:47:37,1,0.115,0.11618039,59.68,BTC-30SEP22-40000-C,36119.11,sell,0.1,,,
492,212319690,2022-05-06 14:59:19,0,0.1155,0.11661821,59.59,BTC-30SEP22-40000-C,36193.58,sell,0.1,,,
493,212334477,2022-05-06 16:13:32,2,0.114,0.11287584,59.93,BTC-30SEP22-40000-C,35950.47,buy,2.7,,,
494,212351559,2022-05-06 18:05:07,2,0.1134,0.1125174,59.96,BTC-30SEP22-40000-C,35864.1,buy,25.0,,38354,
495,212351924,2022-05-06 18:06:09,2,0.1125,0.11229838,59.69,BTC-30SEP22-40000-C,35840.28,buy,25.0,,38355,
496,212352229,2022-05-06 18:08:37,0,0.1126,0.11257386,59.61,BTC-30SEP22-40000-C,35864.92,buy,25.0,,38356,
497,212377280,2022-05-06 23:58:51,0,0.113,0.11336569,59.26,BTC-30SEP22-40000-C,36017.76,buy,0.5,,,
498,212392984,2022-05-07 05:36:06,2,0.1105,0.11116883,59.11,BTC-30SEP22-40000-C,35821.62,sell,0.4,,,
499,212402468,2022-05-07 08:01:14,0,0.113,0.11251969,59.81,BTC-30SEP22-40000-C,35910.96,buy,2.9,,,
500,212445599,2022-05-07 22:37:45,2,0.105,0.10495999,59.6,BTC-30SEP22-40000-C,35206.51,sell,1.7,,,
501,212445604,2022-05-07 22:37:54,3,0.105,0.1049366,59.63,BTC-30SEP22-40000-C,35203.2,sell,0.9,,,
502,212563447,2022-05-08 13:40:57,2,0.096,0.0953507,58.73,BTC-30SEP22-40000-C,34546.89,sell,1.3,,,
503,212615021,2022-05-08 17:26:15,2,0.092,0.09181899,59.24,BTC-30SEP22-40000-C,33968.97,sell,0.3,,,
504,212615026,2022-05-08 17:26:15,3,0.092,0.09181899,59.24,BTC-30SEP22-40000-C,33968.97,sell,0.2,,,
505,212616591,2022-05-08 17:28:14,3,0.092,0.09186971,59.29,BTC-30SEP22-40000-C,34013.17,sell,0.5,,,
506,212619739,2022-05-08 17:41:12,0,0.0925,0.09140996,60.12,BTC-30SEP22-40000-C,33841.22,sell,1.3,,,
507,212619748,2022-05-08 17:41:16,1,0.0925,0.09137199,60.14,BTC-30SEP22-40000-C,33836.44,sell,1.5,,,
508,212620479,2022-05-08 17:44:15,0,0.0935,0.09253048,60.26,BTC-30SEP22-40000-C,33911.73,sell,1.1,,,
509,212620702,2022-05-08 17:45:59,2,0.093,0.09252961,60.15,BTC-30SEP22-40000-C,33892.36,sell,1.1,,,
510,212621879,2022-05-08 17:56:05,0,0.095,0.09446395,60.24,BTC-30SEP22-40000-C,34060.64,sell,0.1,,,
511,212621880,2022-05-08 17:56:05,1,0.095,0.09446395,60.24,BTC-30SEP22-40000-C,34060.64,sell,0.4,,,
512,212621881,2022-05-08 17:56:06,1,0.095,0.09447879,60.24,BTC-30SEP22-40000-C,34060.64,sell,0.2,,,
513,212637066,2022-05-08 19:37:04,0,0.099,0.09927455,59.73,BTC-30SEP22-40000-C,34607.1,sell,1.0,,,
514,212674433,2022-05-09 02:28:39,2,0.091,0.09063894,60.48,BTC-30SEP22-40000-C,33616.95,sell,0.1,,,
515,212678765,2022-05-09 02:37:15,2,0.09,0.08956911,60.63,BTC-30SEP22-40000-C,33465.09,sell,0.4,,,
516,212681069,2022-05-09 02:42:54,0,0.0905,0.09015461,60.64,BTC-30SEP22-40000-C,33525.83,sell,0.5,,,
517,212687840,2022-05-09 03:13:36,0,0.0915,0.09128689,60.73,BTC-30SEP22-40000-C,33586.6,sell,0.1,,,
518,212687993,2022-05-09 03:14:40,0,0.092,0.0913521,60.89,BTC-30SEP22-40000-C,33590.89,buy,0.2,,,
519,212688823,2022-05-09 03:19:45,0,0.0925,0.09250165,60.59,BTC-30SEP22-40000-C,33727.14,sell,0.1,,,
520,212688824,2022-05-09 03:19:45,1,0.0925,0.09250165,60.59,BTC-30SEP22-40000-C,33727.14,sell,0.1,,,
521,212688825,2022-05-09 03:19:46,1,0.0925,0.09246346,60.61,BTC-30SEP22-40000-C,33727.72,sell,0.1,,,
522,212688836,2022-05-09 03:19:47,1,0.0925,0.09246975,60.6,BTC-30SEP22-40000-C,33724.88,sell,0.1,,,
523,212689119,2022-05-09 03:20:57,1,0.0925,0.09214251,60.74,BTC-30SEP22-40000-C,33689.93,sell,0.5,,,
524,212689125,2022-05-09 03:20:57,1,0.0925,0.09214251,60.74,BTC-30SEP22-40000-C,33689.93,sell,0.3,,,
525,212703782,2022-05-09 06:07:18,2,0.0905,0.08994356,60.8,BTC-30SEP22-40000-C,33490.89,sell,1.0,,,
526,212719742,2022-05-09 08:10:32,0,0.0925,0.09222021,61.55,BTC-30SEP22-40000-C,33486.0,buy,7.8,,,
527,212754568,2022-05-09 10:55:18,2,0.088,0.08797281,62.11,BTC-30SEP22-40000-C,32868.66,buy,1.0,,,
528,212767008,2022-05-09 11:40:34,0,0.09,0.08964413,62.84,BTC-30SEP22-40000-C,32898.58,buy,0.1,,,
529,212767009,2022-05-09 11:40:34,1,0.09,0.08964413,62.84,BTC-30SEP22-40000-C,32898.58,buy,0.1,,,
530,212767010,2022-05-09 11:40:34,1,0.09,0.08964413,62.84,BTC-30SEP22-40000-C,32898.58,buy,0.1,,,
531,212767011,2022-05-09 11:40:34,1,0.09,0.08964413,62.84,BTC-30SEP22-40000-C,32898.58,buy,0.1,,,
532,212767027,2022-05-09 11:40:50,1,0.09,0.08968903,62.82,BTC-30SEP22-40000-C,32905.73,buy,0.1,,,
533,212767041,2022-05-09 11:40:50,1,0.09,0.08968199,62.82,BTC-30SEP22-40000-C,32905.73,buy,0.1,,,
534,212767045,2022-05-09 11:40:51,1,0.09,0.08968199,62.82,BTC-30SEP22-40000-C,32908.69,buy,0.1,,,
535,212767047,2022-05-09 11:40:53,1,0.09,0.08971597,62.81,BTC-30SEP22-40000-C,32908.38,buy,0.1,,,
536,212781638,2022-05-09 13:04:10,1,0.09,0.0892575,63.05,BTC-30SEP22-40000-C,32822.98,sell,3.0,,,
537,212781639,2022-05-09 13:04:10,1,0.09,0.0892575,63.05,BTC-30SEP22-40000-C,32822.98,sell,0.2,,,
538,212781640,2022-05-09 13:04:10,1,0.09,0.0892575,63.05,BTC-30SEP22-40000-C,32822.98,sell,0.1,,,
539,212781641,2022-05-09 13:04:10,1,0.09,0.0892575,63.05,BTC-30SEP22-40000-C,32822.98,sell,0.1,,,
540,212781642,2022-05-09 13:04:10,1,0.09,0.0892575,63.05,BTC-30SEP22-40000-C,32822.98,sell,0.1,,,
541,212781643,2022-05-09 13:04:10,1,0.09,0.0892575,63.05,BTC-30SEP22-40000-C,32822.98,sell,0.1,,,
542,212781644,2022-05-09 13:04:10,1,0.09,0.0892263,63.05,BTC-30SEP22-40000-C,32822.98,sell,0.2,,,
543,212781645,2022-05-09 13:04:10,1,0.09,0.0892263,63.05,BTC-30SEP22-40000-C,32822.98,sell,0.1,,,
544,212781646,2022-05-09 13:04:10,1,0.09,0.0892263,63.05,BTC-30SEP22-40000-C,32822.98,sell,0.1,,,
545,212781647,2022-05-09 13:04:10,1,0.09,0.0892263,63.05,BTC-30SEP22-40000-C,32822.98,sell,0.1,,,
546,212781648,2022-05-09 13:04:10,1,0.09,0.0892263,63.05,BTC-30SEP22-40000-C,32822.98,sell,0.1,,,
547,212781649,2022-05-09 13:04:12,1,0.09,0.08923313,63.05,BTC-30SEP22-40000-C,32815.43,sell,0.1,,,
548,212781650,2022-05-09 13:04:12,1,0.09,0.08923313,63.05,BTC-30SEP22-40000-C,32815.43,sell,0.1,,,
549,212781651,2022-05-09 13:04:12,1,0.09,0.08923313,63.05,BTC-30SEP22-40000-C,32815.43,sell,0.1,,,
550,212781652,2022-05-09 13:04:12,1,0.09,0.08923313,63.05,BTC-30SEP22-40000-C,32815.43,sell,0.1,,,
551,212781653,2022-05-09 13:04:12,1,0.09,0.08923313,63.05,BTC-30SEP22-40000-C,32815.43,sell,0.2,,,
552,212781654,2022-05-09 13:04:14,1,0.09,0.08917509,63.07,BTC-30SEP22-40000-C,32815.76,sell,0.1,,,
553,212781655,2022-05-09 13:04:15,1,0.09,0.08918556,63.08,BTC-30SEP22-40000-C,32811.33,sell,0.1,,,
554,212810989,2022-05-09 14:30:26,2,0.0891,0.0882839,63.2,BTC-30SEP22-40000-C,32708.61,sell,16.0,,38534,
555,212833959,2022-05-09 15:37:13,2,0.087,0.0864072,64.0,BTC-30SEP22-40000-C,32272.95,buy,2.5,,,
556,212836474,2022-05-09 15:46:12,0,0.088,0.08663374,64.35,BTC-30SEP22-40000-C,32302.53,buy,5.0,,,
557,212892789,2022-05-09 17:36:12,2,0.0835,0.08295727,65.07,BTC-30SEP22-40000-C,31623.57,sell,0.2,,,
558,212908438,2022-05-09 18:14:35,2,0.0818,0.0787906,66.39,BTC-30SEP22-40000-C,31073.45,buy,50.0,,38616,
559,212908473,2022-05-09 18:14:51,2,0.08,0.07883778,65.62,BTC-30SEP22-40000-C,31077.81,sell,4.9,,,
560,212908474,2022-05-09 18:14:51,3,0.08,0.07883778,65.62,BTC-30SEP22-40000-C,31077.81,sell,1.0,,,
561,212908475,2022-05-09 18:14:51,3,0.08,0.07883778,65.62,BTC-30SEP22-40000-C,31077.81,sell,0.8,,,
562,212908476,2022-05-09 18:14:51,3,0.08,0.07883778,65.62,BTC-30SEP22-40000-C,31077.81,sell,0.6,,,
563,212908477,2022-05-09 18:14:51,3,0.08,0.07883778,65.62,BTC-30SEP22-40000-C,31077.81,sell,0.5,,,
564,212908478,2022-05-09 18:14:51,3,0.08,0.07883778,65.61,BTC-30SEP22-40000-C,31077.83,sell,0.3,,,
565,212908479,2022-05-09 18:14:51,3,0.08,0.07883778,65.61,BTC-30SEP22-40000-C,31077.83,sell,0.1,,,
566,212908480,2022-05-09 18:14:51,3,0.08,0.07883778,65.61,BTC-30SEP22-40000-C,31077.83,sell,0.3,,,
567,212908481,2022-05-09 18:14:51,3,0.08,0.07883778,65.61,BTC-30SEP22-40000-C,31077.83,sell,0.2,,,
568,212908482,2022-05-09 18:14:51,3,0.08,0.07883778,65.61,BTC-30SEP22-40000-C,31077.83,sell,0.1,,,
569,212908483,2022-05-09 18:14:51,3,0.08,0.07883778,65.61,BTC-30SEP22-40000-C,31077.83,sell,0.1,,,
570,212908484,2022-05-09 18:14:51,3,0.08,0.07883778,65.61,BTC-30SEP22-40000-C,31077.83,sell,0.1,,,
571,212908485,2022-05-09 18:14:51,3,0.08,0.07883778,65.61,BTC-30SEP22-40000-C,31077.83,sell,0.1,,,
572,212908486,2022-05-09 18:14:51,3,0.08,0.07883778,65.61,BTC-30SEP22-40000-C,31077.83,sell,0.1,,,
573,212908487,2022-05-09 18:14:51,3,0.08,0.07883778,65.61,BTC-30SEP22-40000-C,31077.83,sell,0.1,,,
574,212908489,2022-05-09 18:14:51,3,0.08,0.07883778,65.61,BTC-30SEP22-40000-C,31077.83,sell,0.2,,,
575,212908495,2022-05-09 18:14:52,3,0.08,0.07886291,65.61,BTC-30SEP22-40000-C,31077.83,sell,0.1,,,
576,212908497,2022-05-09 18:14:52,3,0.08,0.07886291,65.61,BTC-30SEP22-40000-C,31077.83,sell,0.1,,,
577,212908498,2022-05-09 18:14:52,3,0.08,0.07886291,65.61,BTC-30SEP22-40000-C,31077.83,sell,0.1,,,
578,212908499,2022-05-09 18:14:52,3,0.08,0.07886291,65.61,BTC-30SEP22-40000-C,31077.83,sell,0.1,,,
579,212908500,2022-05-09 18:14:52,3,0.08,0.07886291,65.61,BTC-30SEP22-40000-C,31077.83,sell,0.1,,,
580,212908501,2022-05-09 18:14:52,3,0.08,0.07886291,65.61,BTC-30SEP22-40000-C,31077.83,sell,0.1,,,
581,212908502,2022-05-09 18:14:52,3,0.08,0.07886291,65.62,BTC-30SEP22-40000-C,31076.8,sell,0.1,,,
582,212908503,2022-05-09 18:14:52,3,0.08,0.07886291,65.62,BTC-30SEP22-40000-C,31076.8,sell,0.1,,,
583,212908504,2022-05-09 18:14:52,3,0.08,0.07886291,65.62,BTC-30SEP22-40000-C,31076.8,sell,0.1,,,
584,212908505,2022-05-09 18:14:52,3,0.08,0.07886291,65.62,BTC-30SEP22-40000-C,31076.8,sell,0.2,,,
585,212908506,2022-05-09 18:14:52,3,0.08,0.07886291,65.62,BTC-30SEP22-40000-C,31076.8,sell,0.1,,,
586,212908507,2022-05-09 18:14:52,3,0.08,0.07886291,65.62,BTC-30SEP22-40000-C,31076.8,sell,0.1,,,
587,212908510,2022-05-09 18:14:52,3,0.08,0.07886291,65.62,BTC-30SEP22-40000-C,31076.8,sell,0.1,,,
588,212908511,2022-05-09 18:14:52,3,0.08,0.07886291,65.62,BTC-30SEP22-40000-C,31076.8,sell,0.1,,,
589,212932529,2022-05-09 18:47:15,2,0.0795,0.08015244,66.87,BTC-30SEP22-40000-C,30710.38,sell,3.1,,,
590,212944225,2022-05-09 19:03:47,3,0.0795,0.07877201,66.72,BTC-30SEP22-40000-C,30739.11,buy,0.2,,,
591,212944226,2022-05-09 19:03:47,3,0.0795,0.07877639,66.72,BTC-30SEP22-40000-C,30739.11,buy,0.2,,,
592,212945437,2022-05-09 19:05:45,3,0.0795,0.078099,67.07,BTC-30SEP22-40000-C,30654.3,buy,0.2,,,
593,212945438,2022-05-09 19:05:45,3,0.0795,0.078099,67.04,BTC-30SEP22-40000-C,30659.29,buy,0.1,,,
594,212945441,2022-05-09 19:05:45,3,0.0795,0.078099,67.04,BTC-30SEP22-40000-C,30659.29,buy,0.1,,,
595,212945442,2022-05-09 19:05:45,3,0.0795,0.078099,67.04,BTC-30SEP22-40000-C,30659.29,buy,0.3,,,
596,212945443,2022-05-09 19:05:45,3,0.0795,0.07817031,67.04,BTC-30SEP22-40000-C,30659.29,buy,0.2,,,
597,212945444,2022-05-09 19:05:45,3,0.0795,0.07817031,67.04,BTC-30SEP22-40000-C,30659.29,buy,0.1,,,
598,212945445,2022-05-09 19:05:45,3,0.0795,0.07817031,67.04,BTC-30SEP22-40000-C,30659.29,buy,0.1,,,
599,212946643,2022-05-09 19:09:27,3,0.0795,0.07855358,66.98,BTC-30SEP22-40000-C,30670.31,buy,0.1,,,
600,212946644,2022-05-09 19:09:27,3,0.0795,0.07855358,66.98,BTC-30SEP22-40000-C,30670.31,buy,0.1,,,
601,212946645,2022-05-09 19:09:27,3,0.0795,0.07855358,66.98,BTC-30SEP22-40000-C,30670.31,buy,0.1,,,
602,212946646,2022-05-09 19:09:27,3,0.0795,0.07855358,66.98,BTC-30SEP22-40000-C,30670.31,buy,0.2,,,
603,212946647,2022-05-09 19:09:27,3,0.0795,0.07855358,66.98,BTC-30SEP22-40000-C,30670.31,buy,0.2,,,
604,212948889,2022-05-09 19:17:20,0,0.081,0.08020303,66.97,BTC-30SEP22-40000-C,30857.57,buy,0.1,,,
605,212962798,2022-05-09 19:52:57,0,0.082,0.07986146,68.54,BTC-30SEP22-40000-C,30538.81,buy,12.0,,,
606,212962799,2022-05-09 19:52:57,1,0.082,0.07986146,68.54,BTC-30SEP22-40000-C,30538.81,buy,8.6,,,
607,212962800,2022-05-09 19:52:57,1,0.082,0.07986146,68.54,BTC-30SEP22-40000-C,30538.81,sell,15.0,,,
608,212962801,2022-05-09 19:52:57,1,0.082,0.07986146,68.54,BTC-30SEP22-40000-C,30538.81,sell,0.8,,,
609,212962802,2022-05-09 19:52:57,1,0.082,0.07986146,68.54,BTC-30SEP22-40000-C,30538.81,sell,12.0,,,
610,212962803,2022-05-09 19:52:57,1,0.082,0.07986146,68.54,BTC-30SEP22-40000-C,30538.81,sell,15.0,,,
611,212962804,2022-05-09 19:52:57,1,0.082,0.07986146,68.54,BTC-30SEP22-40000-C,30538.81,sell,0.6,,,
612,212962805,2022-05-09 19:52:57,1,0.082,0.07986146,68.54,BTC-30SEP22-40000-C,30538.81,sell,0.4,,,
613,212962806,2022-05-09 19:52:57,1,0.082,0.07986146,68.54,BTC-30SEP22-40000-C,30538.81,sell,0.3,,,
614,212962807,2022-05-09 19:52:57,1,0.082,0.07986146,68.54,BTC-30SEP22-40000-C,30538.81,sell,0.3,,,
615,212962808,2022-05-09 19:52:57,1,0.082,0.07986146,68.54,BTC-30SEP22-40000-C,30538.81,sell,0.2,,,
616,212962809,2022-05-09 19:52:57,1,0.082,0.07986146,68.54,BTC-30SEP22-40000-C,30538.81,sell,0.1,,,
617,212962810,2022-05-09 19:52:57,1,0.082,0.07986146,68.54,BTC-30SEP22-40000-C,30538.81,sell,0.1,,,
618,212962811,2022-05-09 19:52:57,1,0.082,0.07986146,68.54,BTC-30SEP22-40000-C,30538.81,sell,0.1,,,
619,212962812,2022-05-09 19:52:57,1,0.082,0.07986146,68.54,BTC-30SEP22-40000-C,30538.81,sell,0.1,,,
620,212962837,2022-05-09 19:53:02,1,0.082,0.07992373,68.54,BTC-30SEP22-40000-C,30529.0,sell,12.0,,,
621,212962952,2022-05-09 19:53:09,1,0.082,0.07994402,68.65,BTC-30SEP22-40000-C,30510.16,sell,0.1,,,
622,212965356,2022-05-09 19:55:52,0,0.0845,0.08381293,68.41,BTC-30SEP22-40000-C,30840.02,buy,4.0,,,
623,212965571,2022-05-09 19:55:58,0,0.085,0.08442863,68.32,BTC-30SEP22-40000-C,30918.35,buy,0.1,,,
624,212965579,2022-05-09 19:55:59,1,0.085,0.08442863,68.31,BTC-30SEP22-40000-C,30942.17,buy,0.2,,,
625,212972200,2022-05-09 20:04:59,0,0.086,0.08636374,67.45,BTC-30SEP22-40000-C,31291.63,buy,2.9,,,
626,212972202,2022-05-09 20:04:59,1,0.086,0.08636374,67.45,BTC-30SEP22-40000-C,31291.63,buy,0.2,,,
627,212972203,2022-05-09 20:04:59,1,0.086,0.08636374,67.45,BTC-30SEP22-40000-C,31291.63,buy,0.1,,,
628,212992721,2022-05-09 20:45:45,2,0.082,0.08059347,67.89,BTC-30SEP22-40000-C,30690.14,sell,15.0,,,
629,212992723,2022-05-09 20:45:45,3,0.082,0.08059347,67.95,BTC-30SEP22-40000-C,30674.61,sell,7.3,,,
630,213021933,2022-05-09 22:57:04,0,0.084,0.0842125,67.07,BTC-30SEP22-40000-C,31147.4,buy,0.3,,,
631,213021995,2022-05-09 22:57:40,1,0.084,0.08396179,67.18,BTC-30SEP22-40000-C,31116.36,buy,0.2,,,
632,213022110,2022-05-09 22:58:07,1,0.084,0.08372682,67.29,BTC-30SEP22-40000-C,31091.74,buy,0.3,,,
633,213022270,2022-05-09 23:00:14,1,0.084,0.08395927,67.21,BTC-30SEP22-40000-C,31114.02,buy,0.2,,,
634,213022500,2022-05-09 23:01:27,1,0.084,0.0838035,67.28,BTC-30SEP22-40000-C,31083.6,buy,0.1,,,
635,213022501,2022-05-09 23:01:27,1,0.084,0.0838035,67.28,BTC-30SEP22-40000-C,31083.6,buy,0.1,,,
636,213022642,2022-05-09 23:02:22,0,0.0845,0.08410971,67.27,BTC-30SEP22-40000-C,31154.55,buy,0.3,,,
637,213076950,2022-05-10 01:05:16,0,0.086,0.0863246,68.11,BTC-30SEP22-40000-C,31140.87,buy,0.2,,,
638,213081309,2022-05-10 01:09:36,0,0.087,0.08732577,68.1,BTC-30SEP22-40000-C,31272.83,buy,2.6,,,
639,213081310,2022-05-10 01:09:36,1,0.087,0.08732577,68.1,BTC-30SEP22-40000-C,31272.83,buy,0.6,,,
640,213081319,2022-05-10 01:09:37,1,0.087,0.08732577,68.01,BTC-30SEP22-40000-C,31291.97,buy,0.8,,,
641,213102038,2022-05-10 02:57:05,2,0.0845,0.08451496,67.42,BTC-30SEP22-40000-C,31119.36,sell,2.7,,,
642,213124042,2022-05-10 05:15:06,0,0.0865,0.08595585,66.99,BTC-30SEP22-40000-C,31458.75,buy,0.1,,,
643,213128286,2022-05-10 05:38:20,1,0.0865,0.08675369,66.36,BTC-30SEP22-40000-C,31624.3,buy,0.4,,,
644,213128288,2022-05-10 05:38:20,1,0.0865,0.08675369,66.36,BTC-30SEP22-40000-C,31624.3,buy,0.3,,,
645,213128289,2022-05-10 05:38:20,1,0.0865,0.08677183,66.36,BTC-30SEP22-40000-C,31624.3,buy,0.3,,,
646,213128290,2022-05-10 05:38:21,1,0.0865,0.08677183,66.35,BTC-30SEP22-40000-C,31626.77,buy,0.3,,,
647,213128291,2022-05-10 05:38:21,1,0.0865,0.08677183,66.35,BTC-30SEP22-40000-C,31626.77,buy,0.2,,,
648,213128292,2022-05-10 05:38:21,1,0.0865,0.08677183,66.35,BTC-30SEP22-40000-C,31626.77,buy,0.1,,,
649,213128300,2022-05-10 05:38:23,1,0.0865,0.08679728,66.33,BTC-30SEP22-40000-C,31631.59,buy,0.1,,,
650,213128302,2022-05-10 05:38:23,1,0.0865,0.08679728,66.33,BTC-30SEP22-40000-C,31631.59,buy,0.1,,,
651,213128303,2022-05-10 05:38:23,1,0.0865,0.08679728,66.33,BTC-30SEP22-40000-C,31631.59,buy,0.1,,,
652,213128304,2022-05-10 05:38:23,1,0.0865,0.08679728,66.33,BTC-30SEP22-40000-C,31631.59,buy,0.2,,,
653,213128305,2022-05-10 05:38:23,1,0.0865,0.08679728,66.33,BTC-30SEP22-40000-C,31631.59,buy,0.1,,,
654,213128306,2022-05-10 05:38:23,1,0.0865,0.08679728,66.33,BTC-30SEP22-40000-C,31631.59,buy,0.1,,,
655,213128307,2022-05-10 05:38:23,1,0.0865,0.08679728,66.33,BTC-30SEP22-40000-C,31631.59,buy,0.1,,,
656,213128308,2022-05-10 05:38:23,1,0.0865,0.08679728,66.33,BTC-30SEP22-40000-C,31631.59,buy,0.1,,,
657,213128309,2022-05-10 05:38:23,1,0.0865,0.08679728,66.33,BTC-30SEP22-40000-C,31631.59,buy,0.1,,,
658,213128310,2022-05-10 05:38:23,1,0.0865,0.08679728,66.33,BTC-30SEP22-40000-C,31631.59,buy,0.2,,,
659,213128311,2022-05-10 05:38:23,1,0.0865,0.08679728,66.33,BTC-30SEP22-40000-C,31631.59,buy,0.1,,,
660,213128312,2022-05-10 05:38:23,1,0.0865,0.08679728,66.33,BTC-30SEP22-40000-C,31631.59,buy,0.2,,,
661,213128314,2022-05-10 05:38:23,1,0.0865,0.08679728,66.33,BTC-30SEP22-40000-C,31631.59,buy,0.2,,,
662,213128315,2022-05-10 05:38:23,1,0.0865,0.08680899,66.33,BTC-30SEP22-40000-C,31631.59,buy,0.1,,,
663,213128316,2022-05-10 05:38:23,1,0.0865,0.08680899,66.33,BTC-30SEP22-40000-C,31631.59,buy,0.1,,,
664,213128317,2022-05-10 05:38:24,1,0.0865,0.08680899,66.32,BTC-30SEP22-40000-C,31644.53,buy,0.1,,,
665,213128318,2022-05-10 05:38:24,1,0.0865,0.08680899,66.32,BTC-30SEP22-40000-C,31644.53,buy,0.2,,,
666,213128319,2022-05-10 05:38:24,1,0.0865,0.08680899,66.32,BTC-30SEP22-40000-C,31644.53,buy,0.1,,,
667,213128323,2022-05-10 05:38:27,1,0.0865,0.08690279,66.29,BTC-30SEP22-40000-C,31642.29,buy,0.1,,,
668,213128324,2022-05-10 05:38:27,1,0.0865,0.08690279,66.29,BTC-30SEP22-40000-C,31642.29,buy,0.1,,,
669,213128325,2022-05-10 05:38:27,1,0.0865,0.08690279,66.29,BTC-30SEP22-40000-C,31642.29,buy,0.1,,,
670,213128326,2022-05-10 05:38:27,1,0.0865,0.08690279,66.29,BTC-30SEP22-40000-C,31642.29,buy,0.1,,,
671,213128336,2022-05-10 05:38:29,1,0.0865,0.08691714,66.26,BTC-30SEP22-40000-C,31650.17,buy,0.1,,,
672,213128341,2022-05-10 05:38:30,1,0.0865,0.08696741,66.26,BTC-30SEP22-40000-C,31650.17,buy,0.1,,,
673,213128342,2022-05-10 05:38:30,1,0.0865,0.08696741,66.26,BTC-30SEP22-40000-C,31650.17,buy,0.2,,,
674,213128343,2022-05-10 05:38:30,1,0.0865,0.08696741,66.26,BTC-30SEP22-40000-C,31650.17,buy,0.1,,,
675,213128344,2022-05-10 05:38:30,1,0.0865,0.08696741,66.26,BTC-30SEP22-40000-C,31655.21,buy,0.2,,,
676,213128345,2022-05-10 05:38:30,1,0.0865,0.08696741,66.26,BTC-30SEP22-40000-C,31655.21,buy,0.1,,,
677,213128346,2022-05-10 05:38:30,1,0.0865,0.08696741,66.26,BTC-30SEP22-40000-C,31655.21,buy,0.1,,,
678,213128347,2022-05-10 05:38:30,1,0.0865,0.08696741,66.26,BTC-30SEP22-40000-C,31655.21,buy,0.2,,,
679,213128348,2022-05-10 05:38:30,1,0.0865,0.08696741,66.26,BTC-30SEP22-40000-C,31655.21,buy,0.1,,,
680,213128349,2022-05-10 05:38:30,1,0.0865,0.08696741,66.26,BTC-30SEP22-40000-C,31655.21,buy,0.1,,,
681,213128350,2022-05-10 05:38:30,1,0.0865,0.08696741,66.26,BTC-30SEP22-40000-C,31655.21,buy,0.1,,,
682,213128351,2022-05-10 05:38:30,1,0.0865,0.08696741,66.26,BTC-30SEP22-40000-C,31655.21,buy,0.2,,,
683,213128354,2022-05-10 05:38:30,1,0.0865,0.08696741,66.26,BTC-30SEP22-40000-C,31655.21,buy,0.1,,,
684,213128358,2022-05-10 05:38:30,1,0.0865,0.0870184,66.26,BTC-30SEP22-40000-C,31655.21,buy,0.1,,,
685,213128359,2022-05-10 05:38:30,1,0.0865,0.0870184,66.26,BTC-30SEP22-40000-C,31655.21,buy,0.1,,,
686,213128360,2022-05-10 05:38:30,1,0.0865,0.0870184,66.26,BTC-30SEP22-40000-C,31655.21,buy,0.1,,,
687,213128361,2022-05-10 05:38:30,1,0.0865,0.0870184,66.26,BTC-30SEP22-40000-C,31655.21,buy,0.2,,,
688,213128362,2022-05-10 05:38:31,1,0.0865,0.0870184,66.26,BTC-30SEP22-40000-C,31655.21,buy,0.1,,,
689,213128422,2022-05-10 05:38:54,1,0.0865,0.08699389,66.24,BTC-30SEP22-40000-C,31669.93,buy,0.1,,,
690,213128423,2022-05-10 05:38:54,1,0.0865,0.08699389,66.24,BTC-30SEP22-40000-C,31669.93,buy,0.1,,,
691,213128424,2022-05-10 05:38:54,1,0.0865,0.08699389,66.24,BTC-30SEP22-40000-C,31669.93,buy,0.1,,,
692,213128425,2022-05-10 05:38:54,1,0.0865,0.08699389,66.24,BTC-30SEP22-40000-C,31669.93,buy,0.1,,,
693,213128426,2022-05-10 05:38:54,1,0.0865,0.08703267,66.24,BTC-30SEP22-40000-C,31669.93,buy,0.2,,,
694,213128427,2022-05-10 05:38:55,1,0.0865,0.08703267,66.21,BTC-30SEP22-40000-C,31669.93,buy,0.1,,,
695,213128521,2022-05-10 05:39:42,1,0.0865,0.08690831,66.23,BTC-30SEP22-40000-C,31677.48,buy,0.1,,,
696,213128522,2022-05-10 05:39:42,1,0.0865,0.08690831,66.23,BTC-30SEP22-40000-C,31677.48,buy,0.1,,,
697,213128525,2022-05-10 05:39:46,1,0.0865,0.08701669,66.18,BTC-30SEP22-40000-C,31680.01,buy,0.1,,,
698,213128526,2022-05-10 05:39:46,1,0.0865,0.08701669,66.18,BTC-30SEP22-40000-C,31680.01,buy,0.1,,,
699,213129134,2022-05-10 05:44:13,1,0.0865,0.08640665,66.25,BTC-30SEP22-40000-C,31672.43,buy,0.2,,,
700,213129135,2022-05-10 05:44:13,1,0.0865,0.08640665,66.25,BTC-30SEP22-40000-C,31672.43,buy,0.2,,,
701,213129136,2022-05-10 05:44:13,1,0.0865,0.08640665,66.25,BTC-30SEP22-40000-C,31672.43,buy,0.1,,,
702,213129138,2022-05-10 05:44:13,1,0.0865,0.08642862,66.19,BTC-30SEP22-40000-C,31672.43,buy,0.1,,,
703,213129140,2022-05-10 05:44:13,1,0.0865,0.08642862,66.19,BTC-30SEP22-40000-C,31672.43,buy,0.1,,,
704,213129142,2022-05-10 05:44:13,1,0.0865,0.08642862,66.18,BTC-30SEP22-40000-C,31677.47,buy,0.1,,,
705,213129156,2022-05-10 05:44:19,1,0.0865,0.08673358,66.12,BTC-30SEP22-40000-C,31684.61,buy,0.1,,,
706,213129161,2022-05-10 05:44:19,1,0.0865,0.08673358,66.12,BTC-30SEP22-40000-C,31685.4,buy,0.5,,,
707,213129166,2022-05-10 05:44:19,1,0.0865,0.08673358,66.12,BTC-30SEP22-40000-C,31685.4,buy,0.2,,,
708,213129167,2022-05-10 05:44:19,1,0.0865,0.08673358,66.12,BTC-30SEP22-40000-C,31685.4,buy,0.1,,,
709,213129168,2022-05-10 05:44:20,1,0.0865,0.08673358,66.12,BTC-30SEP22-40000-C,31685.4,buy,0.1,,,
710,213129169,2022-05-10 05:44:20,1,0.0865,0.08673358,66.12,BTC-30SEP22-40000-C,31685.4,buy,0.1,,,
711,213129170,2022-05-10 05:44:20,1,0.0865,0.08673358,66.12,BTC-30SEP22-40000-C,31685.4,buy,0.1,,,
712,213129171,2022-05-10 05:44:20,1,0.0865,0.08673358,66.12,BTC-30SEP22-40000-C,31685.4,buy,0.3,,,
713,213129172,2022-05-10 05:44:20,1,0.0865,0.08673358,66.12,BTC-30SEP22-40000-C,31685.4,buy,0.2,,,
714,213129173,2022-05-10 05:44:20,1,0.0865,0.08673358,66.12,BTC-30SEP22-40000-C,31685.4,buy,0.1,,,
715,213129175,2022-05-10 05:44:20,1,0.0865,0.08673358,66.12,BTC-30SEP22-40000-C,31685.4,buy,0.1,,,
716,213129176,2022-05-10 05:44:20,1,0.0865,0.08673213,66.12,BTC-30SEP22-40000-C,31685.4,buy,0.2,,,
717,213129177,2022-05-10 05:44:20,1,0.0865,0.08673213,66.12,BTC-30SEP22-40000-C,31685.4,buy,0.1,,,
718,213129179,2022-05-10 05:44:20,1,0.0865,0.08673213,66.12,BTC-30SEP22-40000-C,31685.4,buy,0.1,,,
719,213129180,2022-05-10 05:44:20,1,0.0865,0.08673213,66.12,BTC-30SEP22-40000-C,31685.4,buy,0.2,,,
720,213129181,2022-05-10 05:44:21,1,0.0865,0.08674434,66.07,BTC-30SEP22-40000-C,31695.99,buy,0.1,,,
721,213129182,2022-05-10 05:44:21,1,0.0865,0.08674434,66.07,BTC-30SEP22-40000-C,31695.99,buy,0.1,,,
722,213129189,2022-05-10 05:44:25,1,0.0865,0.08680662,66.07,BTC-30SEP22-40000-C,31696.13,buy,0.1,,,
723,213129190,2022-05-10 05:44:25,1,0.0865,0.08678462,66.07,BTC-30SEP22-40000-C,31696.13,buy,0.1,,,
724,213129191,2022-05-10 05:44:26,1,0.0865,0.08683841,66.07,BTC-30SEP22-40000-C,31701.01,buy,0.1,,,
725,213129192,2022-05-10 05:44:27,1,0.0865,0.08687789,66.05,BTC-30SEP22-40000-C,31701.05,buy,0.1,,,
726,213129204,2022-05-10 05:44:28,1,0.0865,0.08687789,66.05,BTC-30SEP22-40000-C,31703.67,buy,0.1,,,
727,213129212,2022-05-10 05:44:29,1,0.0865,0.08687446,66.05,BTC-30SEP22-40000-C,31704.26,buy,0.1,,,
728,213129213,2022-05-10 05:44:29,1,0.0865,0.08687446,66.05,BTC-30SEP22-40000-C,31704.26,buy,0.1,,,
729,213129214,2022-05-10 05:44:29,1,0.0865,0.08687446,66.05,BTC-30SEP22-40000-C,31704.26,buy,0.1,,,
730,213129215,2022-05-10 05:44:29,1,0.0865,0.08687446,66.05,BTC-30SEP22-40000-C,31704.26,buy,0.2,,,
731,213129216,2022-05-10 05:44:29,1,0.0865,0.08687446,66.05,BTC-30SEP22-40000-C,31704.26,buy,0.1,,,
732,213129226,2022-05-10 05:44:30,1,0.0865,0.08689807,66.04,BTC-30SEP22-40000-C,31708.28,buy,0.2,,,
733,213129227,2022-05-10 05:44:30,1,0.0865,0.08689807,66.04,BTC-30SEP22-40000-C,31708.28,buy,0.1,,,
734,213129229,2022-05-10 05:44:30,1,0.0865,0.08689807,66.04,BTC-30SEP22-40000-C,31708.28,buy,0.1,,,
735,213129231,2022-05-10 05:44:30,1,0.0865,0.08689807,66.04,BTC-30SEP22-40000-C,31708.28,buy,0.1,,,
736,213129233,2022-05-10 05:44:30,1,0.0865,0.08689807,66.04,BTC-30SEP22-40000-C,31708.28,buy,0.1,,,
737,213129234,2022-05-10 05:44:30,1,0.0865,0.0868963,66.04,BTC-30SEP22-40000-C,31708.28,buy,0.2,,,
738,213129236,2022-05-10 05:44:30,1,0.0865,0.0868963,66.03,BTC-30SEP22-40000-C,31716.88,buy,0.1,,,
739,213129237,2022-05-10 05:44:30,1,0.0865,0.0868963,66.03,BTC-30SEP22-40000-C,31716.88,buy,0.1,,,
740,213129238,2022-05-10 05:44:30,1,0.0865,0.0868963,66.03,BTC-30SEP22-40000-C,31716.88,buy,0.1,,,
741,213129239,2022-05-10 05:44:30,1,0.0865,0.0868963,66.03,BTC-30SEP22-40000-C,31716.88,buy,0.1,,,
742,213129243,2022-05-10 05:44:31,1,0.0865,0.08700984,66.0,BTC-30SEP22-40000-C,31716.88,buy,0.1,,,
743,213129285,2022-05-10 05:44:35,1,0.0865,0.08701279,65.99,BTC-30SEP22-40000-C,31718.84,buy,0.1,,,
744,213129286,2022-05-10 05:44:35,1,0.0865,0.08701279,65.99,BTC-30SEP22-40000-C,31718.84,buy,0.1,,,
745,213129287,2022-05-10 05:44:35,1,0.0865,0.08701279,65.99,BTC-30SEP22-40000-C,31718.84,buy,0.2,,,
746,213129288,2022-05-10 05:44:35,1,0.0865,0.08701279,65.99,BTC-30SEP22-40000-C,31718.84,buy,0.1,,,
747,213129289,2022-05-10 05:44:36,1,0.0865,0.08701279,65.99,BTC-30SEP22-40000-C,31718.84,buy,0.1,,,
748,213129292,2022-05-10 05:44:36,1,0.0865,0.08701279,65.99,BTC-30SEP22-40000-C,31718.84,buy,2.5,,,
749,213129293,2022-05-10 05:44:36,1,0.0865,0.08701279,65.99,BTC-30SEP22-40000-C,31718.84,buy,0.2,,,
750,213129294,2022-05-10 05:44:36,1,0.0865,0.08701279,65.99,BTC-30SEP22-40000-C,31718.84,buy,0.1,,,
751,213129295,2022-05-10 05:44:36,1,0.0865,0.08701279,65.99,BTC-30SEP22-40000-C,31718.84,buy,0.1,,,
752,213129296,2022-05-10 05:44:36,1,0.0865,0.08701279,65.99,BTC-30SEP22-40000-C,31718.84,buy,0.1,,,
753,213129297,2022-05-10 05:44:36,1,0.0865,0.08700714,65.99,BTC-30SEP22-40000-C,31718.84,buy,0.1,,,
754,213129345,2022-05-10 05:44:43,1,0.0865,0.08693737,66.02,BTC-30SEP22-40000-C,31722.58,buy,2.7,,,
755,213144523,2022-05-10 06:36:06,0,0.0935,0.09291015,65.82,BTC-30SEP22-40000-C,32515.96,buy,1.0,,,
756,213160632,2022-05-10 07:57:58,2,0.083,0.08411774,64.52,BTC-30SEP22-40000-C,31712.55,sell,0.2,,,
757,213160633,2022-05-10 07:57:58,3,0.083,0.08411774,64.52,BTC-30SEP22-40000-C,31712.55,sell,0.1,,,
758,213160634,2022-05-10 07:57:58,3,0.083,0.08411774,64.52,BTC-30SEP22-40000-C,31712.55,sell,0.2,,,
759,213160635,2022-05-10 07:57:58,3,0.083,0.08411774,64.52,BTC-30SEP22-40000-C,31712.55,sell,0.1,,,
760,213160636,2022-05-10 07:57:58,3,0.083,0.08411774,64.52,BTC-30SEP22-40000-C,31712.55,sell,0.1,,,
761,213160637,2022-05-10 07:57:58,3,0.083,0.08411774,64.52,BTC-30SEP22-40000-C,31712.55,sell,0.1,,,
762,213160638,2022-05-10 07:57:58,3,0.083,0.08411774,64.52,BTC-30SEP22-40000-C,31712.55,sell,0.1,,,
763,213160639,2022-05-10 07:57:58,3,0.083,0.08411774,64.52,BTC-30SEP22-40000-C,31712.55,sell,0.1,,,
764,213160640,2022-05-10 07:57:58,3,0.083,0.08411774,64.52,BTC-30SEP22-40000-C,31712.55,sell,0.1,,,
765,213160641,2022-05-10 07:57:58,3,0.083,0.08411774,64.52,BTC-30SEP22-40000-C,31712.55,sell,0.1,,,
766,213160645,2022-05-10 07:57:59,3,0.083,0.08411774,64.52,BTC-30SEP22-40000-C,31706.83,sell,0.1,,,
767,213160646,2022-05-10 07:57:59,3,0.083,0.08411774,64.52,BTC-30SEP22-40000-C,31706.83,sell,0.1,,,
768,213162317,2022-05-10 08:04:40,2,0.0815,0.08242216,64.42,BTC-30SEP22-40000-C,31572.07,sell,0.2,,,
769,213162318,2022-05-10 08:04:40,3,0.0815,0.08242216,64.42,BTC-30SEP22-40000-C,31572.07,sell,0.1,,,
770,213162319,2022-05-10 08:04:40,3,0.0815,0.08242216,64.42,BTC-30SEP22-40000-C,31572.07,sell,0.1,,,
771,213184398,2022-05-10 10:38:10,2,0.081,0.07959299,64.99,BTC-30SEP22-40000-C,31407.34,buy,3.1,,,
772,213184399,2022-05-10 10:38:10,3,0.081,0.07959299,64.99,BTC-30SEP22-40000-C,31407.34,buy,6.9,,,
773,213185675,2022-05-10 10:53:09,2,0.0795,0.08043965,64.21,BTC-30SEP22-40000-C,31431.01,sell,1.0,,,
774,213194249,2022-05-10 12:22:06,0,0.08,0.0813803,63.25,BTC-30SEP22-40000-C,31737.72,sell,12.0,,,
775,213194250,2022-05-10 12:22:06,1,0.08,0.0813803,63.25,BTC-30SEP22-40000-C,31737.72,sell,11.4,,,
776,213194251,2022-05-10 12:22:06,1,0.08,0.0813803,63.25,BTC-30SEP22-40000-C,31737.72,sell,1.6,,,
777,213196199,2022-05-10 12:37:34,0,0.081,0.08139702,63.25,BTC-30SEP22-40000-C,31857.23,buy,2.9,,,
778,213196222,2022-05-10 12:37:34,1,0.081,0.08153036,63.24,BTC-30SEP22-40000-C,31872.56,buy,2.0,,,
779,213196223,2022-05-10 12:37:35,1,0.081,0.08153036,63.18,BTC-30SEP22-40000-C,31890.57,buy,0.1,,,
780,213228481,2022-05-10 14:50:54,2,0.0725,0.07193058,63.38,BTC-30SEP22-40000-C,30871.14,sell,0.1,,,
781,213228527,2022-05-10 14:50:55,3,0.0725,0.07191737,63.41,BTC-30SEP22-40000-C,30857.27,buy,0.1,,,
782,213228913,2022-05-10 14:51:33,0,0.0735,0.07268356,63.51,BTC-30SEP22-40000-C,30952.02,sell,0.1,,,
783,213229250,2022-05-10 14:52:26,1,0.0735,0.07303604,63.39,BTC-30SEP22-40000-C,30971.02,sell,0.1,,,
784,213229254,2022-05-10 14:52:26,1,0.0735,0.07303604,63.39,BTC-30SEP22-40000-C,30971.02,sell,0.1,,,
785,213229256,2022-05-10 14:52:26,1,0.0735,0.07303604,63.39,BTC-30SEP22-40000-C,30971.02,sell,0.1,,,
786,213229260,2022-05-10 14:52:27,1,0.0735,0.07303604,63.47,BTC-30SEP22-40000-C,30959.64,sell,0.1,,,
787,213247576,2022-05-10 16:08:30,0,0.0775,0.07611133,63.91,BTC-30SEP22-40000-C,31320.24,buy,100.0,,38782,
788,213247578,2022-05-10 16:08:30,2,0.0771,0.07611133,63.73,BTC-30SEP22-40000-C,31320.24,buy,100.0,,38783,
789,213248266,2022-05-10 16:10:49,2,0.0762,0.07420919,64.2,BTC-30SEP22-40000-C,31098.16,buy,100.0,,38784,
790,213248797,2022-05-10 16:12:18,0,0.0763,0.07544602,63.72,BTC-30SEP22-40000-C,31232.67,buy,100.0,,38785,
791,213249199,2022-05-10 16:13:13,0,0.077,0.07598447,63.84,BTC-30SEP22-40000-C,31285.49,buy,0.1,,,
792,213259259,2022-05-10 17:17:03,2,0.0747,0.07688451,62.86,BTC-30SEP22-40000-C,31276.08,sell,12.5,,38794,
793,213262858,2022-05-10 17:36:36,3,0.0747,0.08030272,61.24,BTC-30SEP22-40000-C,31721.64,sell,25.0,,38795,
794,213263861,2022-05-10 17:41:59,3,0.0747,0.08061267,61.06,BTC-30SEP22-40000-C,31759.94,sell,62.5,,38796,
795,213287074,2022-05-10 21:15:02,0,0.0753,0.07563136,64.33,BTC-30SEP22-40000-C,30980.84,sell,25.0,,38801,
796,213292334,2022-05-10 21:52:03,2,0.0735,0.07260831,65.66,BTC-30SEP22-40000-C,30404.54,sell,0.5,,,
797,213292433,2022-05-10 21:52:58,3,0.0735,0.07249501,65.74,BTC-30SEP22-40000-C,30393.45,sell,0.4,,,
798,213300467,2022-05-10 22:16:01,0,0.075,0.07465341,65.71,BTC-30SEP22-40000-C,30567.89,sell,3.6,,,
799,213300906,2022-05-10 22:19:57,0,0.077,0.07646973,65.98,BTC-30SEP22-40000-C,30761.4,buy,4.1,,,
800,213304285,2022-05-10 22:45:19,2,0.0755,0.07562726,66.08,BTC-30SEP22-40000-C,30540.8,buy,3.8,,,
801,213304472,2022-05-10 22:47:27,0,0.076,0.07586429,66.17,BTC-30SEP22-40000-C,30587.25,buy,3.7,,,
802,213305407,2022-05-10 22:54:44,0,0.0775,0.07747438,66.08,BTC-30SEP22-40000-C,30770.06,buy,4.0,,,
803,213305714,2022-05-10 22:56:45,0,0.078,0.07759597,66.2,BTC-30SEP22-40000-C,30796.06,buy,4.2,,,
804,213305715,2022-05-10 22:56:45,1,0.078,0.07759597,66.2,BTC-30SEP22-40000-C,30796.06,buy,3.6,,,
805,213322653,2022-05-11 01:12:16,2,0.0774,0.07773449,65.34,BTC-30SEP22-40000-C,30954.46,sell,25.0,,38819,
806,213333884,2022-05-11 03:02:38,0,0.0815,0.08152348,64.55,BTC-30SEP22-40000-C,31618.89,sell,0.1,,,
807,213333885,2022-05-11 03:02:38,1,0.0815,0.08148946,64.55,BTC-30SEP22-40000-C,31618.89,sell,0.2,,,
808,213333886,2022-05-11 03:02:38,1,0.0815,0.08148946,64.55,BTC-30SEP22-40000-C,31618.89,sell,0.1,,,
809,213375717,2022-05-11 07:40:23,2,0.0735,0.07360034,65.97,BTC-30SEP22-40000-C,30329.35,sell,2.4,,,
810,213375718,2022-05-11 07:40:23,3,0.0735,0.07360034,65.97,BTC-30SEP22-40000-C,30329.35,buy,6.9,,,
811,213430494,2022-05-11 11:48:41,0,0.0835,0.083764,65.69,BTC-30SEP22-40000-C,31542.21,sell,2.5,,,
812,213455264,2022-05-11 12:42:11,2,0.0745,0.07251775,67.35,BTC-30SEP22-40000-C,30095.58,buy,0.1,,,
813,213455266,2022-05-11 12:42:11,3,0.0745,0.07251775,67.35,BTC-30SEP22-40000-C,30095.58,buy,0.1,,,
814,213455283,2022-05-11 12:42:12,3,0.0745,0.07251775,67.35,BTC-30SEP22-40000-C,30095.58,buy,0.1,,,
815,213455284,2022-05-11 12:42:12,3,0.0745,0.07251775,67.35,BTC-30SEP22-40000-C,30095.58,buy,0.1,,,
816,213472523,2022-05-11 12:52:52,2,0.0715,0.07001308,68.49,BTC-30SEP22-40000-C,29436.27,sell,1.7,,,
817,213476122,2022-05-11 12:54:24,2,0.071,0.07197202,67.53,BTC-30SEP22-40000-C,29638.3,buy,6.0,,,
818,213481294,2022-05-11 12:57:25,0,0.0725,0.06789239,70.27,BTC-30SEP22-40000-C,29105.77,buy,0.1,,,
819,213489827,2022-05-11 13:04:30,2,0.0715,0.07127981,68.88,BTC-30SEP22-40000-C,29368.88,sell,3.4,,,
820,213491950,2022-05-11 13:06:36,0,0.073,0.07278039,68.97,BTC-30SEP22-40000-C,29521.04,sell,0.5,,,
821,213503613,2022-05-11 13:21:41,0,0.0785,0.07926015,69.52,BTC-30SEP22-40000-C,30012.03,sell,0.1,,,
822,213503685,2022-05-11 13:21:44,1,0.0785,0.0794319,69.53,BTC-30SEP22-40000-C,30023.91,sell,0.4,,,
823,213506135,2022-05-11 13:24:06,2,0.0775,0.07735236,69.8,BTC-30SEP22-40000-C,29844.16,buy,0.1,,,
824,213506140,2022-05-11 13:24:07,3,0.0775,0.07736546,69.74,BTC-30SEP22-40000-C,29859.64,buy,0.2,,,
825,213506141,2022-05-11 13:24:07,3,0.0775,0.07736546,69.74,BTC-30SEP22-40000-C,29859.64,buy,0.1,,,
826,213517897,2022-05-11 13:40:55,2,0.0765,0.07530052,69.98,BTC-30SEP22-40000-C,29654.28,buy,0.1,,,
827,213524728,2022-05-11 13:45:37,0,0.081,0.08149443,68.88,BTC-30SEP22-40000-C,30457.28,buy,0.1,,,
828,213524732,2022-05-11 13:45:37,1,0.081,0.08149443,68.88,BTC-30SEP22-40000-C,30457.28,buy,0.1,,,
829,213524737,2022-05-11 13:45:37,1,0.081,0.08149443,68.88,BTC-30SEP22-40000-C,30457.28,buy,0.1,,,
830,213524738,2022-05-11 13:45:37,1,0.081,0.08149443,68.88,BTC-30SEP22-40000-C,30457.28,buy,0.1,,,
831,213524739,2022-05-11 13:45:37,1,0.081,0.08149443,68.88,BTC-30SEP22-40000-C,30457.28,buy,0.1,,,
832,213525076,2022-05-11 13:45:44,0,0.082,0.08238192,69.03,BTC-30SEP22-40000-C,30563.58,buy,0.1,,,
833,213525134,2022-05-11 13:45:44,1,0.082,0.08238108,68.92,BTC-30SEP22-40000-C,30608.08,buy,0.1,,,
834,213525142,2022-05-11 13:45:44,1,0.082,0.08238108,68.92,BTC-30SEP22-40000-C,30608.08,buy,0.6,,,
835,213525144,2022-05-11 13:45:44,1,0.082,0.08238108,68.92,BTC-30SEP22-40000-C,30608.08,buy,0.1,,,
836,213525149,2022-05-11 13:45:44,1,0.082,0.08238108,68.92,BTC-30SEP22-40000-C,30608.08,buy,0.4,,,
837,213525150,2022-05-11 13:45:44,1,0.082,0.08238108,68.92,BTC-30SEP22-40000-C,30608.08,buy,0.1,,,
838,213536913,2022-05-11 13:51:37,0,0.087,0.08734318,68.57,BTC-30SEP22-40000-C,31200.94,sell,0.4,,,
839,213540781,2022-05-11 13:54:58,1,0.087,0.08638898,68.79,BTC-30SEP22-40000-C,31112.54,buy,0.2,,,
840,213540782,2022-05-11 13:54:58,1,0.087,0.08638898,68.79,BTC-30SEP22-40000-C,31112.54,buy,0.1,,,
841,213540783,2022-05-11 13:54:58,1,0.087,0.08638898,68.77,BTC-30SEP22-40000-C,31164.49,buy,0.1,,,
842,213540784,2022-05-11 13:54:58,1,0.087,0.08638898,68.77,BTC-30SEP22-40000-C,31164.49,buy,0.1,,,
843,213540786,2022-05-11 13:54:58,1,0.087,0.08638898,68.77,BTC-30SEP22-40000-C,31164.49,buy,0.2,,,
844,213587748,2022-05-11 15:21:40,1,0.087,0.08632365,68.02,BTC-30SEP22-40000-C,31319.15,buy,0.1,,,
845,213587812,2022-05-11 15:21:58,1,0.087,0.0866691,67.85,BTC-30SEP22-40000-C,31359.13,buy,0.1,,,
846,213590671,2022-05-11 15:31:50,2,0.085,0.08500358,67.57,BTC-30SEP22-40000-C,31209.25,sell,2.8,,,
847,213590672,2022-05-11 15:31:50,3,0.085,0.08500358,67.57,BTC-30SEP22-40000-C,31209.25,sell,0.6,,,
848,213590673,2022-05-11 15:31:50,3,0.085,0.08500358,67.57,BTC-30SEP22-40000-C,31209.25,sell,0.4,,,
849,213590674,2022-05-11 15:31:50,3,0.085,0.08500358,67.57,BTC-30SEP22-40000-C,31209.25,sell,2.5,,,
850,213590675,2022-05-11 15:31:50,3,0.085,0.08500358,67.57,BTC-30SEP22-40000-C,31209.25,sell,0.3,,,
851,213590676,2022-05-11 15:31:50,3,0.085,0.08500358,67.57,BTC-30SEP22-40000-C,31209.25,sell,0.3,,,
852,213590677,2022-05-11 15:31:50,3,0.085,0.08500358,67.57,BTC-30SEP22-40000-C,31209.25,sell,0.2,,,
853,213590678,2022-05-11 15:31:50,3,0.085,0.08500358,67.57,BTC-30SEP22-40000-C,31209.25,sell,0.1,,,
854,213590685,2022-05-11 15:31:54,3,0.085,0.08503469,67.56,BTC-30SEP22-40000-C,31215.03,sell,0.1,,,
855,213590686,2022-05-11 15:31:54,3,0.085,0.08503469,67.56,BTC-30SEP22-40000-C,31215.03,sell,0.2,,,
856,213590687,2022-05-11 15:31:54,3,0.085,0.08503743,67.56,BTC-30SEP22-40000-C,31215.03,sell,0.1,,,
857,213590688,2022-05-11 15:31:54,3,0.085,0.08503743,67.56,BTC-30SEP22-40000-C,31215.03,sell,0.1,,,
858,213590689,2022-05-11 15:31:54,3,0.085,0.08503743,67.56,BTC-30SEP22-40000-C,31215.03,sell,2.4,,,
859,213590690,2022-05-11 15:31:54,3,0.085,0.08503743,67.56,BTC-30SEP22-40000-C,31215.03,sell,0.1,,,
860,213590691,2022-05-11 15:31:54,3,0.085,0.08503743,67.56,BTC-30SEP22-40000-C,31215.03,sell,0.1,,,
861,213590692,2022-05-11 15:31:54,3,0.085,0.08503743,67.56,BTC-30SEP22-40000-C,31215.03,sell,0.1,,,
862,213590693,2022-05-11 15:31:55,3,0.085,0.08503743,67.56,BTC-30SEP22-40000-C,31215.03,sell,0.1,,,
863,213590694,2022-05-11 15:31:55,3,0.085,0.08503743,67.56,BTC-30SEP22-40000-C,31215.03,sell,0.1,,,
864,213590695,2022-05-11 15:31:55,3,0.085,0.08503743,67.56,BTC-30SEP22-40000-C,31215.03,sell,0.1,,,
865,213590696,2022-05-11 15:31:55,3,0.085,0.08503743,67.56,BTC-30SEP22-40000-C,31215.03,sell,0.1,,,
866,213590703,2022-05-11 15:31:58,3,0.085,0.08510748,67.53,BTC-30SEP22-40000-C,31219.85,sell,0.1,,,
867,213590704,2022-05-11 15:31:58,3,0.085,0.08510748,67.53,BTC-30SEP22-40000-C,31219.85,sell,0.1,,,
868,213590705,2022-05-11 15:31:58,3,0.085,0.08510521,67.53,BTC-30SEP22-40000-C,31219.85,sell,0.1,,,
869,213590706,2022-05-11 15:31:58,3,0.085,0.08510521,67.53,BTC-30SEP22-40000-C,31219.85,sell,0.1,,,
870,213590707,2022-05-11 15:31:58,3,0.085,0.08510521,67.53,BTC-30SEP22-40000-C,31219.85,sell,0.1,,,
871,213590708,2022-05-11 15:31:58,3,0.085,0.08510521,67.53,BTC-30SEP22-40000-C,31219.85,sell,0.1,,,
872,213590718,2022-05-11 15:32:06,3,0.085,0.08497392,67.59,BTC-30SEP22-40000-C,31205.76,sell,2.4,,,
873,213590719,2022-05-11 15:32:06,3,0.085,0.08497392,67.59,BTC-30SEP22-40000-C,31205.76,sell,0.1,,,
874,213590720,2022-05-11 15:32:06,3,0.085,0.08497392,67.59,BTC-30SEP22-40000-C,31205.76,sell,0.1,,,
875,213590722,2022-05-11 15:32:06,3,0.085,0.08497145,67.59,BTC-30SEP22-40000-C,31205.76,sell,0.1,,,
876,213590723,2022-05-11 15:32:06,3,0.085,0.08497145,67.59,BTC-30SEP22-40000-C,31205.76,sell,0.1,,,
877,213600654,2022-05-11 16:07:41,2,0.0815,0.08191053,67.27,BTC-30SEP22-40000-C,30924.15,buy,0.9,,,
878,213600655,2022-05-11 16:07:41,3,0.0815,0.08191053,67.27,BTC-30SEP22-40000-C,30924.15,buy,0.1,,,
879,213600656,2022-05-11 16:07:41,3,0.0815,0.08191053,67.27,BTC-30SEP22-40000-C,30924.15,buy,0.7,,,
880,213600657,2022-05-11 16:07:41,3,0.0815,0.08191053,67.27,BTC-30SEP22-40000-C,30924.15,buy,0.3,,,
881,213600790,2022-05-11 16:08:39,3,0.0815,0.08172861,67.35,BTC-30SEP22-40000-C,30895.68,buy,0.1,,,
882,213602946,2022-05-11 16:12:25,2,0.0805,0.07983132,67.81,BTC-30SEP22-40000-C,30671.59,buy,0.1,,,
883,213602948,2022-05-11 16:12:26,3,0.0805,0.07992253,67.76,BTC-30SEP22-40000-C,30679.68,buy,0.1,,,
884,213602951,2022-05-11 16:12:27,3,0.0805,0.07992253,67.76,BTC-30SEP22-40000-C,30679.68,buy,0.1,,,
885,213602952,2022-05-11 16:12:27,3,0.0805,0.07992253,67.76,BTC-30SEP22-40000-C,30679.68,buy,0.3,,,
886,213602953,2022-05-11 16:12:27,3,0.0805,0.07992253,67.76,BTC-30SEP22-40000-C,30679.68,buy,0.1,,,
887,213602954,2022-05-11 16:12:27,3,0.0805,0.07992253,67.76,BTC-30SEP22-40000-C,30679.68,buy,0.1,,,
888,213602955,2022-05-11 16:12:27,3,0.0805,0.07992253,67.76,BTC-30SEP22-40000-C,30679.68,buy,0.1,,,
889,213602956,2022-05-11 16:12:27,3,0.0805,0.07992253,67.76,BTC-30SEP22-40000-C,30679.68,buy,0.2,,,
890,213602957,2022-05-11 16:12:27,3,0.0805,0.07992253,67.76,BTC-30SEP22-40000-C,30679.68,buy,0.1,,,
891,213602958,2022-05-11 16:12:27,3,0.0805,0.07992253,67.76,BTC-30SEP22-40000-C,30679.68,buy,0.1,,,
892,213602969,2022-05-11 16:12:27,3,0.0805,0.08000078,67.76,BTC-30SEP22-40000-C,30689.49,buy,0.2,,,
893,213602972,2022-05-11 16:12:27,3,0.0805,0.08000078,67.76,BTC-30SEP22-40000-C,30689.49,buy,0.2,,,
894,213602975,2022-05-11 16:12:27,3,0.0805,0.08000078,67.76,BTC-30SEP22-40000-C,30689.49,buy,0.1,,,
895,213602976,2022-05-11 16:12:27,3,0.0805,0.08000078,67.76,BTC-30SEP22-40000-C,30689.49,buy,0.1,,,
896,213602977,2022-05-11 16:12:27,3,0.0805,0.08000078,67.76,BTC-30SEP22-40000-C,30689.49,buy,0.1,,,
897,213605663,2022-05-11 16:21:10,0,0.0815,0.08131969,67.74,BTC-30SEP22-40000-C,30786.38,buy,0.1,,,
898,213605674,2022-05-11 16:21:10,1,0.0815,0.08131969,67.74,BTC-30SEP22-40000-C,30786.38,buy,0.1,,,
899,213605675,2022-05-11 16:21:10,1,0.0815,0.08131969,67.74,BTC-30SEP22-40000-C,30786.38,buy,0.3,,,
900,213606238,2022-05-11 16:23:45,1,0.0815,0.08150358,67.69,BTC-30SEP22-40000-C,30816.35,buy,0.1,,,
901,213606239,2022-05-11 16:23:46,1,0.0815,0.08150358,67.69,BTC-30SEP22-40000-C,30816.35,buy,0.1,,,
902,213606240,2022-05-11 16:23:46,1,0.0815,0.08150358,67.69,BTC-30SEP22-40000-C,30816.35,buy,0.1,,,
903,213606241,2022-05-11 16:23:46,1,0.0815,0.08150358,67.69,BTC-30SEP22-40000-C,30816.35,buy,0.1,,,
904,213606242,2022-05-11 16:23:46,1,0.0815,0.08150358,67.67,BTC-30SEP22-40000-C,30816.35,buy,0.1,,,
905,213606243,2022-05-11 16:23:46,1,0.0815,0.08155822,67.67,BTC-30SEP22-40000-C,30834.65,buy,0.2,,,
906,213606249,2022-05-11 16:23:46,1,0.0815,0.08155822,67.67,BTC-30SEP22-40000-C,30834.65,buy,0.2,,,
907,213606250,2022-05-11 16:23:46,1,0.0815,0.08155822,67.67,BTC-30SEP22-40000-C,30834.65,buy,0.2,,,
908,213606251,2022-05-11 16:23:46,1,0.0815,0.08155822,67.67,BTC-30SEP22-40000-C,30834.65,buy,0.2,,,
909,213606253,2022-05-11 16:23:46,1,0.0815,0.08155822,67.67,BTC-30SEP22-40000-C,30834.65,buy,0.1,,,
910,213629020,2022-05-11 17:39:14,2,0.075,0.0742979,69.36,BTC-30SEP22-40000-C,29664.8,buy,5.0,,,
911,213629379,2022-05-11 17:40:33,3,0.075,0.07386546,69.59,BTC-30SEP22-40000-C,29606.26,buy,0.1,,,
912,213629384,2022-05-11 17:40:34,3,0.075,0.07388818,69.51,BTC-30SEP22-40000-C,29617.66,buy,0.2,,,
913,213629385,2022-05-11 17:40:34,3,0.075,0.07388818,69.51,BTC-30SEP22-40000-C,29617.66,buy,0.1,,,
914,213629386,2022-05-11 17:40:34,3,0.075,0.07388818,69.51,BTC-30SEP22-40000-C,29617.66,buy,0.4,,,
915,213629392,2022-05-11 17:40:35,3,0.075,0.07407944,69.51,BTC-30SEP22-40000-C,29619.33,buy,0.1,,,
916,213629396,2022-05-11 17:40:35,3,0.075,0.07407944,69.51,BTC-30SEP22-40000-C,29619.33,buy,0.1,,,
917,213629397,2022-05-11 17:40:35,3,0.075,0.07407944,69.51,BTC-30SEP22-40000-C,29619.33,buy,0.1,,,
918,213629398,2022-05-11 17:40:36,3,0.075,0.07407944,69.5,BTC-30SEP22-40000-C,29620.74,buy,0.1,,,
919,213629399,2022-05-11 17:40:36,3,0.075,0.07407944,69.5,BTC-30SEP22-40000-C,29620.74,buy,0.1,,,
920,213629400,2022-05-11 17:40:36,3,0.075,0.07407944,69.5,BTC-30SEP22-40000-C,29620.74,buy,0.2,,,
921,213629402,2022-05-11 17:40:36,3,0.075,0.07407944,69.5,BTC-30SEP22-40000-C,29620.74,buy,2.7,,,
922,213629404,2022-05-11 17:40:36,3,0.075,0.07407944,69.5,BTC-30SEP22-40000-C,29620.74,buy,0.3,,,
923,213629408,2022-05-11 17:40:36,3,0.075,0.07407944,69.5,BTC-30SEP22-40000-C,29620.74,buy,0.3,,,
924,213629410,2022-05-11 17:40:36,3,0.075,0.07407944,69.5,BTC-30SEP22-40000-C,29620.74,buy,0.1,,,
925,213629411,2022-05-11 17:40:36,3,0.075,0.07410635,69.5,BTC-30SEP22-40000-C,29620.74,buy,0.1,,,
926,213629460,2022-05-11 17:40:45,0,0.0755,0.07455135,69.53,BTC-30SEP22-40000-C,29678.58,buy,0.1,,,
927,213629461,2022-05-11 17:40:45,1,0.0755,0.07455135,69.53,BTC-30SEP22-40000-C,29678.58,buy,0.1,,,
928,213629462,2022-05-11 17:40:45,1,0.0755,0.07455135,69.53,BTC-30SEP22-40000-C,29678.58,buy,0.1,,,
929,213629463,2022-05-11 17:40:45,1,0.0755,0.07455135,69.53,BTC-30SEP22-40000-C,29678.58,buy,0.1,,,
930,213629464,2022-05-11 17:40:45,1,0.0755,0.07455135,69.53,BTC-30SEP22-40000-C,29678.58,buy,0.1,,,
931,213629465,2022-05-11 17:40:45,1,0.0755,0.07455135,69.53,BTC-30SEP22-40000-C,29678.58,buy,0.2,,,
932,213629466,2022-05-11 17:40:45,1,0.0755,0.07456544,69.53,BTC-30SEP22-40000-C,29678.58,buy,0.1,,,
933,213629467,2022-05-11 17:40:45,1,0.0755,0.07456544,69.53,BTC-30SEP22-40000-C,29678.58,buy,0.1,,,
934,213629470,2022-05-11 17:40:46,1,0.0755,0.07456544,69.44,BTC-30SEP22-40000-C,29689.38,buy,0.1,,,
935,213629471,2022-05-11 17:40:46,1,0.0755,0.07456544,69.44,BTC-30SEP22-40000-C,29689.38,buy,0.1,,,
936,213629472,2022-05-11 17:40:46,1,0.0755,0.07456544,69.44,BTC-30SEP22-40000-C,29689.38,buy,0.1,,,
937,213629473,2022-05-11 17:40:46,1,0.0755,0.07456544,69.44,BTC-30SEP22-40000-C,29689.38,buy,0.2,,,
938,213629475,2022-05-11 17:40:46,1,0.0755,0.07456544,69.44,BTC-30SEP22-40000-C,29689.38,buy,0.2,,,
939,213629476,2022-05-11 17:40:46,1,0.0755,0.07456544,69.44,BTC-30SEP22-40000-C,29689.38,buy,0.1,,,
940,213629480,2022-05-11 17:40:46,1,0.0755,0.07456544,69.44,BTC-30SEP22-40000-C,29689.38,buy,0.1,,,
941,213629481,2022-05-11 17:40:46,1,0.0755,0.07476001,69.44,BTC-30SEP22-40000-C,29689.38,buy,0.1,,,
942,213629482,2022-05-11 17:40:46,1,0.0755,0.07476001,69.44,BTC-30SEP22-40000-C,29689.38,buy,0.2,,,
943,213629483,2022-05-11 17:40:46,1,0.0755,0.07476001,69.44,BTC-30SEP22-40000-C,29689.38,buy,0.1,,,
944,213629484,2022-05-11 17:40:47,1,0.0755,0.07476001,69.44,BTC-30SEP22-40000-C,29693.61,buy,0.1,,,
945,213629494,2022-05-11 17:40:47,1,0.0755,0.07476001,69.44,BTC-30SEP22-40000-C,29693.61,buy,0.1,,,
946,213629503,2022-05-11 17:40:47,1,0.0755,0.07476001,69.44,BTC-30SEP22-40000-C,29693.61,buy,0.1,,,
947,213629930,2022-05-11 17:41:41,1,0.0755,0.07439577,69.79,BTC-30SEP22-40000-C,29599.42,buy,2.5,,,
948,213630088,2022-05-11 17:41:49,1,0.0755,0.07441994,69.86,BTC-30SEP22-40000-C,29575.81,sell,2.5,,,
949,213631927,2022-05-11 17:46:31,2,0.075,0.07390715,70.28,BTC-30SEP22-40000-C,29410.26,sell,1.1,,,
950,213631928,2022-05-11 17:46:31,3,0.075,0.07390715,70.28,BTC-30SEP22-40000-C,29410.26,sell,0.7,,,
951,213631929,2022-05-11 17:46:31,3,0.075,0.07390715,70.28,BTC-30SEP22-40000-C,29410.26,sell,0.5,,,
952,213631930,2022-05-11 17:46:31,3,0.075,0.07390715,70.28,BTC-30SEP22-40000-C,29410.26,sell,0.4,,,
953,213631931,2022-05-11 17:46:31,3,0.075,0.07390715,70.28,BTC-30SEP22-40000-C,29410.26,sell,0.3,,,
954,213631932,2022-05-11 17:46:31,3,0.075,0.07390715,70.28,BTC-30SEP22-40000-C,29410.26,sell,0.2,,,
955,213631949,2022-05-11 17:46:31,3,0.075,0.07390715,70.28,BTC-30SEP22-40000-C,29402.4,sell,1.8,,,
956,213635264,2022-05-11 17:51:13,0,0.082,0.08126372,70.33,BTC-30SEP22-40000-C,30189.01,buy,0.2,,,
957,213635265,2022-05-11 17:51:13,1,0.082,0.08126372,70.33,BTC-30SEP22-40000-C,30189.01,buy,0.1,,,
958,213635270,2022-05-11 17:51:13,1,0.082,0.08126372,70.33,BTC-30SEP22-40000-C,30232.08,buy,0.2,,,
959,213635275,2022-05-11 17:51:13,1,0.082,0.08127151,70.33,BTC-30SEP22-40000-C,30232.08,buy,0.4,,,
960,213635296,2022-05-11 17:51:13,1,0.082,0.08127151,70.33,BTC-30SEP22-40000-C,30232.08,buy,0.3,,,
961,213645787,2022-05-11 18:20:07,1,0.082,0.08155098,71.3,BTC-30SEP22-40000-C,29981.7,buy,0.8,,,
962,213681963,2022-05-11 20:15:22,1,0.082,0.08037602,75.2,BTC-30SEP22-40000-C,28965.56,buy,0.1,,,
963,213681975,2022-05-11 20:15:23,1,0.082,0.08037602,75.2,BTC-30SEP22-40000-C,28965.56,buy,0.7,,,
964,213681977,2022-05-11 20:15:23,1,0.082,0.08037602,75.2,BTC-30SEP22-40000-C,28965.56,buy,0.6,,,
965,213681979,2022-05-11 20:15:23,1,0.082,0.08037602,75.2,BTC-30SEP22-40000-C,28965.56,buy,0.1,,,
966,213684468,2022-05-11 20:19:02,2,0.0813,0.08190814,74.2,BTC-30SEP22-40000-C,29103.85,sell,15.0,,38933,
967,213686246,2022-05-11 20:24:01,2,0.0812,0.08197843,74.2,BTC-30SEP22-40000-C,29088.68,sell,15.0,,38936,
968,213687353,2022-05-11 20:27:54,2,0.0809,0.0820954,74.11,BTC-30SEP22-40000-C,29069.14,sell,30.0,,38937,
969,213691786,2022-05-11 20:43:35,0,0.0835,0.08226571,75.08,BTC-30SEP22-40000-C,29123.82,buy,1.0,,,
970,213694187,2022-05-11 20:54:13,2,0.08,0.07996908,74.57,BTC-30SEP22-40000-C,28869.25,buy,0.1,,,
971,213694191,2022-05-11 20:54:14,3,0.08,0.07997109,74.57,BTC-30SEP22-40000-C,28869.25,buy,0.3,,,
972,213694194,2022-05-11 20:54:14,3,0.08,0.07997109,74.57,BTC-30SEP22-40000-C,28869.25,buy,0.4,,,
973,213694195,2022-05-11 20:54:14,3,0.08,0.07997109,74.57,BTC-30SEP22-40000-C,28869.25,buy,0.1,,,
974,213694196,2022-05-11 20:54:14,3,0.08,0.07997109,74.57,BTC-30SEP22-40000-C,28869.25,buy,0.1,,,
975,213701920,2022-05-11 20:56:27,2,0.0755,0.07540485,74.88,BTC-30SEP22-40000-C,28279.47,buy,1.1,,,
976,213703083,2022-05-11 20:56:40,0,0.076,0.07555268,75.11,BTC-30SEP22-40000-C,28298.7,buy,1.1,,,
977,213703143,2022-05-11 20:56:42,2,0.0755,0.07544355,74.93,BTC-30SEP22-40000-C,28290.79,sell,1.0,,,
978,213732620,2022-05-11 21:44:03,0,0.082,0.08092875,77.08,BTC-30SEP22-40000-C,28465.64,buy,10.0,,,
979,213733240,2022-05-11 21:45:39,0,0.083,0.08265945,76.98,BTC-30SEP22-40000-C,28608.09,sell,9.8,,,
980,213733298,2022-05-11 21:45:43,1,0.083,0.08280298,76.99,BTC-30SEP22-40000-C,28587.17,sell,0.1,,,
981,213733299,2022-05-11 21:45:43,1,0.083,0.08280298,76.99,BTC-30SEP22-40000-C,28587.17,sell,0.1,,,
982,213733449,2022-05-11 21:46:22,2,0.082,0.08210333,76.89,BTC-30SEP22-40000-C,28498.35,sell,7.0,,,
983,213733466,2022-05-11 21:46:31,3,0.082,0.0820313,77.0,BTC-30SEP22-40000-C,28477.87,sell,0.2,,,
984,213733467,2022-05-11 21:46:31,3,0.082,0.0820313,77.0,BTC-30SEP22-40000-C,28477.87,sell,0.2,,,
985,213733468,2022-05-11 21:46:31,3,0.082,0.0820313,77.0,BTC-30SEP22-40000-C,28477.87,sell,0.1,,,
986,213733469,2022-05-11 21:46:31,3,0.082,0.0820313,77.0,BTC-30SEP22-40000-C,28477.87,sell,0.1,,,
987,213733470,2022-05-11 21:46:31,3,0.082,0.0820313,77.0,BTC-30SEP22-40000-C,28477.87,sell,0.1,,,
988,213733471,2022-05-11 21:46:31,3,0.082,0.0820313,77.0,BTC-30SEP22-40000-C,28477.87,sell,0.1,,,
989,213733472,2022-05-11 21:46:32,3,0.082,0.0820313,77.0,BTC-30SEP22-40000-C,28477.87,sell,0.1,,,
990,213733477,2022-05-11 21:46:32,3,0.082,0.0820313,77.0,BTC-30SEP22-40000-C,28477.87,sell,0.2,,,
991,213733478,2022-05-11 21:46:32,3,0.082,0.0820313,77.0,BTC-30SEP22-40000-C,28477.87,sell,0.1,,,
