trade_seq,trade_id,timestamp,tick_direction,price,mark_price,iv,instrument_name,index_price,direction,contracts,amount,combo_trade_id,combo_id,block_trade_id,liquidation
1,330268816,2024-11-28 12:46:54,1,0.0765,0.07674101,59.79,BTC-28FEB25-110000-C,95292.61,sell,0.5,0.5,,,,
2,330419992,2024-11-29 03:02:08,0,0.082,0.08213849,59.67,BTC-28FEB25-110000-C,96756.49,sell,1.4,1.4,,,,
3,330679110,2024-11-30 04:17:43,2,0.08,0.07953218,58.96,BTC-28FEB25-110000-C,96677.61,buy,0.1,0.1,,,,
4,330831634,2024-12-01 23:11:30,0,0.084,0.08395152,59.26,BTC-28FEB25-110000-C,97813.7,buy,0.4,0.4,,,,
5,330876979,2024-12-02 06:09:36,2,0.078,0.07818401,59.28,BTC-28FEB25-110000-C,96249.67,sell,0.8,0.8,,,,
6,330877131,2024-12-02 06:11:22,3,0.078,0.07829487,59.23,BTC-28FEB25-110000-C,96259.61,sell,0.8,0.8,,,,
7,330877134,2024-12-02 06:11:32,3,0.078,0.07823584,59.26,BTC-28FEB25-110000-C,96259.22,sell,0.4,0.4,,,,
8,331121421,2024-12-03 09:27:12,2,0.07,0.07153302,57.86,BTC-28FEB25-110000-C,95213.79,sell,0.1,0.1,,,,
9,331292265,2024-12-04 03:10:44,0,0.073,0.07286673,58.32,BTC-28FEB25-110000-C,95936.11,sell,0.1,0.1,,,,
10,331397818,2024-12-04 16:57:52,2,0.0695,0.06944129,58.38,BTC-28FEB25-110000-C,95014.99,buy,0.9,0.9,,,,
11,331406133,2024-12-04 17:42:00,3,0.0695,0.06934678,58.23,BTC-28FEB25-110000-C,95154.74,buy,0.6,0.6,,,,
12,331524257,2024-12-05 01:18:29,0,0.083,0.08275397,58.72,BTC-28FEB25-110000-C,98571.78,buy,0.6,0.6,,,,
13,331555839,2024-12-05 02:41:05,0,0.091,0.09009484,59.05,BTC-28FEB25-110000-C,100259.52,buy,1.9,1.9,,,,
14,331675367,2024-12-05 05:46:41,0,0.098,0.09773392,59.5,BTC-28FEB25-110000-C,101978.35,sell,0.1,0.1,,,,
15,331675473,2024-12-05 05:46:44,1,0.098,0.0975235,59.5,BTC-28FEB25-110000-C,101903.1,sell,0.1,0.1,,,,
16,331679318,2024-12-05 05:58:09,0,0.1,0.09973678,59.55,BTC-28FEB25-110000-C,102477.62,sell,0.3,0.3,,,,
17,331723978,2024-12-05 08:15:27,2,0.0998,0.1001067,58.65,BTC-28FEB25-110000-C,102630.04,sell,12.5,12.5,,BTC-STRG-28FEB25-96000_110000,171565,
18,331729306,2024-12-05 08:37:01,0,0.101,0.10083874,59.01,BTC-28FEB25-110000-C,102790.05,sell,0.7,0.7,,,,
19,331732226,2024-12-05 08:51:37,0,0.102,0.10170466,59.34,BTC-28FEB25-110000-C,102827.57,sell,0.4,0.4,,,,
20,331732597,2024-12-05 08:55:17,1,0.102,0.10181069,59.42,BTC-28FEB25-110000-C,102798.06,sell,0.5,0.5,,,,
21,331735045,2024-12-05 09:04:51,2,0.101,0.1017321,59.04,BTC-28FEB25-110000-C,102760.61,sell,1.0,1.0,,,,
22,331763159,2024-12-05 12:03:50,0,0.102,0.10228208,59.55,BTC-28FEB25-110000-C,102638.41,buy,0.5,0.5,,,,
23,331763160,2024-12-05 12:03:50,1,0.102,0.10228208,59.55,BTC-28FEB25-110000-C,102638.41,buy,2.8,2.8,,,,
24,331773971,2024-12-05 12:55:26,0,0.1045,0.10355913,60.47,BTC-28FEB25-110000-C,103000.6,buy,2.7,2.7,,,,
25,331793548,2024-12-05 14:02:21,2,0.1035,0.1036539,59.92,BTC-28FEB25-110000-C,102717.12,sell,0.4,0.4,,,,
26,331801468,2024-12-05 14:31:16,2,0.1025,0.10232166,59.83,BTC-28FEB25-110000-C,102558.27,buy,0.6,0.6,,,,
27,331801469,2024-12-05 14:31:16,3,0.1025,0.10232166,59.83,BTC-28FEB25-110000-C,102558.27,buy,0.3,0.3,,,,
28,331801477,2024-12-05 14:31:17,3,0.1025,0.10232166,59.83,BTC-28FEB25-110000-C,102595.38,buy,2.4,2.4,,,,
29,331813615,2024-12-05 14:51:05,0,0.1055,0.10538659,59.78,BTC-28FEB25-110000-C,103559.66,buy,0.1,0.1,,,,
30,331824733,2024-12-05 15:10:27,2,0.105,0.10483282,59.44,BTC-28FEB25-110000-C,103559.95,buy,6.6,6.6,,,,
31,331824734,2024-12-05 15:10:27,3,0.105,0.10483282,59.44,BTC-28FEB25-110000-C,103559.95,buy,1.2,1.2,,,,
32,331881679,2024-12-05 16:39:36,2,0.0925,0.09251492,59.07,BTC-28FEB25-110000-C,100706.94,sell,0.1,0.1,,,,
33,331916301,2024-12-05 18:17:34,0,0.095,0.09429509,59.44,BTC-28FEB25-110000-C,101128.43,buy,2.8,2.8,,,,
34,332106251,2024-12-05 23:49:59,2,0.081,0.08054216,60.81,BTC-28FEB25-110000-C,97110.31,buy,0.1,0.1,,,,
35,332110073,2024-12-06 00:00:14,2,0.0805,0.08058567,60.58,BTC-28FEB25-110000-C,97038.72,sell,0.1,0.1,,,,
36,332136050,2024-12-06 01:32:47,0,0.084,0.08366149,60.38,BTC-28FEB25-110000-C,98060.56,sell,0.5,0.5,,,,
37,332136062,2024-12-06 01:32:52,1,0.084,0.08371538,60.35,BTC-28FEB25-110000-C,98072.05,sell,0.6,0.6,,,,
38,332136075,2024-12-06 01:32:55,1,0.084,0.0837358,60.34,BTC-28FEB25-110000-C,98075.82,sell,0.2,0.2,,,,
39,332136088,2024-12-06 01:32:59,1,0.084,0.08375167,60.34,BTC-28FEB25-110000-C,98076.88,sell,0.2,0.2,,,,
40,332136099,2024-12-06 01:33:01,1,0.084,0.08374016,60.34,BTC-28FEB25-110000-C,98066.52,sell,0.3,0.3,,,,
41,332136119,2024-12-06 01:33:03,1,0.084,0.08371324,60.35,BTC-28FEB25-110000-C,98057.07,sell,0.2,0.2,,,,
42,332156545,2024-12-06 03:27:23,2,0.079,0.07900571,59.49,BTC-28FEB25-110000-C,97326.41,sell,0.1,0.1,,,,
43,332239266,2024-12-06 12:23:39,0,0.081,0.08079371,59.05,BTC-28FEB25-110000-C,98209.06,sell,1.0,1.0,,,,
44,332507697,2024-12-07 16:14:17,0,0.0855,0.08532643,58.98,BTC-28FEB25-110000-C,99702.72,sell,0.1,0.1,,,,
45,332507698,2024-12-07 16:14:17,1,0.0855,0.08532643,58.98,BTC-28FEB25-110000-C,99702.72,sell,1.5,1.5,,,,
46,332507699,2024-12-07 16:14:17,1,0.0855,0.08532643,58.98,BTC-28FEB25-110000-C,99702.72,sell,0.1,0.1,,,,
47,332507764,2024-12-07 16:15:45,1,0.0855,0.08527709,59.03,BTC-28FEB25-110000-C,99678.83,sell,0.1,0.1,,,,
48,332507765,2024-12-07 16:15:45,1,0.0855,0.08527709,59.03,BTC-28FEB25-110000-C,99678.83,sell,1.1,1.1,,,,
49,332507767,2024-12-07 16:15:57,1,0.0855,0.0852622,59.04,BTC-28FEB25-110000-C,99670.94,sell,0.1,0.1,,,,
50,332507768,2024-12-07 16:15:57,1,0.0855,0.0852622,59.04,BTC-28FEB25-110000-C,99670.94,sell,0.1,0.1,,,,
51,332507769,2024-12-07 16:15:57,1,0.0855,0.0852622,59.04,BTC-28FEB25-110000-C,99670.94,sell,0.1,0.1,,,,
52,332507820,2024-12-07 16:16:47,1,0.0855,0.08525334,59.06,BTC-28FEB25-110000-C,99655.95,sell,0.1,0.1,,,,
53,332507831,2024-12-07 16:16:57,1,0.0855,0.08527732,59.04,BTC-28FEB25-110000-C,99658.03,sell,0.1,0.1,,,,
54,332507889,2024-12-07 16:17:49,1,0.0855,0.08525438,59.1,BTC-28FEB25-110000-C,99650.59,sell,0.1,0.1,,,,
55,332507890,2024-12-07 16:17:49,1,0.0855,0.08525438,59.1,BTC-28FEB25-110000-C,99650.59,sell,1.3,1.3,,,,
56,332507902,2024-12-07 16:18:08,1,0.0855,0.08528708,59.06,BTC-28FEB25-110000-C,99652.38,sell,0.1,0.1,,,,
57,332507903,2024-12-07 16:18:08,1,0.0855,0.08528708,59.06,BTC-28FEB25-110000-C,99652.38,sell,0.2,0.2,,,,
58,332508110,2024-12-07 16:20:23,1,0.0855,0.08544232,59.0,BTC-28FEB25-110000-C,99661.06,sell,0.1,0.1,,,,
59,332508397,2024-12-07 16:25:01,0,0.086,0.08585593,59.14,BTC-28FEB25-110000-C,99746.69,sell,0.1,0.1,,,,
60,332508441,2024-12-07 16:25:43,1,0.086,0.08601629,59.05,BTC-28FEB25-110000-C,99778.0,sell,0.1,0.1,,,,
61,332508442,2024-12-07 16:25:43,1,0.086,0.08601629,59.05,BTC-28FEB25-110000-C,99778.0,sell,0.1,0.1,,,,
62,332620825,2024-12-08 21:31:03,2,0.0835,0.08351902,57.76,BTC-28FEB25-110000-C,100079.44,sell,0.1,0.1,,,,
63,332620826,2024-12-08 21:31:04,3,0.0835,0.08350814,57.76,BTC-28FEB25-110000-C,100079.81,sell,2.6,2.6,,,,
64,332699958,2024-12-09 07:21:10,2,0.0805,0.08023806,59.76,BTC-28FEB25-110000-C,98528.53,buy,0.1,0.1,,,,
65,332741237,2024-12-09 12:02:23,2,0.0795,0.0799167,60.16,BTC-28FEB25-110000-C,98018.06,sell,0.3,0.3,,,,
66,332858195,2024-12-09 19:37:44,2,0.075,0.07508515,59.48,BTC-28FEB25-110000-C,97218.59,sell,0.1,0.1,,,,
67,332872302,2024-12-09 20:29:32,2,0.072,0.07202868,59.28,BTC-28FEB25-110000-C,96574.14,sell,0.1,0.1,,,,
68,332878398,2024-12-09 20:49:24,2,0.0715,0.07149644,59.17,BTC-28FEB25-110000-C,96503.27,sell,0.1,0.1,,,,
69,333038619,2024-12-10 05:12:34,0,0.075,0.07427814,60.79,BTC-28FEB25-110000-C,96771.88,buy,1.0,1.0,,,,
70,333070604,2024-12-10 11:46:13,2,0.0735,0.07365541,58.39,BTC-28FEB25-110000-C,97661.79,buy,0.1,0.1,,,,
71,333070608,2024-12-10 11:46:15,3,0.0735,0.07365243,58.39,BTC-28FEB25-110000-C,97668.48,buy,0.2,0.2,,,,
72,333120490,2024-12-10 15:56:16,2,0.0679,0.0680404,58.74,BTC-28FEB25-110000-C,96006.96,sell,16.1,16.1,,BTC-CCAL-28MAR25_28FEB25-110000,172478,
73,333147006,2024-12-10 16:45:32,2,0.0635,0.06334673,58.87,BTC-28FEB25-110000-C,94675.24,sell,0.5,0.5,,,,
74,333147284,2024-12-10 16:46:12,2,0.063,0.06303708,58.88,BTC-28FEB25-110000-C,94584.92,sell,0.5,0.5,,,,
75,333148050,2024-12-10 16:47:46,0,0.0635,0.06353876,58.81,BTC-28FEB25-110000-C,94756.13,sell,0.5,0.5,,,,
76,333149300,2024-12-10 16:49:11,0,0.065,0.06487472,58.88,BTC-28FEB25-110000-C,95116.07,buy,0.5,0.5,,,,
77,333149343,2024-12-10 16:49:16,1,0.065,0.06480848,58.88,BTC-28FEB25-110000-C,95146.39,sell,0.5,0.5,,,,
78,333149450,2024-12-10 16:49:29,1,0.065,0.06505257,58.82,BTC-28FEB25-110000-C,95178.14,sell,0.1,0.1,,,,
79,333149474,2024-12-10 16:49:30,1,0.065,0.06501597,58.82,BTC-28FEB25-110000-C,95164.81,sell,0.4,0.4,,,,
80,333149480,2024-12-10 16:49:32,1,0.065,0.06496761,58.82,BTC-28FEB25-110000-C,95151.2,sell,0.5,0.5,,,,
81,333149847,2024-12-10 16:49:40,1,0.065,0.06522996,58.82,BTC-28FEB25-110000-C,95241.92,sell,0.5,0.5,,,,
82,333149851,2024-12-10 16:49:42,1,0.065,0.06521472,58.82,BTC-28FEB25-110000-C,95195.55,sell,0.5,0.5,,,,
83,333150042,2024-12-10 16:49:57,1,0.065,0.06525032,58.7,BTC-28FEB25-110000-C,95239.22,sell,0.5,0.5,,,,
84,333152413,2024-12-10 16:52:05,0,0.0665,0.06673678,58.66,BTC-28FEB25-110000-C,95680.03,sell,0.5,0.5,,,,
85,333152440,2024-12-10 16:52:10,1,0.0665,0.06651462,58.66,BTC-28FEB25-110000-C,95637.62,sell,0.5,0.5,,,,
86,333153268,2024-12-10 16:53:19,0,0.0675,0.06763987,58.76,BTC-28FEB25-110000-C,95922.41,sell,0.1,0.1,,,,
87,333153280,2024-12-10 16:53:21,1,0.0675,0.06763987,58.76,BTC-28FEB25-110000-C,95903.59,sell,0.4,0.4,,,,
88,333154388,2024-12-10 16:55:31,1,0.0675,0.06763788,58.74,BTC-28FEB25-110000-C,95941.93,sell,0.5,0.5,,,,
89,333154390,2024-12-10 16:55:34,1,0.0675,0.0675437,58.74,BTC-28FEB25-110000-C,95912.53,sell,0.5,0.5,,,,
90,333157543,2024-12-10 17:00:13,0,0.0695,0.06900381,58.76,BTC-28FEB25-110000-C,96283.41,sell,0.5,0.5,,,,
91,333158712,2024-12-10 17:01:55,2,0.0675,0.06739866,58.66,BTC-28FEB25-110000-C,95809.65,sell,0.5,0.5,,,,
92,333159093,2024-12-10 17:02:17,2,0.067,0.06657788,58.9,BTC-28FEB25-110000-C,95612.44,sell,0.5,0.5,,,,
93,333160719,2024-12-10 17:05:34,3,0.067,0.06634672,58.99,BTC-28FEB25-110000-C,95497.46,sell,0.5,0.5,,,,
94,333161516,2024-12-10 17:06:19,2,0.0655,0.06486705,58.77,BTC-28FEB25-110000-C,95070.86,sell,0.4,0.4,,,,
95,333161626,2024-12-10 17:06:20,3,0.0655,0.06477908,58.77,BTC-28FEB25-110000-C,95085.49,sell,0.1,0.1,,,,
96,333175243,2024-12-10 17:45:26,0,0.0665,0.0664279,60.08,BTC-28FEB25-110000-C,94853.2,sell,0.5,0.5,,,,
97,333175253,2024-12-10 17:45:31,1,0.0665,0.06617253,60.08,BTC-28FEB25-110000-C,94862.19,sell,0.1,0.1,,,,
98,333175254,2024-12-10 17:45:31,1,0.0665,0.06617253,60.08,BTC-28FEB25-110000-C,94862.19,sell,0.1,0.1,,,,
99,333178183,2024-12-10 17:50:28,0,0.0675,0.06736878,60.0,BTC-28FEB25-110000-C,95194.32,sell,0.3,0.3,,,,
100,333178562,2024-12-10 17:52:06,2,0.067,0.06694507,59.98,BTC-28FEB25-110000-C,95076.65,sell,0.5,0.5,,,,
101,333178857,2024-12-10 17:52:34,2,0.0665,0.06626376,60.03,BTC-28FEB25-110000-C,94850.6,sell,0.2,0.2,,,,
102,333178874,2024-12-10 17:52:34,3,0.0665,0.06626376,60.03,BTC-28FEB25-110000-C,94850.6,sell,0.1,0.1,,,,
103,333178875,2024-12-10 17:52:34,3,0.0665,0.06626376,60.03,BTC-28FEB25-110000-C,94850.6,sell,0.1,0.1,,,,
104,333178877,2024-12-10 17:52:34,3,0.0665,0.06619401,60.03,BTC-28FEB25-110000-C,94834.83,sell,0.1,0.1,,,,
105,333178888,2024-12-10 17:52:38,3,0.0665,0.06596298,60.03,BTC-28FEB25-110000-C,94772.76,sell,0.5,0.5,,,,
106,333179655,2024-12-10 17:54:47,2,0.066,0.06614381,60.03,BTC-28FEB25-110000-C,94829.49,sell,0.5,0.5,,,,
107,333179894,2024-12-10 17:55:09,3,0.066,0.06571128,60.04,BTC-28FEB25-110000-C,94680.81,sell,0.1,0.1,,,,
108,333179895,2024-12-10 17:55:09,3,0.066,0.06571128,60.04,BTC-28FEB25-110000-C,94680.81,sell,0.1,0.1,,,,
109,333179911,2024-12-10 17:55:11,3,0.066,0.06565485,60.04,BTC-28FEB25-110000-C,94642.25,sell,0.1,0.1,,,,
110,333179912,2024-12-10 17:55:11,3,0.066,0.06565485,60.04,BTC-28FEB25-110000-C,94642.25,sell,0.1,0.1,,,,
111,333179915,2024-12-10 17:55:11,3,0.066,0.06565485,60.04,BTC-28FEB25-110000-C,94642.25,sell,0.1,0.1,,,,
112,333180051,2024-12-10 17:55:30,3,0.066,0.06545539,60.04,BTC-28FEB25-110000-C,94633.06,sell,0.5,0.5,,,,
113,333181542,2024-12-10 17:59:47,2,0.065,0.06527853,59.98,BTC-28FEB25-110000-C,94573.59,sell,0.3,0.3,,,,
114,333181543,2024-12-10 17:59:47,3,0.065,0.06527853,59.98,BTC-28FEB25-110000-C,94573.59,sell,0.5,0.5,,,,
115,333181544,2024-12-10 17:59:47,3,0.065,0.06527853,59.98,BTC-28FEB25-110000-C,94573.59,buy,0.1,0.1,,,,
116,333181545,2024-12-10 17:59:47,3,0.065,0.06527853,59.98,BTC-28FEB25-110000-C,94573.59,buy,7.3,7.3,,,,
117,333181546,2024-12-10 17:59:47,3,0.065,0.06527853,59.98,BTC-28FEB25-110000-C,94573.59,buy,0.1,0.1,,,,
118,333181547,2024-12-10 17:59:47,3,0.065,0.06527853,59.98,BTC-28FEB25-110000-C,94573.59,buy,0.1,0.1,,,,
119,333181548,2024-12-10 17:59:47,3,0.065,0.06527853,59.98,BTC-28FEB25-110000-C,94573.59,buy,1.0,1.0,,,,
120,333181554,2024-12-10 17:59:49,3,0.065,0.06530036,59.98,BTC-28FEB25-110000-C,94572.7,buy,3.4,3.4,,,,
121,333185360,2024-12-10 18:08:19,0,0.066,0.0658053,60.37,BTC-28FEB25-110000-C,94668.36,sell,0.1,0.1,,,,
122,333185370,2024-12-10 18:08:20,1,0.066,0.06579442,60.37,BTC-28FEB25-110000-C,94589.56,sell,0.1,0.1,,,,
123,333190258,2024-12-10 18:24:30,0,0.0675,0.06739033,60.3,BTC-28FEB25-110000-C,95037.22,sell,0.3,0.3,,,,
124,333191334,2024-12-10 18:33:07,0,0.068,0.06777492,60.55,BTC-28FEB25-110000-C,95144.5,sell,0.5,0.5,,,,
125,333194435,2024-12-10 19:06:30,1,0.068,0.06803702,60.35,BTC-28FEB25-110000-C,95246.27,sell,0.5,0.5,,,,
126,333196561,2024-12-10 19:16:53,0,0.069,0.0688866,60.38,BTC-28FEB25-110000-C,95525.84,sell,0.5,0.5,,,,
127,333199592,2024-12-10 19:35:14,0,0.07,0.06997688,60.26,BTC-28FEB25-110000-C,95835.42,sell,0.1,0.1,,,,
128,333200537,2024-12-10 19:43:16,0,0.071,0.07103865,60.17,BTC-28FEB25-110000-C,96170.08,sell,0.4,0.4,,,,
129,333200598,2024-12-10 19:43:36,1,0.071,0.07091304,60.24,BTC-28FEB25-110000-C,96141.23,sell,0.5,0.5,,,,
130,333206614,2024-12-10 20:20:55,1,0.071,0.07102122,60.06,BTC-28FEB25-110000-C,96256.95,sell,0.5,0.5,,,,
131,333209436,2024-12-10 20:31:41,0,0.0715,0.07163081,59.94,BTC-28FEB25-110000-C,96409.55,sell,0.5,0.5,,,,
132,333213167,2024-12-10 20:58:35,0,0.072,0.07178644,60.19,BTC-28FEB25-110000-C,96455.95,sell,0.1,0.1,,,,
133,333213173,2024-12-10 20:58:35,1,0.072,0.07178644,60.19,BTC-28FEB25-110000-C,96455.95,sell,0.1,0.1,,,,
134,333213174,2024-12-10 20:58:35,1,0.072,0.07178644,60.19,BTC-28FEB25-110000-C,96455.95,sell,0.3,0.3,,,,
135,333213871,2024-12-10 21:00:15,1,0.072,0.07210365,60.04,BTC-28FEB25-110000-C,96529.44,sell,0.1,0.1,,,,
136,333213941,2024-12-10 21:00:26,1,0.072,0.07195567,60.09,BTC-28FEB25-110000-C,96500.84,sell,0.4,0.4,,,,
137,333223983,2024-12-10 22:08:26,0,0.074,0.07375074,60.27,BTC-28FEB25-110000-C,96967.22,sell,0.5,0.5,,,,
138,333224608,2024-12-10 22:14:21,2,0.073,0.07295077,60.22,BTC-28FEB25-110000-C,96712.17,sell,0.5,0.5,,,,
139,333226211,2024-12-10 22:40:52,0,0.0735,0.0734364,60.22,BTC-28FEB25-110000-C,96894.36,sell,0.5,0.5,,,,
140,333226538,2024-12-10 22:53:02,1,0.0735,0.07346999,60.24,BTC-28FEB25-110000-C,96895.95,sell,0.5,0.5,,,,
141,333227145,2024-12-10 23:03:06,0,0.074,0.07421891,60.07,BTC-28FEB25-110000-C,97118.25,sell,0.5,0.5,,,,
142,333227886,2024-12-10 23:09:56,1,0.074,0.07385599,60.24,BTC-28FEB25-110000-C,97016.97,sell,0.5,0.5,,,,
143,333227954,2024-12-10 23:11:16,1,0.074,0.07387007,60.23,BTC-28FEB25-110000-C,97020.16,sell,0.5,0.5,,,,
144,333228114,2024-12-10 23:13:20,1,0.074,0.073899,60.22,BTC-28FEB25-110000-C,97038.32,sell,0.2,0.2,,,,
145,333228116,2024-12-10 23:13:20,1,0.074,0.073899,60.22,BTC-28FEB25-110000-C,97038.32,sell,0.1,0.1,,,,
146,333228118,2024-12-10 23:13:20,1,0.074,0.07389658,60.22,BTC-28FEB25-110000-C,97038.69,sell,0.1,0.1,,,,
147,333228120,2024-12-10 23:13:20,1,0.074,0.07389658,60.22,BTC-28FEB25-110000-C,97038.69,sell,0.1,0.1,,,,
148,333228726,2024-12-10 23:22:16,1,0.074,0.07401891,60.23,BTC-28FEB25-110000-C,97030.19,sell,0.5,0.5,,,,
149,333229049,2024-12-10 23:32:00,1,0.074,0.0738553,60.35,BTC-28FEB25-110000-C,96964.54,sell,0.5,0.5,,,,
150,333230368,2024-12-10 23:46:11,2,0.0725,0.07272299,60.12,BTC-28FEB25-110000-C,96662.98,sell,0.5,0.5,,,,
151,333231261,2024-12-10 23:54:58,3,0.0725,0.07257964,60.16,BTC-28FEB25-110000-C,96667.76,sell,0.5,0.5,,,,
152,333231501,2024-12-11 00:00:12,3,0.0725,0.07242513,60.2,BTC-28FEB25-110000-C,96640.31,sell,0.1,0.1,,,,
153,333231603,2024-12-11 00:00:55,3,0.0725,0.07247931,60.19,BTC-28FEB25-110000-C,96650.31,sell,0.1,0.1,,,,
154,333231604,2024-12-11 00:00:57,3,0.0725,0.07243732,60.21,BTC-28FEB25-110000-C,96641.88,sell,0.1,0.1,,,,
155,333231615,2024-12-11 00:01:02,3,0.0725,0.07237324,60.25,BTC-28FEB25-110000-C,96621.45,sell,0.2,0.2,,,,
156,333232992,2024-12-11 00:21:23,3,0.0725,0.07252559,60.14,BTC-28FEB25-110000-C,96686.02,sell,0.5,0.5,,,,
157,333236339,2024-12-11 00:40:39,2,0.071,0.07079486,60.4,BTC-28FEB25-110000-C,96165.02,sell,0.5,0.5,,,,
158,333241188,2024-12-11 01:21:49,0,0.0725,0.07237791,60.55,BTC-28FEB25-110000-C,96518.75,sell,0.5,0.5,,,,
159,333241304,2024-12-11 01:24:54,2,0.072,0.0719481,60.52,BTC-28FEB25-110000-C,96391.42,sell,0.5,0.5,,,,
160,333242342,2024-12-11 01:30:53,2,0.071,0.071036,60.44,BTC-28FEB25-110000-C,96144.2,sell,0.4,0.4,,,,
161,333242352,2024-12-11 01:30:57,3,0.071,0.07094986,60.51,BTC-28FEB25-110000-C,96116.0,sell,0.1,0.1,,,,
162,333246334,2024-12-11 02:10:17,3,0.071,0.07091065,60.4,BTC-28FEB25-110000-C,96160.16,sell,0.1,0.1,,,,
163,333246335,2024-12-11 02:10:17,3,0.071,0.07091065,60.4,BTC-28FEB25-110000-C,96160.16,sell,0.1,0.1,,,,
164,333246336,2024-12-11 02:10:17,3,0.071,0.07091065,60.4,BTC-28FEB25-110000-C,96160.16,sell,0.3,0.3,,,,
165,333246964,2024-12-11 02:22:52,3,0.071,0.07091321,60.45,BTC-28FEB25-110000-C,96159.45,sell,0.5,0.5,,,,
166,333248300,2024-12-11 02:34:01,0,0.0735,0.07349143,60.38,BTC-28FEB25-110000-C,96897.7,sell,0.5,0.5,,,,
167,333270122,2024-12-11 05:04:35,0,0.0775,0.07761388,61.05,BTC-28FEB25-110000-C,97558.89,sell,0.5,0.5,,,,
168,333277977,2024-12-11 06:50:05,0,0.078,0.07801664,61.07,BTC-28FEB25-110000-C,97678.22,sell,0.5,0.5,,,,
169,333284287,2024-12-11 08:01:19,2,0.0765,0.07679572,60.96,BTC-28FEB25-110000-C,97389.55,sell,0.5,0.5,,,,
170,333285438,2024-12-11 08:07:30,0,0.0775,0.07770161,61.01,BTC-28FEB25-110000-C,97621.03,sell,0.5,0.5,,,,
171,333286298,2024-12-11 08:11:46,0,0.0785,0.07847953,61.11,BTC-28FEB25-110000-C,97834.34,sell,0.5,0.5,,,,
172,333286730,2024-12-11 08:15:52,1,0.0785,0.07863965,61.03,BTC-28FEB25-110000-C,97869.52,sell,0.5,0.5,,,,
173,333286954,2024-12-11 08:18:04,1,0.0785,0.07858006,61.07,BTC-28FEB25-110000-C,97863.72,sell,0.5,0.5,,,,
174,333288484,2024-12-11 08:33:10,0,0.079,0.07924713,60.99,BTC-28FEB25-110000-C,98028.05,sell,0.5,0.5,,,,
175,333293425,2024-12-11 08:58:40,0,0.08,0.07977105,61.31,BTC-28FEB25-110000-C,98126.83,sell,0.5,0.5,,,,
176,333299987,2024-12-11 10:36:30,2,0.079,0.07903596,61.05,BTC-28FEB25-110000-C,97942.63,sell,0.5,0.5,,,,
177,333302019,2024-12-11 10:55:43,0,0.08,0.07999436,61.07,BTC-28FEB25-110000-C,98246.16,sell,0.5,0.5,,,,
178,333302653,2024-12-11 11:08:12,1,0.08,0.07997476,61.03,BTC-28FEB25-110000-C,98268.75,sell,0.5,0.5,,,,
179,333302667,2024-12-11 11:08:22,1,0.08,0.08003743,61.0,BTC-28FEB25-110000-C,98283.88,sell,0.4,0.4,,,,
180,333302705,2024-12-11 11:10:13,1,0.08,0.08005233,60.98,BTC-28FEB25-110000-C,98295.35,sell,0.1,0.1,,,,
181,333305758,2024-12-11 11:51:05,1,0.08,0.08008117,60.93,BTC-28FEB25-110000-C,98289.87,sell,0.4,0.4,,,,
182,333305759,2024-12-11 11:51:06,1,0.08,0.08001581,60.93,BTC-28FEB25-110000-C,98278.38,sell,0.1,0.1,,,,
183,333314626,2024-12-11 13:24:42,0,0.0805,0.08045153,60.99,BTC-28FEB25-110000-C,98410.48,sell,0.5,0.5,,,,
184,333316587,2024-12-11 13:30:39,0,0.0815,0.08146612,60.93,BTC-28FEB25-110000-C,98682.36,sell,0.5,0.5,,,,
185,333317294,2024-12-11 13:31:19,1,0.0815,0.08157679,60.91,BTC-28FEB25-110000-C,98689.91,sell,0.5,0.5,,,,
186,333320872,2024-12-11 13:40:23,2,0.0805,0.08057424,60.75,BTC-28FEB25-110000-C,98397.47,sell,0.5,0.5,,,,
187,333321070,2024-12-11 13:40:35,3,0.0805,0.07988153,60.96,BTC-28FEB25-110000-C,98241.44,buy,0.5,0.5,,,,
188,333323087,2024-12-11 13:46:39,0,0.0815,0.08138554,61.0,BTC-28FEB25-110000-C,98636.92,sell,0.5,0.5,,,,
189,333331133,2024-12-11 14:30:18,0,0.082,0.0818788,61.18,BTC-28FEB25-110000-C,98685.18,sell,0.1,0.1,,,,
190,333331479,2024-12-11 14:31:51,1,0.082,0.08192076,61.18,BTC-28FEB25-110000-C,98687.2,sell,0.1,0.1,,,,
191,333331483,2024-12-11 14:31:51,1,0.082,0.08192076,61.18,BTC-28FEB25-110000-C,98687.2,sell,0.1,0.1,,,,
192,333331493,2024-12-11 14:31:53,1,0.082,0.08187244,61.17,BTC-28FEB25-110000-C,98666.01,sell,0.2,0.2,,,,
193,333332918,2024-12-11 14:36:42,0,0.0825,0.08243961,61.09,BTC-28FEB25-110000-C,98875.79,sell,0.5,0.5,,,,
194,333332926,2024-12-11 14:36:49,2,0.082,0.08242899,60.84,BTC-28FEB25-110000-C,98876.29,buy,7.1,7.1,,,,
195,333332927,2024-12-11 14:36:49,3,0.082,0.08242899,60.84,BTC-28FEB25-110000-C,98876.29,buy,0.1,0.1,,,,
196,333332928,2024-12-11 14:36:49,3,0.082,0.08242899,60.84,BTC-28FEB25-110000-C,98876.29,buy,2.8,2.8,,,,
197,333332952,2024-12-11 14:36:54,0,0.0825,0.08250835,61.1,BTC-28FEB25-110000-C,98913.21,sell,0.5,0.5,,,,
198,333332953,2024-12-11 14:36:54,2,0.082,0.08250835,60.82,BTC-28FEB25-110000-C,98913.21,buy,0.2,0.2,,,,
199,333332954,2024-12-11 14:36:54,3,0.082,0.08250835,60.82,BTC-28FEB25-110000-C,98913.21,buy,0.2,0.2,,,,
200,333332955,2024-12-11 14:36:54,3,0.082,0.08250835,60.82,BTC-28FEB25-110000-C,98913.21,buy,1.0,1.0,,,,
201,333333434,2024-12-11 14:38:52,0,0.0825,0.08256562,61.02,BTC-28FEB25-110000-C,98923.15,sell,0.5,0.5,,,,
202,333333439,2024-12-11 14:38:54,1,0.0825,0.08256264,61.02,BTC-28FEB25-110000-C,98920.75,sell,0.4,0.4,,,,
203,333333498,2024-12-11 14:39:07,1,0.0825,0.08262613,60.98,BTC-28FEB25-110000-C,98937.28,sell,0.1,0.1,,,,
204,333333687,2024-12-11 14:40:09,2,0.082,0.08208226,61.0,BTC-28FEB25-110000-C,98811.49,sell,0.5,0.5,,,,
205,333333701,2024-12-11 14:40:18,3,0.082,0.08209119,61.02,BTC-28FEB25-110000-C,98820.7,sell,0.5,0.5,,,,
206,333333826,2024-12-11 14:40:54,0,0.0825,0.08257926,60.99,BTC-28FEB25-110000-C,98936.37,sell,0.5,0.5,,,,
207,333333946,2024-12-11 14:41:30,1,0.0825,0.08255894,60.97,BTC-28FEB25-110000-C,98940.01,sell,0.5,0.5,,,,
208,333336089,2024-12-11 14:47:17,0,0.083,0.08333159,60.78,BTC-28FEB25-110000-C,99206.32,sell,0.5,0.5,,,,
209,333336200,2024-12-11 14:47:27,1,0.083,0.08339549,60.75,BTC-28FEB25-110000-C,99225.78,sell,0.5,0.5,,,,
210,333336718,2024-12-11 14:47:51,0,0.0835,0.08364359,60.88,BTC-28FEB25-110000-C,99292.51,sell,0.5,0.5,,,,
211,333337268,2024-12-11 14:48:27,1,0.0835,0.08358389,60.87,BTC-28FEB25-110000-C,99303.31,sell,0.5,0.5,,,,
212,333337624,2024-12-11 14:49:06,1,0.0835,0.08366803,60.85,BTC-28FEB25-110000-C,99337.46,sell,0.5,0.5,,,,
213,333337776,2024-12-11 14:49:28,1,0.0835,0.08357899,60.88,BTC-28FEB25-110000-C,99312.52,sell,0.5,0.5,,,,
214,333339383,2024-12-11 14:52:22,0,0.084,0.08398002,60.89,BTC-28FEB25-110000-C,99433.88,sell,0.5,0.5,,,,
215,333339918,2024-12-11 14:53:42,1,0.084,0.08415993,60.81,BTC-28FEB25-110000-C,99479.13,sell,0.5,0.5,,,,
216,333340346,2024-12-11 14:54:39,2,0.0835,0.08374968,60.75,BTC-28FEB25-110000-C,99392.28,sell,0.5,0.5,,,,
217,333340430,2024-12-11 14:54:54,3,0.0835,0.08365698,60.81,BTC-28FEB25-110000-C,99366.73,sell,0.5,0.5,,,,
218,333340800,2024-12-11 14:55:31,3,0.0835,0.0839645,60.52,BTC-28FEB25-110000-C,99412.43,sell,0.5,0.5,,,,
219,333345663,2024-12-11 15:01:59,0,0.085,0.0844793,61.13,BTC-28FEB25-110000-C,99584.36,buy,0.1,0.1,,,,
220,333368164,2024-12-11 15:50:50,0,0.0885,0.08870511,61.0,BTC-28FEB25-110000-C,100531.99,buy,0.2,0.2,,,,
221,333368169,2024-12-11 15:50:51,1,0.0885,0.08870552,61.0,BTC-28FEB25-110000-C,100537.82,buy,2.8,2.8,,,,
222,333368170,2024-12-11 15:50:51,1,0.0885,0.08870552,61.0,BTC-28FEB25-110000-C,100537.82,buy,0.1,0.1,,,,
223,333381107,2024-12-11 16:26:51,0,0.0905,0.09056248,60.8,BTC-28FEB25-110000-C,101115.45,buy,0.1,0.1,,,,
224,333381108,2024-12-11 16:26:51,1,0.0905,0.09056248,60.8,BTC-28FEB25-110000-C,101115.45,buy,0.2,0.2,,,,
225,333713762,2024-12-13 07:22:08,2,0.0825,0.08312433,60.37,BTC-28FEB25-110000-C,99791.69,sell,0.1,0.1,,,,
226,333762483,2024-12-13 13:41:04,3,0.0825,0.08225584,59.86,BTC-28FEB25-110000-C,100047.76,buy,0.1,0.1,,,,
227,333762522,2024-12-13 13:41:40,3,0.0825,0.08227018,59.85,BTC-28FEB25-110000-C,100047.73,buy,0.1,0.1,,,,
228,333762698,2024-12-13 13:43:16,3,0.0825,0.08226696,59.85,BTC-28FEB25-110000-C,100061.83,buy,0.1,0.1,,,,
229,333766635,2024-12-13 14:07:50,0,0.0845,0.08425647,60.2,BTC-28FEB25-110000-C,100412.66,buy,0.1,0.1,,,,
230,333766657,2024-12-13 14:08:10,1,0.0845,0.08425202,60.19,BTC-28FEB25-110000-C,100412.34,buy,0.1,0.1,,,,
231,333766905,2024-12-13 14:10:24,1,0.0845,0.08426493,60.2,BTC-28FEB25-110000-C,100412.75,sell,0.1,0.1,,,,
232,333767459,2024-12-13 14:14:36,1,0.0845,0.08431982,60.16,BTC-28FEB25-110000-C,100425.2,sell,0.1,0.1,,,,
233,333767482,2024-12-13 14:14:47,1,0.0845,0.08426192,60.2,BTC-28FEB25-110000-C,100422.18,sell,0.1,0.1,,,,
234,333767651,2024-12-13 14:17:02,2,0.084,0.08408544,60.01,BTC-28FEB25-110000-C,100386.86,sell,0.1,0.1,,,,
235,333768622,2024-12-13 14:24:35,0,0.0845,0.0843496,60.17,BTC-28FEB25-110000-C,100438.14,sell,0.1,0.1,,,,
236,333911951,2024-12-14 06:44:14,0,0.0885,0.08819825,59.74,BTC-28FEB25-110000-C,101788.08,sell,0.1,0.1,,,,
237,333930234,2024-12-14 11:56:52,2,0.087,0.0873458,59.5,BTC-28FEB25-110000-C,101590.79,buy,0.1,0.1,,,,
238,333935945,2024-12-14 13:19:51,2,0.085,0.08516423,59.5,BTC-28FEB25-110000-C,101091.12,buy,0.1,0.1,,,,
239,334008594,2024-12-15 05:21:38,0,0.0895,0.09009221,59.72,BTC-28FEB25-110000-C,102366.71,sell,2.3,2.3,,,,
240,334021174,2024-12-15 08:26:53,2,0.0885,0.08832537,60.09,BTC-28FEB25-110000-C,101788.51,buy,0.1,0.1,,,,
241,334045070,2024-12-15 13:50:17,0,0.092,0.09231532,59.9,BTC-28FEB25-110000-C,102828.44,buy,0.3,0.3,,,,
242,334065511,2024-12-15 18:14:59,0,0.0935,0.09344986,60.22,BTC-28FEB25-110000-C,103033.58,buy,3.0,3.0,,,,
243,334276249,2024-12-16 15:30:48,0,0.1075,0.10711494,61.02,BTC-28FEB25-110000-C,106253.57,sell,0.1,0.1,,,,
244,334290875,2024-12-16 16:11:52,0,0.109,0.10876699,60.94,BTC-28FEB25-110000-C,106701.15,sell,0.1,0.1,,,,
245,334290913,2024-12-16 16:11:53,1,0.109,0.10875034,60.94,BTC-28FEB25-110000-C,106696.36,sell,0.1,0.1,,,,
246,334290924,2024-12-16 16:11:53,1,0.109,0.10875034,60.94,BTC-28FEB25-110000-C,106696.36,sell,0.2,0.2,,,,
247,334290925,2024-12-16 16:11:53,1,0.109,0.10872913,60.94,BTC-28FEB25-110000-C,106690.73,sell,0.1,0.1,,,,
248,334290926,2024-12-16 16:11:53,1,0.109,0.10872913,60.94,BTC-28FEB25-110000-C,106690.73,sell,0.1,0.1,,,,
249,334290928,2024-12-16 16:11:53,1,0.109,0.10872913,60.94,BTC-28FEB25-110000-C,106690.73,sell,1.2,1.2,,,,
250,334290934,2024-12-16 16:11:54,1,0.109,0.10872913,60.94,BTC-28FEB25-110000-C,106671.01,sell,0.2,0.2,,,,
251,334303018,2024-12-16 16:42:22,0,0.1106,0.11032762,60.99,BTC-28FEB25-110000-C,107056.65,sell,0.5,0.5,334303017,BTC-CS-28FEB25-110000_120000,,
252,334311608,2024-12-16 17:10:15,2,0.109,0.10890041,60.6,BTC-28FEB25-110000-C,106926.45,sell,0.5,0.5,334311606,BTC-CS-28FEB25-110000_120000,,
253,334328177,2024-12-16 18:26:14,0,0.1116,0.1113435,60.59,BTC-28FEB25-110000-C,107571.85,sell,0.5,0.5,334328176,BTC-CS-28FEB25-110000_120000,,
254,334331119,2024-12-16 18:35:37,0,0.1117,0.11140289,60.55,BTC-28FEB25-110000-C,107569.28,sell,0.5,0.5,334331118,BTC-CS-28FEB25-110000_120000,,
255,334408470,2024-12-17 04:11:26,2,0.105,0.10515532,59.26,BTC-28FEB25-110000-C,106819.83,buy,0.4,0.4,,,,
256,334408471,2024-12-17 04:11:26,3,0.105,0.10515532,59.26,BTC-28FEB25-110000-C,106819.83,buy,0.4,0.4,,,,
257,334415126,2024-12-17 06:13:09,3,0.105,0.10517467,59.31,BTC-28FEB25-110000-C,106744.24,buy,0.1,0.1,,,,
258,334416163,2024-12-17 06:28:27,3,0.105,0.10462767,59.79,BTC-28FEB25-110000-C,106531.65,sell,0.1,0.1,,,,
259,334441465,2024-12-17 10:19:35,0,0.106,0.10633775,58.9,BTC-28FEB25-110000-C,107054.62,sell,0.1,0.1,,,,
260,334448192,2024-12-17 11:48:26,2,0.1055,0.10513,59.29,BTC-28FEB25-110000-C,106863.72,sell,0.4,0.4,,,,
261,334538763,2024-12-17 19:40:17,2,0.103,0.10271274,59.23,BTC-28FEB25-110000-C,106375.18,sell,5.0,5.0,,,,
262,334539175,2024-12-17 19:41:28,2,0.102,0.10237296,58.84,BTC-28FEB25-110000-C,106298.9,buy,0.6,0.6,,,,
263,334539176,2024-12-17 19:41:28,3,0.102,0.10237296,58.84,BTC-28FEB25-110000-C,106298.9,buy,0.6,0.6,,,,
264,334539177,2024-12-17 19:41:28,3,0.102,0.10237296,58.84,BTC-28FEB25-110000-C,106298.9,buy,3.8,3.8,,,,
265,334596752,2024-12-18 03:07:51,2,0.097,0.09738873,59.43,BTC-28FEB25-110000-C,105148.13,buy,0.7,0.7,,,,
266,334596753,2024-12-18 03:07:51,3,0.097,0.09738873,59.43,BTC-28FEB25-110000-C,105148.13,buy,0.7,0.7,,,,
267,334627994,2024-12-18 05:35:14,2,0.0925,0.09212337,59.91,BTC-28FEB25-110000-C,103872.85,buy,0.1,0.1,,,,
268,334728264,2024-12-18 15:11:00,2,0.092,0.09175007,59.76,BTC-28FEB25-110000-C,103837.64,sell,0.1,0.1,,,,
269,334814736,2024-12-18 20:08:37,2,0.08,0.0799378,59.63,BTC-28FEB25-110000-C,101016.8,sell,0.8,0.8,,,,
270,334815186,2024-12-18 20:08:43,3,0.08,0.07961078,59.63,BTC-28FEB25-110000-C,100874.51,sell,3.1,3.1,,,,
271,334815192,2024-12-18 20:08:43,3,0.08,0.07961078,59.63,BTC-28FEB25-110000-C,100874.51,sell,6.1,6.1,,,,
272,334821061,2024-12-18 20:10:53,3,0.08,0.0806892,59.42,BTC-28FEB25-110000-C,101203.03,sell,0.4,0.4,,,,
273,334885551,2024-12-18 21:08:11,2,0.079,0.07861747,60.3,BTC-28FEB25-110000-C,100434.36,buy,5.3,5.3,,,,
274,334889920,2024-12-18 21:17:26,0,0.0805,0.08031572,60.12,BTC-28FEB25-110000-C,100946.62,buy,0.5,0.5,,,,
275,334932799,2024-12-19 00:30:29,0,0.081,0.08071079,60.63,BTC-28FEB25-110000-C,100855.51,sell,0.1,0.1,,,,
276,334932800,2024-12-19 00:30:29,1,0.081,0.08071079,60.63,BTC-28FEB25-110000-C,100855.51,sell,0.9,0.9,,,,
277,334956137,2024-12-19 02:17:09,2,0.0755,0.07496165,61.07,BTC-28FEB25-110000-C,99255.79,buy,1.4,1.4,,,,
278,334964476,2024-12-19 02:29:52,2,0.0745,0.07374162,61.01,BTC-28FEB25-110000-C,98765.83,sell,0.7,0.7,,,,
279,334964611,2024-12-19 02:30:02,3,0.0745,0.07406063,61.19,BTC-28FEB25-110000-C,98848.87,sell,0.3,0.3,,,,
280,335000393,2024-12-19 03:59:34,0,0.084,0.08356045,61.53,BTC-28FEB25-110000-C,101159.0,buy,1.0,1.0,,,,
281,335000827,2024-12-19 04:01:34,2,0.0835,0.0831517,61.51,BTC-28FEB25-110000-C,101032.59,sell,1.0,1.0,,,,
282,335016335,2024-12-19 05:41:05,3,0.0835,0.08323639,60.96,BTC-28FEB25-110000-C,101328.73,sell,0.1,0.1,,,,
283,335018245,2024-12-19 05:55:46,3,0.0835,0.08312584,60.98,BTC-28FEB25-110000-C,101299.56,buy,0.1,0.1,,,,
284,335018246,2024-12-19 05:55:46,0,0.084,0.08312584,61.27,BTC-28FEB25-110000-C,101299.56,buy,0.9,0.9,,,,
285,335018503,2024-12-19 05:59:04,1,0.084,0.08307026,61.35,BTC-28FEB25-110000-C,101269.3,buy,1.0,1.0,,,,
286,335018621,2024-12-19 06:00:08,1,0.084,0.08310509,61.34,BTC-28FEB25-110000-C,101261.42,buy,1.0,1.0,,,,
287,335018823,2024-12-19 06:01:10,1,0.084,0.08324269,61.26,BTC-28FEB25-110000-C,101289.2,buy,1.0,1.0,,,,
288,335020648,2024-12-19 06:11:41,2,0.0835,0.08282074,61.39,BTC-28FEB25-110000-C,101086.32,buy,0.7,0.7,,,,
289,335021454,2024-12-19 06:19:56,2,0.083,0.08253498,61.26,BTC-28FEB25-110000-C,100998.12,buy,1.0,1.0,,,,
290,335023047,2024-12-19 06:35:27,0,0.0845,0.08391642,61.49,BTC-28FEB25-110000-C,101276.9,buy,1.0,1.0,,,,
291,335023281,2024-12-19 06:36:39,1,0.0845,0.08391375,61.5,BTC-28FEB25-110000-C,101284.86,buy,0.6,0.6,,,,
292,335023563,2024-12-19 06:37:42,1,0.0845,0.08383897,61.56,BTC-28FEB25-110000-C,101259.77,buy,0.5,0.5,,,,
293,335023564,2024-12-19 06:37:42,1,0.0845,0.08383897,61.56,BTC-28FEB25-110000-C,101259.77,buy,0.4,0.4,,,,
294,335024119,2024-12-19 06:44:17,1,0.0845,0.08405349,61.53,BTC-28FEB25-110000-C,101252.94,buy,1.0,1.0,,,,
295,335024299,2024-12-19 06:45:20,0,0.085,0.08410728,61.8,BTC-28FEB25-110000-C,101245.69,buy,0.8,0.8,,,,
296,335065026,2024-12-19 12:14:17,0,0.086,0.08650635,60.09,BTC-28FEB25-110000-C,102399.23,sell,2.0,2.0,,,,
297,335077379,2024-12-19 14:08:17,2,0.085,0.08522099,59.91,BTC-28FEB25-110000-C,102316.78,buy,0.1,0.1,,,,
298,335077493,2024-12-19 14:09:07,3,0.085,0.08525202,59.93,BTC-28FEB25-110000-C,102315.58,buy,0.1,0.1,,,,
299,335077793,2024-12-19 14:10:40,2,0.0845,0.0847526,59.84,BTC-28FEB25-110000-C,102201.78,buy,0.3,0.3,,,,
300,335077794,2024-12-19 14:10:40,3,0.0845,0.0847526,59.84,BTC-28FEB25-110000-C,102201.78,buy,0.1,0.1,,,,
301,335077796,2024-12-19 14:10:42,3,0.0845,0.084747,59.84,BTC-28FEB25-110000-C,102201.16,buy,0.1,0.1,,,,
302,335077801,2024-12-19 14:10:42,3,0.0845,0.084747,59.84,BTC-28FEB25-110000-C,102201.16,buy,0.3,0.3,,,,
303,335078619,2024-12-19 14:19:22,3,0.0845,0.08461835,59.91,BTC-28FEB25-110000-C,102182.93,buy,0.4,0.4,,,,
304,335078637,2024-12-19 14:19:28,3,0.0845,0.08469773,59.86,BTC-28FEB25-110000-C,102202.66,buy,0.1,0.1,,,,
305,335078643,2024-12-19 14:19:30,3,0.0845,0.08475242,59.86,BTC-28FEB25-110000-C,102217.68,buy,0.1,0.1,,,,
306,335078649,2024-12-19 14:19:39,3,0.0845,0.08473977,59.82,BTC-28FEB25-110000-C,102214.7,buy,0.1,0.1,,,,
307,335078660,2024-12-19 14:19:42,3,0.0845,0.08476501,59.81,BTC-28FEB25-110000-C,102232.93,buy,0.3,0.3,,,,
308,335079850,2024-12-19 14:30:10,0,0.085,0.08521389,59.78,BTC-28FEB25-110000-C,102337.27,buy,1.0,1.0,,,,
309,335180247,2024-12-19 17:58:13,2,0.0685,0.06952952,59.57,BTC-28FEB25-110000-C,98100.92,sell,5.4,5.4,,,,
310,335180248,2024-12-19 17:58:13,3,0.0685,0.06952952,59.57,BTC-28FEB25-110000-C,98100.92,sell,4.0,4.0,,,,
311,335180249,2024-12-19 17:58:13,3,0.0685,0.06952952,59.57,BTC-28FEB25-110000-C,98100.92,sell,8.6,8.6,,,,
312,335180250,2024-12-19 17:58:13,3,0.0685,0.06952952,59.57,BTC-28FEB25-110000-C,98100.92,sell,2.9,2.9,,,,
313,335180251,2024-12-19 17:58:13,3,0.0685,0.06952952,59.57,BTC-28FEB25-110000-C,98100.92,buy,8.0,8.0,,,,
314,335180252,2024-12-19 17:58:13,3,0.0685,0.06952952,59.57,BTC-28FEB25-110000-C,98100.92,buy,4.2,4.2,,,,
315,335180253,2024-12-19 17:58:13,3,0.0685,0.06952952,59.57,BTC-28FEB25-110000-C,98100.92,buy,0.2,0.2,,,,
316,335180254,2024-12-19 17:58:13,3,0.0685,0.06952952,59.57,BTC-28FEB25-110000-C,98100.92,buy,0.3,0.3,,,,
317,335180258,2024-12-19 17:58:13,3,0.0685,0.06952952,59.57,BTC-28FEB25-110000-C,98100.92,buy,0.6,0.6,,,,
318,335180259,2024-12-19 17:58:13,3,0.0685,0.06952952,59.57,BTC-28FEB25-110000-C,98100.92,buy,15.8,15.8,,,,
319,335217414,2024-12-19 18:47:09,0,0.07,0.0697168,60.1,BTC-28FEB25-110000-C,98196.41,buy,1.0,1.0,,,,
320,335251259,2024-12-19 20:10:51,2,0.063,0.06206298,60.69,BTC-28FEB25-110000-C,95958.9,buy,3.8,3.8,,,,
321,335252559,2024-12-19 20:11:12,2,0.062,0.0619576,60.1,BTC-28FEB25-110000-C,95789.96,sell,2.6,2.6,,,,
322,335252969,2024-12-19 20:11:18,3,0.062,0.06147816,60.1,BTC-28FEB25-110000-C,95698.32,sell,5.2,5.2,,,,
323,335269863,2024-12-19 20:31:08,0,0.066,0.06586414,60.96,BTC-28FEB25-110000-C,96622.62,sell,0.9,0.9,,,,
324,335269864,2024-12-19 20:31:10,1,0.066,0.06583479,60.96,BTC-28FEB25-110000-C,96608.04,sell,3.2,3.2,,,,
325,335269865,2024-12-19 20:31:10,1,0.066,0.06578274,60.96,BTC-28FEB25-110000-C,96596.29,sell,0.7,0.7,,,,
326,335269878,2024-12-19 20:31:12,1,0.066,0.06571809,60.96,BTC-28FEB25-110000-C,96573.29,sell,0.2,0.2,,,,
327,335307984,2024-12-19 21:26:51,0,0.069,0.06915244,60.88,BTC-28FEB25-110000-C,97572.78,buy,1.0,1.0,,,,
328,335310178,2024-12-19 21:31:44,2,0.0685,0.0684919,61.05,BTC-28FEB25-110000-C,97377.61,buy,1.0,1.0,,,,
329,335310839,2024-12-19 21:33:08,0,0.069,0.06923993,60.81,BTC-28FEB25-110000-C,97591.25,buy,1.0,1.0,,,,
330,335393254,2024-12-20 02:05:19,2,0.0633,0.06316252,60.97,BTC-28FEB25-110000-C,96269.11,buy,10.0,10.0,,,173883,
331,335447671,2024-12-20 05:47:03,0,0.0665,0.06643532,61.33,BTC-28FEB25-110000-C,96854.85,sell,0.1,0.1,,,,
332,335491254,2024-12-20 08:16:32,2,0.0645,0.0654493,60.25,BTC-28FEB25-110000-C,96860.41,sell,0.1,0.1,,,,
333,335533394,2024-12-20 09:18:05,2,0.0615,0.06083756,62.06,BTC-28FEB25-110000-C,95161.87,buy,7.6,7.6,,,,
334,335533395,2024-12-20 09:18:05,3,0.0615,0.06083756,62.06,BTC-28FEB25-110000-C,95161.87,buy,8.9,8.9,,,,
335,335533396,2024-12-20 09:18:05,3,0.0615,0.06083756,62.06,BTC-28FEB25-110000-C,95161.87,buy,2.0,2.0,,,,
336,335533397,2024-12-20 09:18:05,3,0.0615,0.06083756,62.06,BTC-28FEB25-110000-C,95161.87,buy,6.0,6.0,,,,
337,335533398,2024-12-20 09:18:05,3,0.0615,0.06083756,62.06,BTC-28FEB25-110000-C,95161.87,buy,1.4,1.4,,,,
338,335533399,2024-12-20 09:18:05,3,0.0615,0.06083756,62.06,BTC-28FEB25-110000-C,95161.87,buy,3.9,3.9,,,,
339,335533400,2024-12-20 09:18:05,3,0.0615,0.06083756,62.06,BTC-28FEB25-110000-C,95161.87,sell,8.0,8.0,,,,
340,335533401,2024-12-20 09:18:05,3,0.0615,0.06083756,62.06,BTC-28FEB25-110000-C,95161.87,sell,3.9,3.9,,,,
341,335533402,2024-12-20 09:18:05,3,0.0615,0.06083756,62.06,BTC-28FEB25-110000-C,95161.87,sell,0.7,0.7,,,,
342,335533403,2024-12-20 09:18:05,3,0.0615,0.06083756,62.06,BTC-28FEB25-110000-C,95161.87,sell,7.6,7.6,,,,
343,335573729,2024-12-20 10:19:49,2,0.061,0.06123023,62.64,BTC-28FEB25-110000-C,94628.2,buy,0.1,0.1,,,,
344,335613665,2024-12-20 11:36:52,2,0.056,0.05598751,63.38,BTC-28FEB25-110000-C,92825.33,buy,0.1,0.1,,,,
345,335656507,2024-12-20 12:48:18,0,0.0605,0.06037252,64.04,BTC-28FEB25-110000-C,93911.88,buy,1.0,1.0,,,,
346,335656791,2024-12-20 12:49:17,2,0.06,0.06042153,63.71,BTC-28FEB25-110000-C,93936.98,sell,0.1,0.1,,,,
347,335656792,2024-12-20 12:49:17,3,0.06,0.06042153,63.71,BTC-28FEB25-110000-C,93936.98,buy,0.4,0.4,,,,
348,335692772,2024-12-20 14:19:32,0,0.0605,0.06097811,62.06,BTC-28FEB25-110000-C,94864.66,sell,0.1,0.1,,,,
349,335692957,2024-12-20 14:20:15,0,0.0615,0.06089625,62.71,BTC-28FEB25-110000-C,94872.38,buy,0.1,0.1,,,,
350,335705359,2024-12-20 14:48:25,1,0.0615,0.06150521,61.72,BTC-28FEB25-110000-C,95308.92,buy,1.0,1.0,,,,
351,335810932,2024-12-20 20:33:00,0,0.064,0.06375187,60.49,BTC-28FEB25-110000-C,96650.63,sell,0.1,0.1,,,,
352,335896307,2024-12-21 07:56:54,0,0.072,0.07182308,60.38,BTC-28FEB25-110000-C,99128.6,sell,0.1,0.1,,,,
353,335987352,2024-12-21 22:43:40,2,0.0615,0.06184147,58.38,BTC-28FEB25-110000-C,97312.67,buy,0.1,0.1,,,,
354,336024906,2024-12-22 05:09:18,2,0.058,0.05786762,59.31,BTC-28FEB25-110000-C,95931.24,sell,0.2,0.2,,,,
355,336058537,2024-12-22 10:08:27,0,0.062,0.06172044,59.7,BTC-28FEB25-110000-C,96955.69,buy,1.9,1.9,,,,
356,336071831,2024-12-22 14:20:21,2,0.06,0.05969292,59.62,BTC-28FEB25-110000-C,96455.32,sell,0.1,0.1,,,,
357,336200008,2024-12-23 00:51:50,2,0.057,0.05654962,62.33,BTC-28FEB25-110000-C,94327.11,buy,0.1,0.1,,,,
358,336255063,2024-12-23 05:25:37,0,0.058,0.05850602,60.24,BTC-28FEB25-110000-C,95684.54,buy,0.1,0.1,,,,
359,336310293,2024-12-23 13:34:18,2,0.056,0.05624717,59.73,BTC-28FEB25-110000-C,95380.82,sell,1.0,1.0,,,,
360,336348732,2024-12-23 15:18:34,2,0.05,0.05013263,59.84,BTC-28FEB25-110000-C,93468.15,sell,0.1,0.1,,,,
361,336403734,2024-12-23 17:16:24,2,0.049,0.04976548,59.79,BTC-28FEB25-110000-C,93195.92,sell,0.1,0.1,,,,
362,336403810,2024-12-23 17:16:54,0,0.0495,0.05008869,59.92,BTC-28FEB25-110000-C,93293.9,sell,0.1,0.1,,,,
363,336403830,2024-12-23 17:16:58,1,0.0495,0.05013256,59.92,BTC-28FEB25-110000-C,93310.68,sell,0.1,0.1,,,,
364,336403855,2024-12-23 17:17:05,1,0.0495,0.05018182,59.92,BTC-28FEB25-110000-C,93325.07,sell,0.1,0.1,,,,
365,336403894,2024-12-23 17:17:08,1,0.0495,0.05001276,59.92,BTC-28FEB25-110000-C,93254.75,sell,0.1,0.1,,,,
366,336403911,2024-12-23 17:17:14,1,0.0495,0.04990932,60.03,BTC-28FEB25-110000-C,93239.69,sell,0.1,0.1,,,,
367,336432366,2024-12-23 19:30:33,0,0.05,0.05058669,60.13,BTC-28FEB25-110000-C,93387.51,sell,0.1,0.1,,,,
368,336432375,2024-12-23 19:30:37,1,0.05,0.05059932,60.13,BTC-28FEB25-110000-C,93397.96,sell,0.1,0.1,,,,
369,336432387,2024-12-23 19:30:41,1,0.05,0.05067867,60.09,BTC-28FEB25-110000-C,93434.13,sell,0.1,0.1,,,,
370,336432395,2024-12-23 19:30:46,1,0.05,0.05073891,60.03,BTC-28FEB25-110000-C,93440.76,sell,0.1,0.1,,,,
371,336437317,2024-12-23 19:51:31,2,0.049,0.04919795,60.52,BTC-28FEB25-110000-C,92899.54,sell,0.1,0.1,,,,
372,336525160,2024-12-24 00:57:11,0,0.0545,0.05457256,60.95,BTC-28FEB25-110000-C,94426.74,buy,0.1,0.1,,,,
373,336556434,2024-12-24 05:35:52,0,0.0555,0.05550234,61.95,BTC-28FEB25-110000-C,94371.58,sell,0.9,0.9,,,,
374,336567440,2024-12-24 07:10:55,2,0.054,0.05408971,62.16,BTC-28FEB25-110000-C,93753.99,buy,0.6,0.6,,,,
375,336608611,2024-12-24 13:49:53,0,0.0565,0.05693036,60.87,BTC-28FEB25-110000-C,95383.0,buy,0.1,0.1,,,,
376,336735332,2024-12-24 19:37:20,0,0.0669,0.06645448,61.46,BTC-28FEB25-110000-C,98156.0,buy,25.0,25.0,,BTC-CDIAG-28FEB25_31JAN25-110000_98000,174606,
377,336910901,2024-12-25 23:15:18,0,0.0685,0.0687785,60.62,BTC-28FEB25-110000-C,99225.43,buy,0.1,0.1,,,,
378,336911333,2024-12-25 23:19:57,1,0.0685,0.06867835,60.68,BTC-28FEB25-110000-C,99187.71,buy,0.1,0.1,,,,
379,336915452,2024-12-25 23:50:53,1,0.0685,0.06854896,60.66,BTC-28FEB25-110000-C,99210.71,buy,0.1,0.1,,,,
380,336981005,2024-12-26 08:06:05,2,0.0585,0.05855624,59.33,BTC-28FEB25-110000-C,96866.49,sell,1.3,1.3,,,,
381,337113728,2024-12-26 16:27:42,2,0.057,0.05647409,61.39,BTC-28FEB25-110000-C,95867.58,buy,1.0,1.0,,,,
382,337113729,2024-12-26 16:27:42,3,0.057,0.05647409,61.39,BTC-28FEB25-110000-C,95867.58,buy,0.8,0.8,,,,
383,337203492,2024-12-26 22:17:52,3,0.057,0.05679404,61.85,BTC-28FEB25-110000-C,95745.47,buy,0.1,0.1,,,,
384,337226439,2024-12-27 00:14:24,2,0.0565,0.05640521,61.9,BTC-28FEB25-110000-C,95629.7,sell,0.2,0.2,,,,
385,337281158,2024-12-27 03:48:09,0,0.0595,0.05859014,62.48,BTC-28FEB25-110000-C,96250.88,buy,7.8,7.8,,,,
386,337281159,2024-12-27 03:48:09,1,0.0595,0.05859014,62.48,BTC-28FEB25-110000-C,96250.88,buy,3.1,3.1,,,,
387,337281160,2024-12-27 03:48:09,1,0.0595,0.05859014,62.48,BTC-28FEB25-110000-C,96250.88,buy,2.6,2.6,,,,
388,337281161,2024-12-27 03:48:09,1,0.0595,0.05859014,62.48,BTC-28FEB25-110000-C,96250.88,buy,4.3,4.3,,,,
389,337281162,2024-12-27 03:48:09,1,0.0595,0.05859014,62.48,BTC-28FEB25-110000-C,96250.88,buy,1.7,1.7,,,,
390,337281168,2024-12-27 03:48:09,1,0.0595,0.05859014,62.48,BTC-28FEB25-110000-C,96250.88,sell,10.5,10.5,,,,
391,337367408,2024-12-27 08:02:35,2,0.057,0.05701962,62.79,BTC-28FEB25-110000-C,95395.81,buy,0.1,0.1,,,,
392,337408795,2024-12-27 09:19:05,0,0.0605,0.06119693,61.64,BTC-28FEB25-110000-C,96966.61,sell,7.7,7.7,,,,
393,337408796,2024-12-27 09:19:05,1,0.0605,0.06119693,61.64,BTC-28FEB25-110000-C,96966.61,sell,3.4,3.4,,,,
394,337408797,2024-12-27 09:19:05,1,0.0605,0.06119693,61.64,BTC-28FEB25-110000-C,96966.61,buy,2.1,2.1,,,,
395,337408798,2024-12-27 09:19:05,1,0.0605,0.06119693,61.64,BTC-28FEB25-110000-C,96966.61,buy,1.8,1.8,,,,
396,337415569,2024-12-27 09:37:22,2,0.06,0.06017981,61.78,BTC-28FEB25-110000-C,96740.9,buy,0.1,0.1,,,,
397,337415571,2024-12-27 09:37:25,3,0.06,0.06020297,61.77,BTC-28FEB25-110000-C,96753.11,buy,0.1,0.1,,,,
398,337415631,2024-12-27 09:37:53,3,0.06,0.0602699,61.66,BTC-28FEB25-110000-C,96787.88,buy,1.6,1.6,,,,
399,337415651,2024-12-27 09:37:57,3,0.06,0.0602647,61.65,BTC-28FEB25-110000-C,96795.96,buy,0.1,0.1,,,,
400,337415670,2024-12-27 09:38:04,3,0.06,0.06028867,61.6,BTC-28FEB25-110000-C,96819.38,buy,2.7,2.7,,,,
401,337415671,2024-12-27 09:38:04,3,0.06,0.06028867,61.6,BTC-28FEB25-110000-C,96819.38,buy,0.9,0.9,,,,
402,337415672,2024-12-27 09:38:04,3,0.06,0.06028867,61.6,BTC-28FEB25-110000-C,96819.38,buy,0.2,0.2,,,,
403,337415674,2024-12-27 09:38:04,3,0.06,0.06028867,61.6,BTC-28FEB25-110000-C,96819.38,buy,9.3,9.3,,,,
404,337415782,2024-12-27 09:38:46,0,0.0605,0.06031622,61.89,BTC-28FEB25-110000-C,96847.38,sell,0.1,0.1,,,,
405,337416475,2024-12-27 09:42:20,1,0.0605,0.06003289,62.03,BTC-28FEB25-110000-C,96795.39,buy,3.0,3.0,,,,
406,337421308,2024-12-27 10:16:09,2,0.0595,0.05967424,61.34,BTC-28FEB25-110000-C,96798.13,buy,3.2,3.2,,,,
407,337421333,2024-12-27 10:16:09,3,0.0595,0.05969573,61.34,BTC-28FEB25-110000-C,96827.56,buy,0.1,0.1,,,,
408,337421334,2024-12-27 10:16:09,3,0.0595,0.05969573,61.34,BTC-28FEB25-110000-C,96827.56,buy,1.6,1.6,,,,
409,337421342,2024-12-27 10:16:09,3,0.0595,0.05969573,61.34,BTC-28FEB25-110000-C,96827.56,buy,0.1,0.1,,,,
410,337421343,2024-12-27 10:16:10,3,0.0595,0.05969573,61.34,BTC-28FEB25-110000-C,96827.56,buy,1.6,1.6,,,,
411,337421347,2024-12-27 10:16:10,3,0.0595,0.05977357,61.34,BTC-28FEB25-110000-C,96827.56,buy,0.1,0.1,,,,
412,337421362,2024-12-27 10:16:11,3,0.0595,0.05986734,61.34,BTC-28FEB25-110000-C,96855.04,buy,2.9,2.9,,,,
413,337421369,2024-12-27 10:16:13,3,0.0595,0.05986683,61.2,BTC-28FEB25-110000-C,96849.77,buy,0.9,0.9,,,,
414,337421425,2024-12-27 10:16:17,3,0.0595,0.05980703,61.2,BTC-28FEB25-110000-C,96840.52,buy,3.1,3.1,,,,
415,337421429,2024-12-27 10:16:17,3,0.0595,0.05984714,61.2,BTC-28FEB25-110000-C,96866.59,buy,1.4,1.4,,,,
416,337431915,2024-12-27 11:00:49,2,0.057,0.05782391,60.45,BTC-28FEB25-110000-C,96447.99,sell,0.4,0.4,,,,
417,337431918,2024-12-27 11:00:49,3,0.057,0.05781992,60.45,BTC-28FEB25-110000-C,96446.99,sell,0.3,0.3,,,,
418,337469758,2024-12-27 14:52:20,2,0.0535,0.05384335,60.79,BTC-28FEB25-110000-C,95221.97,buy,0.1,0.1,,,,
419,337484333,2024-12-27 15:32:45,2,0.052,0.05166313,61.51,BTC-28FEB25-110000-C,94457.1,sell,0.3,0.3,,,,
420,337492325,2024-12-27 15:43:20,2,0.0505,0.05078879,61.28,BTC-28FEB25-110000-C,93969.57,sell,0.1,0.1,,,,
421,337512483,2024-12-27 17:19:15,2,0.05,0.0500214,61.5,BTC-28FEB25-110000-C,93863.33,sell,0.1,0.1,,,,
422,337523870,2024-12-27 18:05:07,0,0.051,0.05122683,61.24,BTC-28FEB25-110000-C,94263.14,buy,0.1,0.1,,,,
423,337539060,2024-12-27 20:20:41,1,0.051,0.05106686,61.35,BTC-28FEB25-110000-C,94298.66,buy,0.3,0.3,,,,
424,337599313,2024-12-28 13:02:24,0,0.052,0.05180666,62.25,BTC-28FEB25-110000-C,94476.42,sell,0.2,0.2,,,,
425,337600727,2024-12-28 13:48:15,2,0.0515,0.05148123,62.09,BTC-28FEB25-110000-C,94396.55,sell,0.1,0.1,,,,
426,337613366,2024-12-28 16:55:12,0,0.052,0.05185295,61.96,BTC-28FEB25-110000-C,94624.0,buy,0.3,0.3,,,,
427,337613370,2024-12-28 16:55:36,1,0.052,0.05201815,61.86,BTC-28FEB25-110000-C,94669.59,buy,0.3,0.3,,,,
428,337613399,2024-12-28 16:55:44,1,0.052,0.05208966,61.81,BTC-28FEB25-110000-C,94693.24,buy,0.3,0.3,,,,
429,337613411,2024-12-28 16:56:11,1,0.052,0.05207944,61.81,BTC-28FEB25-110000-C,94693.12,buy,0.1,0.1,,,,
430,337654011,2024-12-29 11:28:14,0,0.053,0.05231552,62.34,BTC-28FEB25-110000-C,94951.94,buy,0.1,0.1,,,,
431,337654090,2024-12-29 11:30:24,1,0.053,0.05244039,62.25,BTC-28FEB25-110000-C,94991.1,buy,0.1,0.1,,,,
432,337654094,2024-12-29 11:30:43,1,0.053,0.05244574,62.25,BTC-28FEB25-110000-C,94988.95,buy,0.1,0.1,,,,
433,337654111,2024-12-29 11:30:59,1,0.053,0.05246741,62.24,BTC-28FEB25-110000-C,94989.2,buy,0.1,0.1,,,,
434,337654150,2024-12-29 11:31:40,1,0.053,0.05246184,62.24,BTC-28FEB25-110000-C,94991.3,buy,0.1,0.1,,,,
435,337654273,2024-12-29 11:34:05,1,0.053,0.05252444,62.2,BTC-28FEB25-110000-C,95012.87,buy,0.1,0.1,,,,
436,337654281,2024-12-29 11:34:40,1,0.053,0.05251208,62.21,BTC-28FEB25-110000-C,95005.34,buy,0.1,0.1,,,,
437,337654303,2024-12-29 11:35:56,1,0.053,0.05251746,62.2,BTC-28FEB25-110000-C,95008.95,buy,0.1,0.1,,,,
438,337654315,2024-12-29 11:36:36,1,0.053,0.05251415,62.21,BTC-28FEB25-110000-C,95006.3,buy,0.1,0.1,,,,
439,337654326,2024-12-29 11:36:48,1,0.053,0.05251678,62.2,BTC-28FEB25-110000-C,95006.45,buy,0.1,0.1,,,,
440,337668144,2024-12-29 15:00:09,2,0.0515,0.0514689,62.43,BTC-28FEB25-110000-C,94462.07,sell,0.1,0.1,,,,
441,337671336,2024-12-29 16:06:36,2,0.05,0.04973421,62.06,BTC-28FEB25-110000-C,94168.12,sell,0.1,0.1,,,,
442,337677664,2024-12-29 16:45:51,2,0.048,0.04843016,61.78,BTC-28FEB25-110000-C,93598.5,sell,0.3,0.3,,,,
443,337685897,2024-12-29 19:10:19,3,0.048,0.04777157,61.91,BTC-28FEB25-110000-C,93524.46,sell,0.3,0.3,,,,
444,337861935,2024-12-30 18:23:14,0,0.05,0.04975189,61.9,BTC-28FEB25-110000-C,94525.04,sell,0.1,0.1,,,,
445,337873353,2024-12-30 19:20:49,2,0.0485,0.04830432,61.89,BTC-28FEB25-110000-C,94020.64,sell,0.1,0.1,,,,
446,337880192,2024-12-30 20:02:33,0,0.0495,0.0495922,61.69,BTC-28FEB25-110000-C,94378.87,buy,0.1,0.1,,,,
447,337885968,2024-12-30 20:28:06,0,0.0505,0.05071766,61.88,BTC-28FEB25-110000-C,94651.55,sell,0.1,0.1,,,,
448,337909830,2024-12-30 21:52:57,2,0.0435,0.04341629,62.54,BTC-28FEB25-110000-C,92026.89,sell,0.1,0.1,,,,
449,337909856,2024-12-30 21:52:57,3,0.0435,0.04342228,62.54,BTC-28FEB25-110000-C,92025.16,sell,0.4,0.4,,,,
450,337917645,2024-12-30 22:08:24,3,0.0435,0.04405733,62.12,BTC-28FEB25-110000-C,92208.07,sell,0.1,0.1,,,,
451,338009645,2024-12-31 12:33:43,0,0.0505,0.05045522,61.95,BTC-28FEB25-110000-C,94749.11,buy,0.1,0.1,,,,
452,338023969,2024-12-31 13:34:29,0,0.053,0.05336039,61.94,BTC-28FEB25-110000-C,95515.9,sell,0.1,0.1,,,,
453,338056032,2024-12-31 15:34:18,2,0.0525,0.05252358,61.93,BTC-28FEB25-110000-C,95387.24,buy,0.1,0.1,,,,
454,338091377,2024-12-31 18:48:14,2,0.048,0.04826616,61.91,BTC-28FEB25-110000-C,93992.44,buy,1.0,1.0,,,,
455,338091379,2024-12-31 18:48:14,3,0.048,0.04826616,61.91,BTC-28FEB25-110000-C,93992.61,buy,2.2,2.2,,,,
456,338096054,2024-12-31 19:49:42,2,0.047,0.04739961,61.5,BTC-28FEB25-110000-C,93869.45,buy,5.0,5.0,,,,
457,338170922,2025-01-01 18:48:17,0,0.0475,0.04759034,61.66,BTC-28FEB25-110000-C,94088.84,buy,0.1,0.1,,,,
458,338171828,2025-01-01 19:09:07,2,0.047,0.04744211,61.42,BTC-28FEB25-110000-C,94071.48,sell,0.1,0.1,,,,
459,338171844,2025-01-01 19:09:37,3,0.047,0.04744823,61.42,BTC-28FEB25-110000-C,94069.41,sell,0.1,0.1,,,,
460,338171846,2025-01-01 19:09:44,3,0.047,0.04745427,61.41,BTC-28FEB25-110000-C,94070.84,sell,0.1,0.1,,,,
461,338171848,2025-01-01 19:09:53,3,0.047,0.04744264,61.42,BTC-28FEB25-110000-C,94069.03,sell,0.1,0.1,,,,
462,338171851,2025-01-01 19:10:16,3,0.047,0.04745773,61.41,BTC-28FEB25-110000-C,94073.14,sell,0.1,0.1,,,,
463,338171855,2025-01-01 19:10:22,3,0.047,0.04744818,61.42,BTC-28FEB25-110000-C,94070.33,sell,0.1,0.1,,,,
464,338171857,2025-01-01 19:10:26,3,0.047,0.04744576,61.42,BTC-28FEB25-110000-C,94069.26,sell,0.1,0.1,,,,
465,338172134,2025-01-01 19:12:13,3,0.047,0.04765721,61.26,BTC-28FEB25-110000-C,94136.97,sell,0.1,0.1,,,,
466,338172139,2025-01-01 19:12:17,3,0.047,0.04769011,61.24,BTC-28FEB25-110000-C,94145.12,sell,0.1,0.1,,,,
467,338172140,2025-01-01 19:12:23,3,0.047,0.04769129,61.25,BTC-28FEB25-110000-C,94140.1,sell,0.1,0.1,,,,
468,338182223,2025-01-01 21:19:23,0,0.0485,0.04925843,61.39,BTC-28FEB25-110000-C,94563.5,sell,0.1,0.1,,,,
469,338182224,2025-01-01 21:19:56,1,0.0485,0.04924909,61.4,BTC-28FEB25-110000-C,94562.45,sell,0.1,0.1,,,,
470,338182226,2025-01-01 21:20:16,1,0.0485,0.04923962,61.41,BTC-28FEB25-110000-C,94560.16,sell,0.1,0.1,,,,
471,338182227,2025-01-01 21:20:21,1,0.0485,0.04924736,61.41,BTC-28FEB25-110000-C,94559.51,sell,0.1,0.1,,,,
472,338182254,2025-01-01 21:20:50,1,0.0485,0.04926622,61.38,BTC-28FEB25-110000-C,94566.35,sell,0.1,0.1,,,,
473,338187982,2025-01-01 22:24:24,0,0.049,0.04950231,61.63,BTC-28FEB25-110000-C,94606.69,sell,0.5,0.5,,,,
474,338189218,2025-01-01 23:00:58,0,0.0495,0.04963617,62.03,BTC-28FEB25-110000-C,94609.94,sell,0.1,0.1,,,,
475,338189221,2025-01-01 23:01:07,1,0.0495,0.04963739,62.03,BTC-28FEB25-110000-C,94609.81,buy,0.1,0.1,,,,
476,338189262,2025-01-01 23:01:20,1,0.0495,0.04959246,62.06,BTC-28FEB25-110000-C,94596.03,buy,0.1,0.1,,,,
477,338189264,2025-01-01 23:01:27,1,0.0495,0.04958572,62.07,BTC-28FEB25-110000-C,94595.64,buy,0.1,0.1,,,,
478,338189772,2025-01-01 23:04:49,1,0.0495,0.04960114,62.09,BTC-28FEB25-110000-C,94585.19,buy,0.1,0.1,,,,
479,338207739,2025-01-02 01:18:41,0,0.051,0.05101475,61.99,BTC-28FEB25-110000-C,95076.66,buy,0.1,0.1,,,,
480,338218233,2025-01-02 04:01:18,2,0.05,0.05039547,61.78,BTC-28FEB25-110000-C,94929.93,sell,0.5,0.5,,,,
481,338219834,2025-01-02 04:23:00,2,0.0495,0.04994672,61.51,BTC-28FEB25-110000-C,94907.79,sell,0.5,0.5,,,,
482,338220050,2025-01-02 04:31:13,0,0.05,0.05030557,61.61,BTC-28FEB25-110000-C,95005.16,buy,0.5,0.5,,,,
483,338223182,2025-01-02 04:41:13,0,0.052,0.05220557,61.73,BTC-28FEB25-110000-C,95588.22,buy,0.4,0.4,,,,
484,338228285,2025-01-02 05:01:32,2,0.051,0.05178421,61.33,BTC-28FEB25-110000-C,95418.43,sell,0.1,0.1,,,,
485,338229530,2025-01-02 05:11:24,3,0.051,0.05136258,61.56,BTC-28FEB25-110000-C,95324.42,sell,0.1,0.1,,,,
486,338302650,2025-01-02 14:47:55,0,0.057,0.05683482,62.0,BTC-28FEB25-110000-C,97007.84,sell,0.2,0.2,,,,
487,338336891,2025-01-02 16:58:50,2,0.0565,0.05653232,61.47,BTC-28FEB25-110000-C,97148.76,buy,0.5,0.5,,,,
488,338337637,2025-01-02 17:04:10,3,0.0565,0.05661809,61.43,BTC-28FEB25-110000-C,97138.28,buy,0.5,0.5,,,,
489,338338232,2025-01-02 17:10:16,3,0.0565,0.0566336,61.32,BTC-28FEB25-110000-C,97185.91,buy,0.5,0.5,,,,
490,338338233,2025-01-02 17:10:16,3,0.0565,0.0566336,61.32,BTC-28FEB25-110000-C,97185.91,buy,0.5,0.5,,,,
491,338348771,2025-01-02 18:09:02,2,0.0545,0.05473943,61.02,BTC-28FEB25-110000-C,96731.59,buy,0.3,0.3,,,,
492,338385563,2025-01-02 23:20:19,3,0.0545,0.05415051,60.92,BTC-28FEB25-110000-C,96806.41,buy,0.1,0.1,,,,
493,338385565,2025-01-02 23:20:26,3,0.0545,0.05414514,60.92,BTC-28FEB25-110000-C,96806.83,buy,0.1,0.1,,,,
494,338385567,2025-01-02 23:20:30,3,0.0545,0.05414123,60.92,BTC-28FEB25-110000-C,96806.95,buy,0.1,0.1,,,,
495,338385596,2025-01-02 23:20:56,3,0.0545,0.05413956,60.92,BTC-28FEB25-110000-C,96808.35,buy,0.1,0.1,,,,
496,338385607,2025-01-02 23:21:25,3,0.0545,0.0541185,60.93,BTC-28FEB25-110000-C,96804.51,buy,0.1,0.1,,,,
497,338385610,2025-01-02 23:21:35,3,0.0545,0.05411195,60.93,BTC-28FEB25-110000-C,96804.99,buy,0.1,0.1,,,,
498,338394582,2025-01-03 02:20:36,0,0.055,0.05512191,60.44,BTC-28FEB25-110000-C,97196.03,buy,0.3,0.3,,,,
499,338394583,2025-01-03 02:20:36,1,0.055,0.05512191,60.44,BTC-28FEB25-110000-C,97196.03,buy,0.7,0.7,,,,
500,338402545,2025-01-03 05:03:37,2,0.0535,0.05351409,60.61,BTC-28FEB25-110000-C,96705.09,sell,0.2,0.2,,,,
501,338420124,2025-01-03 07:44:57,2,0.0525,0.05203405,60.9,BTC-28FEB25-110000-C,96304.08,buy,0.5,0.5,,,,
502,338424595,2025-01-03 07:56:26,3,0.0525,0.05223508,60.97,BTC-28FEB25-110000-C,96275.43,buy,0.5,0.5,,,,
503,338432732,2025-01-03 08:43:26,2,0.052,0.05158506,60.94,BTC-28FEB25-110000-C,96146.81,buy,0.1,0.1,,,,
504,338432735,2025-01-03 08:43:31,3,0.052,0.05158397,60.94,BTC-28FEB25-110000-C,96147.1,buy,0.1,0.1,,,,
505,338432740,2025-01-03 08:43:39,3,0.052,0.05158026,60.94,BTC-28FEB25-110000-C,96146.83,buy,0.1,0.1,,,,
506,338432748,2025-01-03 08:43:53,3,0.052,0.05157951,60.94,BTC-28FEB25-110000-C,96147.97,buy,0.1,0.1,,,,
507,338456197,2025-01-03 13:51:16,0,0.0535,0.05341216,61.29,BTC-28FEB25-110000-C,96505.98,sell,0.1,0.1,,,,
508,338457136,2025-01-03 14:00:16,0,0.054,0.05384912,61.72,BTC-28FEB25-110000-C,96476.12,sell,1.0,1.0,,,,
509,338458077,2025-01-03 14:08:23,0,0.0555,0.05507269,62.31,BTC-28FEB25-110000-C,96623.31,buy,4.3,4.3,,,,
510,338492795,2025-01-03 16:26:41,0,0.0595,0.05964725,61.36,BTC-28FEB25-110000-C,98328.13,buy,3.0,3.0,,,,
511,338521405,2025-01-03 19:48:32,2,0.0585,0.05877032,60.28,BTC-28FEB25-110000-C,98600.84,sell,1.0,1.0,,,,
512,338521564,2025-01-03 19:51:36,0,0.059,0.05886933,60.55,BTC-28FEB25-110000-C,98622.06,buy,1.0,1.0,,,,
513,338521594,2025-01-03 19:51:46,0,0.0595,0.05882834,60.92,BTC-28FEB25-110000-C,98607.55,buy,4.1,4.1,,,,
514,338521595,2025-01-03 19:51:46,1,0.0595,0.05882834,60.92,BTC-28FEB25-110000-C,98607.55,buy,1.0,1.0,,,,
515,338521596,2025-01-03 19:51:46,1,0.0595,0.05882834,60.92,BTC-28FEB25-110000-C,98607.55,buy,3.9,3.9,,,,
516,338523363,2025-01-03 20:08:30,2,0.058,0.05836984,60.25,BTC-28FEB25-110000-C,98468.42,sell,0.7,0.7,,,,
517,338523364,2025-01-03 20:08:30,3,0.058,0.05836984,60.25,BTC-28FEB25-110000-C,98468.42,sell,0.1,0.1,,,,
518,338523365,2025-01-03 20:08:30,2,0.0575,0.05836984,59.92,BTC-28FEB25-110000-C,98468.42,sell,0.2,0.2,,,,
519,338524132,2025-01-03 20:14:05,3,0.0575,0.05792232,60.17,BTC-28FEB25-110000-C,98358.82,sell,0.6,0.6,,,,
520,338524133,2025-01-03 20:14:05,3,0.0575,0.05792232,60.17,BTC-28FEB25-110000-C,98358.82,sell,0.4,0.4,,,,
521,338526142,2025-01-03 20:34:41,3,0.0575,0.05815284,59.8,BTC-28FEB25-110000-C,98520.81,sell,1.0,1.0,,,,
522,338526278,2025-01-03 20:36:28,0,0.0585,0.0582649,60.36,BTC-28FEB25-110000-C,98569.19,buy,0.5,0.5,,,,
523,338526279,2025-01-03 20:36:28,1,0.0585,0.0582649,60.36,BTC-28FEB25-110000-C,98569.19,buy,0.1,0.1,,,,
524,338526283,2025-01-03 20:36:29,1,0.0585,0.05826512,60.36,BTC-28FEB25-110000-C,98570.15,buy,0.4,0.4,,,,
525,338526308,2025-01-03 20:37:00,1,0.0585,0.05843835,60.27,BTC-28FEB25-110000-C,98600.77,sell,0.6,0.6,,,,
526,338526310,2025-01-03 20:37:00,1,0.0585,0.05843835,60.27,BTC-28FEB25-110000-C,98600.77,buy,0.4,0.4,,,,
527,338526552,2025-01-03 20:38:53,2,0.058,0.05799278,60.31,BTC-28FEB25-110000-C,98443.74,buy,1.0,1.0,,,,
528,338526593,2025-01-03 20:39:35,3,0.058,0.057975,60.32,BTC-28FEB25-110000-C,98441.01,sell,0.6,0.6,,,,
529,338526594,2025-01-03 20:39:35,3,0.058,0.057975,60.32,BTC-28FEB25-110000-C,98441.01,buy,0.4,0.4,,,,
530,338526742,2025-01-03 20:41:24,3,0.058,0.05790479,60.41,BTC-28FEB25-110000-C,98392.68,buy,1.0,1.0,,,,
531,338536717,2025-01-03 23:17:34,3,0.058,0.05774263,60.93,BTC-28FEB25-110000-C,98203.66,buy,45.0,45.0,338536716,BTC-CS-28FEB25-106000_110000,,
532,338554670,2025-01-04 05:03:24,2,0.057,0.0568276,60.86,BTC-28FEB25-110000-C,97978.24,sell,0.1,0.1,,,,
533,338611622,2025-01-04 22:25:14,0,0.058,0.05839673,61.65,BTC-28FEB25-110000-C,98270.4,buy,0.1,0.1,,,,
534,338617615,2025-01-05 00:28:19,2,0.0575,0.05813355,61.45,BTC-28FEB25-110000-C,98202.65,sell,0.1,0.1,,,,
535,338626515,2025-01-05 05:52:36,0,0.059,0.05853494,62.47,BTC-28FEB25-110000-C,98301.71,buy,0.1,0.1,,,,
536,338642366,2025-01-05 09:58:01,2,0.0565,0.05605872,62.47,BTC-28FEB25-110000-C,97668.9,buy,0.1,0.1,,,,
537,338642367,2025-01-05 09:58:09,3,0.0565,0.05605305,62.47,BTC-28FEB25-110000-C,97667.94,buy,0.1,0.1,,,,
538,338642385,2025-01-05 09:58:14,2,0.0555,0.0559975,61.84,BTC-28FEB25-110000-C,97643.83,sell,0.1,0.1,,,,
539,338661647,2025-01-05 15:37:19,0,0.0565,0.05666877,61.41,BTC-28FEB25-110000-C,98164.0,buy,0.4,0.4,,,,
540,338671409,2025-01-05 18:33:46,2,0.055,0.05534834,61.15,BTC-28FEB25-110000-C,97799.65,buy,0.1,0.1,,,,
541,338683907,2025-01-05 22:02:52,0,0.0565,0.05637707,61.26,BTC-28FEB25-110000-C,98410.28,buy,5.0,5.0,,,,
542,338693802,2025-01-06 00:16:58,1,0.0565,0.05634009,61.29,BTC-28FEB25-110000-C,98352.01,sell,0.1,0.1,,,,
543,338727235,2025-01-06 04:58:05,0,0.06,0.05995002,61.44,BTC-28FEB25-110000-C,99423.06,buy,0.1,0.1,,,,
544,338727236,2025-01-06 04:58:05,1,0.06,0.05995002,61.44,BTC-28FEB25-110000-C,99423.06,buy,3.8,3.8,,,,
545,338753450,2025-01-06 07:54:49,0,0.061,0.06040912,62.05,BTC-28FEB25-110000-C,99354.96,buy,0.1,0.1,,,,
546,338753536,2025-01-06 07:55:16,2,0.0595,0.06023102,61.12,BTC-28FEB25-110000-C,99332.97,sell,0.1,0.1,,,,
547,338761220,2025-01-06 08:54:21,3,0.0595,0.05914819,61.67,BTC-28FEB25-110000-C,99100.48,buy,0.1,0.1,,,,
548,338765823,2025-01-06 10:06:08,2,0.058,0.05816105,61.21,BTC-28FEB25-110000-C,98880.81,sell,0.1,0.1,,,,
549,338770015,2025-01-06 11:05:54,3,0.058,0.05759723,61.44,BTC-28FEB25-110000-C,98792.51,buy,0.1,0.1,,,,
550,338770018,2025-01-06 11:05:59,2,0.057,0.0575868,60.76,BTC-28FEB25-110000-C,98791.7,sell,0.1,0.1,,,,
551,338781228,2025-01-06 12:49:48,0,0.059,0.05904926,60.99,BTC-28FEB25-110000-C,99353.32,sell,0.5,0.5,,,,
552,338787207,2025-01-06 13:36:56,2,0.058,0.05769824,60.73,BTC-28FEB25-110000-C,99214.34,buy,0.1,0.1,,,,
553,338787211,2025-01-06 13:37:02,2,0.057,0.05770207,60.05,BTC-28FEB25-110000-C,99216.89,sell,0.1,0.1,,,,
554,338795856,2025-01-06 14:25:46,3,0.057,0.05625874,60.99,BTC-28FEB25-110000-C,98835.09,buy,0.2,0.2,,,,
555,338839272,2025-01-06 15:46:37,0,0.068,0.06780358,60.31,BTC-28FEB25-110000-C,102140.8,sell,0.1,0.1,,,,
556,338878185,2025-01-06 17:33:15,2,0.067,0.06710856,60.23,BTC-28FEB25-110000-C,101869.16,buy,0.1,0.1,,,,
557,338880071,2025-01-06 17:39:58,2,0.066,0.06593853,60.31,BTC-28FEB25-110000-C,101581.42,sell,0.1,0.1,,,,
558,339026280,2025-01-07 14:45:53,2,0.0615,0.06153387,59.89,BTC-28FEB25-110000-C,100756.95,buy,0.1,0.1,,,,
559,339048184,2025-01-07 15:05:56,2,0.057,0.05694726,60.09,BTC-28FEB25-110000-C,99382.82,buy,0.2,0.2,,,,
560,339099182,2025-01-07 15:45:15,2,0.05,0.04982399,60.19,BTC-28FEB25-110000-C,97317.68,sell,0.1,0.1,,,,
561,339100719,2025-01-07 15:46:01,3,0.05,0.05038659,59.77,BTC-28FEB25-110000-C,97481.09,sell,0.2,0.2,,,,
562,339141212,2025-01-07 17:04:24,0,0.0505,0.05038837,60.03,BTC-28FEB25-110000-C,97664.8,sell,0.1,0.1,,,,
563,339160280,2025-01-07 17:53:00,2,0.048,0.04808949,59.88,BTC-28FEB25-110000-C,96939.77,buy,0.1,0.1,,,,
564,339168323,2025-01-07 18:29:59,0,0.0485,0.04825384,60.1,BTC-28FEB25-110000-C,97017.32,sell,0.1,0.1,,,,
565,339177650,2025-01-07 19:04:03,2,0.0475,0.04732542,59.85,BTC-28FEB25-110000-C,96802.36,sell,3.0,3.0,,,,
566,339177662,2025-01-07 19:04:05,3,0.0475,0.04731087,59.85,BTC-28FEB25-110000-C,96801.52,sell,2.0,2.0,,,,
567,339204384,2025-01-07 20:58:06,2,0.0465,0.0465281,59.81,BTC-28FEB25-110000-C,96546.71,buy,0.1,0.1,,,,
568,339205285,2025-01-07 20:59:27,2,0.046,0.04604852,59.89,BTC-28FEB25-110000-C,96353.42,buy,0.1,0.1,,,,
569,339206597,2025-01-07 21:03:01,3,0.046,0.04660107,59.45,BTC-28FEB25-110000-C,96551.39,sell,0.1,0.1,,,,
570,339210567,2025-01-07 21:29:09,0,0.047,0.04731659,59.56,BTC-28FEB25-110000-C,96881.55,buy,0.1,0.1,,,,
571,339210592,2025-01-07 21:29:23,1,0.047,0.0472897,59.58,BTC-28FEB25-110000-C,96873.1,buy,0.1,0.1,,,,
572,339236059,2025-01-08 00:33:24,0,0.048,0.04777038,59.97,BTC-28FEB25-110000-C,96999.88,buy,0.1,0.1,,,,
573,339248880,2025-01-08 02:49:37,2,0.047,0.04722003,59.59,BTC-28FEB25-110000-C,96954.41,buy,0.1,0.1,,,,
574,339288077,2025-01-08 06:44:07,2,0.042,0.04266512,58.95,BTC-28FEB25-110000-C,95680.32,sell,8.0,8.0,,,,
575,339288078,2025-01-08 06:44:07,3,0.042,0.04266512,58.95,BTC-28FEB25-110000-C,95680.32,sell,3.5,3.5,,,,
576,339288079,2025-01-08 06:44:07,3,0.042,0.04266512,58.95,BTC-28FEB25-110000-C,95680.32,sell,8.3,8.3,,,,
577,339288080,2025-01-08 06:44:07,3,0.042,0.04266512,58.95,BTC-28FEB25-110000-C,95680.32,buy,13.0,13.0,,,,
578,339288081,2025-01-08 06:44:07,3,0.042,0.04266512,58.95,BTC-28FEB25-110000-C,95680.32,buy,1.0,1.0,,,,
579,339288082,2025-01-08 06:44:07,3,0.042,0.04266512,58.95,BTC-28FEB25-110000-C,95680.32,buy,15.7,15.7,,,,
580,339288083,2025-01-08 06:44:07,3,0.042,0.04266512,58.95,BTC-28FEB25-110000-C,95680.32,buy,0.5,0.5,,,,
581,339321386,2025-01-08 09:25:09,0,0.0435,0.0434199,59.71,BTC-28FEB25-110000-C,95939.01,sell,1.0,1.0,,,,
582,339321387,2025-01-08 09:25:09,1,0.0435,0.0434199,59.71,BTC-28FEB25-110000-C,95939.01,sell,8.3,8.3,,,,
583,339321388,2025-01-08 09:25:09,1,0.0435,0.0434199,59.71,BTC-28FEB25-110000-C,95939.01,sell,0.7,0.7,,,,
584,339326356,2025-01-08 10:03:29,1,0.0435,0.04312674,60.59,BTC-28FEB25-110000-C,95518.89,buy,8.3,8.3,,,,
585,339326357,2025-01-08 10:03:29,1,0.0435,0.04312674,60.59,BTC-28FEB25-110000-C,95518.89,buy,0.8,0.8,,,,
586,339326358,2025-01-08 10:03:29,1,0.0435,0.04312674,60.59,BTC-28FEB25-110000-C,95518.89,buy,6.0,6.0,,,,
587,339326359,2025-01-08 10:03:29,1,0.0435,0.04312674,60.59,BTC-28FEB25-110000-C,95518.89,sell,4.9,4.9,,,,
588,339353180,2025-01-08 12:19:32,2,0.0425,0.04224793,60.97,BTC-28FEB25-110000-C,95048.67,sell,0.1,0.1,,,,
589,339354891,2025-01-08 12:33:10,2,0.042,0.04191757,60.92,BTC-28FEB25-110000-C,94898.38,sell,0.1,0.1,,,,
590,339362668,2025-01-08 13:10:46,0,0.0425,0.04259459,60.67,BTC-28FEB25-110000-C,95201.28,sell,2.0,2.0,,,,
591,339372436,2025-01-08 14:23:52,0,0.043,0.04271372,60.79,BTC-28FEB25-110000-C,95323.43,sell,0.1,0.1,,,,
592,339405747,2025-01-08 16:54:49,2,0.04,0.03991997,60.22,BTC-28FEB25-110000-C,94589.41,sell,0.1,0.1,,,,
593,339405748,2025-01-08 16:54:49,3,0.04,0.03991997,60.22,BTC-28FEB25-110000-C,94589.41,sell,0.2,0.2,,,,
594,339441979,2025-01-08 18:02:01,2,0.039,0.03903944,60.64,BTC-28FEB25-110000-C,94054.72,sell,0.2,0.2,,,,
595,339442695,2025-01-08 18:03:21,0,0.0395,0.039445,60.67,BTC-28FEB25-110000-C,94204.42,buy,0.2,0.2,,,,
596,339449914,2025-01-08 18:22:00,0,0.0405,0.04024683,60.67,BTC-28FEB25-110000-C,94558.44,buy,2.7,2.7,,,,
597,339450070,2025-01-08 18:22:24,1,0.0405,0.04007831,60.81,BTC-28FEB25-110000-C,94492.03,buy,0.8,0.8,,,,
598,339450072,2025-01-08 18:22:24,1,0.0405,0.04007831,60.81,BTC-28FEB25-110000-C,94492.03,buy,2.5,2.5,,,,
599,339459366,2025-01-08 18:52:00,2,0.0395,0.0393983,60.89,BTC-28FEB25-110000-C,94103.35,sell,0.1,0.1,,,,
600,339459433,2025-01-08 18:52:25,3,0.0395,0.03939718,60.91,BTC-28FEB25-110000-C,94098.82,sell,0.1,0.1,,,,
601,339513772,2025-01-09 01:58:44,0,0.04,0.04035724,59.56,BTC-28FEB25-110000-C,94957.68,sell,0.1,0.1,,,,
602,339561040,2025-01-09 07:36:21,2,0.035,0.03536642,59.24,BTC-28FEB25-110000-C,93387.61,sell,0.1,0.1,,,,
603,339571872,2025-01-09 08:07:03,2,0.0335,0.03421817,58.89,BTC-28FEB25-110000-C,93018.15,sell,0.2,0.2,,,,
604,339574900,2025-01-09 08:11:21,0,0.034,0.03398823,59.46,BTC-28FEB25-110000-C,92959.34,buy,0.2,0.2,,,,
605,339595572,2025-01-09 10:47:04,0,0.0345,0.03485329,59.56,BTC-28FEB25-110000-C,93114.86,sell,0.2,0.2,,,,
606,339607106,2025-01-09 13:04:51,1,0.0345,0.03443716,59.42,BTC-28FEB25-110000-C,93255.0,sell,0.1,0.1,,,,
607,339638253,2025-01-09 14:44:14,2,0.033,0.03271716,60.49,BTC-28FEB25-110000-C,92161.0,buy,0.2,0.2,,,,
608,339667942,2025-01-09 16:19:14,0,0.038,0.03817353,59.79,BTC-28FEB25-110000-C,94303.37,buy,0.5,0.5,,,,
609,339667943,2025-01-09 16:19:14,1,0.038,0.03817353,59.79,BTC-28FEB25-110000-C,94303.37,buy,0.2,0.2,,,,
610,339668794,2025-01-09 16:25:46,2,0.0375,0.03740931,59.94,BTC-28FEB25-110000-C,94089.63,sell,0.1,0.1,,,,
611,339671639,2025-01-09 16:42:31,3,0.0375,0.03741011,59.88,BTC-28FEB25-110000-C,94078.33,buy,0.5,0.5,,,,
612,339671671,2025-01-09 16:42:38,3,0.0375,0.03759252,59.76,BTC-28FEB25-110000-C,94130.25,buy,0.3,0.3,,,,
613,339671672,2025-01-09 16:42:38,3,0.0375,0.03759252,59.76,BTC-28FEB25-110000-C,94130.25,buy,0.4,0.4,,,,
614,339671673,2025-01-09 16:42:38,3,0.0375,0.03759252,59.76,BTC-28FEB25-110000-C,94130.25,buy,0.1,0.1,,,,
615,339671683,2025-01-09 16:42:38,3,0.0375,0.03759252,59.76,BTC-28FEB25-110000-C,94130.25,buy,0.1,0.1,,,,
616,339671684,2025-01-09 16:42:38,3,0.0375,0.03759252,59.76,BTC-28FEB25-110000-C,94130.25,buy,1.4,1.4,,,,
617,339682103,2025-01-09 17:50:22,2,0.0345,0.03408381,60.55,BTC-28FEB25-110000-C,92689.59,sell,0.7,0.7,,,,M
618,339706707,2025-01-09 20:00:31,2,0.0325,0.03291902,60.28,BTC-28FEB25-110000-C,92073.92,buy,0.1,0.1,,,,
619,339714286,2025-01-09 20:21:03,2,0.0315,0.03188557,60.31,BTC-28FEB25-110000-C,91655.98,sell,0.3,0.3,,,,
620,339732225,2025-01-09 21:20:39,0,0.033,0.03321406,60.4,BTC-28FEB25-110000-C,92227.33,buy,0.2,0.2,,,,
621,339732881,2025-01-09 21:24:26,0,0.0332,0.03351054,60.31,BTC-28FEB25-110000-C,92360.63,sell,187.5,187.5,,BTC-CSR23-28FEB25-102000_110000,176489,
622,339743206,2025-01-09 22:30:07,2,0.033,0.03327094,60.58,BTC-28FEB25-110000-C,92193.77,buy,0.1,0.1,,,,
623,339791375,2025-01-10 06:52:04,0,0.0365,0.03667134,59.49,BTC-28FEB25-110000-C,94115.88,sell,0.1,0.1,,,,
624,339791376,2025-01-10 06:52:04,1,0.0365,0.03667134,59.49,BTC-28FEB25-110000-C,94115.88,sell,1.3,1.3,,,,
625,339792238,2025-01-10 06:57:57,0,0.037,0.03714903,59.45,BTC-28FEB25-110000-C,94310.82,buy,0.6,0.6,,,,
626,339792490,2025-01-10 07:01:38,2,0.0365,0.03674811,59.35,BTC-28FEB25-110000-C,94180.44,sell,0.8,0.8,,,,
627,339814403,2025-01-10 08:14:57,0,0.038,0.03824408,59.45,BTC-28FEB25-110000-C,94711.53,sell,0.1,0.1,,,,
628,339814404,2025-01-10 08:15:00,1,0.038,0.03823322,59.45,BTC-28FEB25-110000-C,94714.95,buy,1.9,1.9,,,,
629,339814424,2025-01-10 08:15:14,2,0.0375,0.03823226,59.06,BTC-28FEB25-110000-C,94714.44,sell,2.0,2.0,,,,
630,339814505,2025-01-10 08:15:36,3,0.0375,0.0381506,59.1,BTC-28FEB25-110000-C,94701.03,sell,0.1,0.1,,,,
631,339814506,2025-01-10 08:15:36,3,0.0375,0.0381506,59.1,BTC-28FEB25-110000-C,94701.03,sell,1.9,1.9,,,,
632,339828236,2025-01-10 10:08:24,0,0.0385,0.03831986,59.35,BTC-28FEB25-110000-C,94944.31,buy,2.6,2.6,,,,
633,339828237,2025-01-10 10:08:24,1,0.0385,0.03831986,59.35,BTC-28FEB25-110000-C,94944.31,sell,0.9,0.9,,,,
634,339828319,2025-01-10 10:09:22,0,0.039,0.03838829,59.71,BTC-28FEB25-110000-C,94951.84,buy,8.5,8.5,,,,
635,339828320,2025-01-10 10:09:22,1,0.039,0.03838829,59.71,BTC-28FEB25-110000-C,94951.84,buy,1.5,1.5,,,,
636,339847079,2025-01-10 13:30:03,2,0.0385,0.03904685,59.83,BTC-28FEB25-110000-C,94724.41,sell,6.5,6.5,,,,
637,339850288,2025-01-10 13:30:26,2,0.037,0.03699743,60.18,BTC-28FEB25-110000-C,94020.09,sell,0.2,0.2,,,,
638,339899583,2025-01-10 14:51:02,2,0.0355,0.03511356,59.49,BTC-28FEB25-110000-C,93906.69,buy,1.6,1.6,,,,
639,339899621,2025-01-10 14:51:06,3,0.0355,0.03522046,59.42,BTC-28FEB25-110000-C,93967.56,sell,8.6,8.6,,,,
640,339947753,2025-01-10 16:17:04,2,0.035,0.03540949,59.3,BTC-28FEB25-110000-C,93830.4,sell,0.3,0.3,,,,
641,340063717,2025-01-11 16:12:24,3,0.035,0.03484555,58.86,BTC-28FEB25-110000-C,94365.09,buy,0.5,0.5,,,,
642,340070049,2025-01-11 17:24:59,2,0.0335,0.03411336,58.2,BTC-28FEB25-110000-C,94132.61,sell,0.2,0.2,,,,
643,340072244,2025-01-11 19:03:34,0,0.0345,0.03458935,58.74,BTC-28FEB25-110000-C,94265.72,buy,0.1,0.1,,,,
644,340092076,2025-01-12 06:32:56,0,0.0355,0.03495185,59.51,BTC-28FEB25-110000-C,94443.35,buy,0.1,0.1,,,,
645,340124783,2025-01-12 17:43:34,0,0.037,0.03673574,59.39,BTC-28FEB25-110000-C,95182.86,buy,0.1,0.1,,,,
646,340126910,2025-01-12 19:02:50,2,0.036,0.03591541,59.27,BTC-28FEB25-110000-C,94918.35,buy,0.1,0.1,,,,
647,340152817,2025-01-13 00:36:03,0,0.039,0.03845268,60.03,BTC-28FEB25-110000-C,95748.09,buy,0.5,0.5,,,,
648,340182603,2025-01-13 06:32:59,2,0.034,0.03390217,59.79,BTC-28FEB25-110000-C,94021.02,sell,0.1,0.1,,,,
649,340183772,2025-01-13 06:41:33,3,0.034,0.03350154,60.11,BTC-28FEB25-110000-C,93871.33,buy,0.1,0.1,,,,
650,340187856,2025-01-13 06:49:26,2,0.033,0.03261539,60.08,BTC-28FEB25-110000-C,93512.27,sell,0.2,0.2,,,,
651,340188250,2025-01-13 06:50:52,3,0.033,0.03208404,60.57,BTC-28FEB25-110000-C,93296.01,buy,0.2,0.2,,,,
652,340188867,2025-01-13 06:54:32,3,0.033,0.03221182,60.44,BTC-28FEB25-110000-C,93363.95,buy,0.3,0.3,,,,
653,340205709,2025-01-13 08:53:19,2,0.0319,0.03160807,60.56,BTC-28FEB25-110000-C,92976.49,buy,8.4,8.4,,,176772,
654,340209386,2025-01-13 09:17:36,2,0.0315,0.03161113,60.45,BTC-28FEB25-110000-C,92884.99,sell,0.2,0.2,,,,
655,340218349,2025-01-13 10:15:21,2,0.0311,0.03077557,60.91,BTC-28FEB25-110000-C,92521.98,buy,12.5,12.5,,BTC-CCAL-28FEB25_31JAN25-110000,176781,
656,340220034,2025-01-13 10:17:15,2,0.0307,0.03024818,61.11,BTC-28FEB25-110000-C,92271.47,buy,9.0,9.0,,,176782,
657,340221752,2025-01-13 10:23:09,2,0.03,0.03004379,60.77,BTC-28FEB25-110000-C,92145.52,sell,0.1,0.1,,,,
658,340221753,2025-01-13 10:23:09,3,0.03,0.03004398,60.79,BTC-28FEB25-110000-C,92136.85,sell,0.2,0.2,,,,
659,340221802,2025-01-13 10:23:14,3,0.03,0.02997242,60.84,BTC-28FEB25-110000-C,92117.44,sell,0.1,0.1,,,,
660,340221805,2025-01-13 10:23:15,3,0.03,0.02996165,60.84,BTC-28FEB25-110000-C,92115.47,sell,0.1,0.1,,,,
661,340221831,2025-01-13 10:23:17,3,0.03,0.02994664,60.86,BTC-28FEB25-110000-C,92110.43,sell,0.1,0.1,,,,
662,340221833,2025-01-13 10:23:17,3,0.03,0.02994664,60.86,BTC-28FEB25-110000-C,92110.43,sell,0.1,0.1,,,,
663,340221879,2025-01-13 10:23:18,3,0.03,0.02994247,60.88,BTC-28FEB25-110000-C,92099.32,sell,0.1,0.1,,,,
664,340221902,2025-01-13 10:23:19,3,0.03,0.02994247,60.9,BTC-28FEB25-110000-C,92089.24,sell,0.1,0.1,,,,
665,340221908,2025-01-13 10:23:19,3,0.03,0.02994247,60.9,BTC-28FEB25-110000-C,92089.24,sell,0.1,0.1,,,,
666,340221909,2025-01-13 10:23:19,3,0.03,0.02994247,60.9,BTC-28FEB25-110000-C,92089.24,sell,0.1,0.1,,,,
667,340222339,2025-01-13 10:25:16,0,0.0302,0.02986067,61.13,BTC-28FEB25-110000-C,92058.24,buy,9.0,9.0,,,176787,
668,340224038,2025-01-13 10:29:06,2,0.0295,0.0293766,60.94,BTC-28FEB25-110000-C,91879.56,buy,0.1,0.1,,,,
669,340225871,2025-01-13 10:33:12,0,0.0296,0.02923541,61.3,BTC-28FEB25-110000-C,91743.05,buy,9.0,9.0,,,176789,
670,340228821,2025-01-13 10:40:13,2,0.029,0.02894566,61.03,BTC-28FEB25-110000-C,91629.5,sell,0.1,0.1,,,,
671,340229534,2025-01-13 10:43:03,0,0.0292,0.02880806,61.35,BTC-28FEB25-110000-C,91565.8,buy,9.0,9.0,,,176801,
672,340231111,2025-01-13 10:50:09,2,0.0285,0.0285811,61.07,BTC-28FEB25-110000-C,91409.87,buy,0.1,0.1,,,,
673,340239407,2025-01-13 11:23:03,0,0.029,0.02924448,60.96,BTC-28FEB25-110000-C,91641.0,buy,0.2,0.2,,,,
674,340249626,2025-01-13 11:59:05,2,0.0273,0.02717367,61.23,BTC-28FEB25-110000-C,90829.74,buy,8.4,8.4,,,176846,
675,340249830,2025-01-13 11:59:47,2,0.027,0.02701343,61.09,BTC-28FEB25-110000-C,90769.55,sell,0.1,0.1,,,,
676,340251670,2025-01-13 12:01:36,3,0.027,0.0266237,61.43,BTC-28FEB25-110000-C,90617.7,buy,0.2,0.2,,,,
677,340264581,2025-01-13 12:40:38,2,0.0261,0.02571759,61.36,BTC-28FEB25-110000-C,90245.06,buy,8.4,8.4,,,176851,
678,340267984,2025-01-13 12:48:26,2,0.026,0.02622509,60.81,BTC-28FEB25-110000-C,90456.28,buy,2.6,2.6,,,,
679,340346527,2025-01-13 15:47:47,0,0.0305,0.03065595,60.53,BTC-28FEB25-110000-C,92399.63,sell,0.1,0.1,,,,
680,340346528,2025-01-13 15:47:47,1,0.0305,0.03065595,60.53,BTC-28FEB25-110000-C,92399.63,sell,3.1,3.1,,,,
681,340346529,2025-01-13 15:47:47,1,0.0305,0.03065595,60.53,BTC-28FEB25-110000-C,92399.63,buy,1.0,1.0,,,,
682,340346530,2025-01-13 15:47:47,1,0.0305,0.03065595,60.53,BTC-28FEB25-110000-C,92399.63,buy,0.1,0.1,,,,
683,340346531,2025-01-13 15:47:47,1,0.0305,0.03065595,60.53,BTC-28FEB25-110000-C,92399.63,buy,9.0,9.0,,,,
684,340346533,2025-01-13 15:47:47,1,0.0305,0.03065595,60.53,BTC-28FEB25-110000-C,92399.63,buy,0.4,0.4,,,,
685,340346534,2025-01-13 15:47:47,1,0.0305,0.03065595,60.53,BTC-28FEB25-110000-C,92399.63,buy,6.3,6.3,,,,
686,340360789,2025-01-13 16:24:03,2,0.0275,0.02792613,59.88,BTC-28FEB25-110000-C,91504.88,sell,5.0,5.0,,,,
687,340362054,2025-01-13 16:30:07,0,0.028,0.02831074,60.05,BTC-28FEB25-110000-C,91631.63,sell,5.0,5.0,,,,
688,340378890,2025-01-13 18:00:18,0,0.029,0.02925598,60.33,BTC-28FEB25-110000-C,91943.85,buy,0.1,0.1,,,,
689,340390528,2025-01-13 19:11:39,0,0.03,0.02981068,60.73,BTC-28FEB25-110000-C,92183.56,buy,0.1,0.1,,,,
690,340390529,2025-01-13 19:11:39,1,0.03,0.02981068,60.73,BTC-28FEB25-110000-C,92183.56,sell,0.9,0.9,,,,
691,340391986,2025-01-13 19:19:27,2,0.0295,0.02908828,61.23,BTC-28FEB25-110000-C,91759.48,buy,0.5,0.5,,,,
692,340392087,2025-01-13 19:20:23,3,0.0295,0.02889943,61.4,BTC-28FEB25-110000-C,91681.03,buy,0.5,0.5,,,,
693,340392115,2025-01-13 19:20:37,2,0.0285,0.02882171,60.57,BTC-28FEB25-110000-C,91653.29,sell,1.0,1.0,,,,
694,340398074,2025-01-13 19:58:37,0,0.0305,0.03030813,61.07,BTC-28FEB25-110000-C,92245.65,sell,0.1,0.1,,,,
695,340420789,2025-01-13 21:20:18,0,0.033,0.03305601,60.37,BTC-28FEB25-110000-C,93617.93,buy,0.5,0.5,,,,
696,340424804,2025-01-13 21:39:55,0,0.035,0.0344616,60.81,BTC-28FEB25-110000-C,94121.87,buy,2.4,2.4,,,,
697,340424805,2025-01-13 21:39:55,1,0.035,0.0344616,60.81,BTC-28FEB25-110000-C,94121.87,buy,5.6,5.6,,,,
698,340425703,2025-01-13 21:41:22,0,0.0355,0.03470774,61.05,BTC-28FEB25-110000-C,94209.59,buy,3.0,3.0,,,,
699,340427175,2025-01-13 21:45:36,1,0.0355,0.03524807,60.69,BTC-28FEB25-110000-C,94368.83,buy,0.2,0.2,,,,
700,340429032,2025-01-13 21:55:38,2,0.0345,0.03492474,60.36,BTC-28FEB25-110000-C,94131.3,sell,0.3,0.3,,,,
701,340460386,2025-01-14 02:19:46,0,0.0375,0.03721793,60.9,BTC-28FEB25-110000-C,94981.56,buy,0.5,0.5,,,,
702,340460387,2025-01-14 02:19:46,1,0.0375,0.03721793,60.9,BTC-28FEB25-110000-C,94981.56,buy,1.0,1.0,,,,
703,340476650,2025-01-14 04:54:35,0,0.038,0.03803774,61.39,BTC-28FEB25-110000-C,94961.22,buy,0.5,0.5,,,,
704,340486678,2025-01-14 07:00:01,1,0.038,0.03817867,61.39,BTC-28FEB25-110000-C,94973.81,buy,0.5,0.5,,,,
705,340492715,2025-01-14 08:07:05,1,0.038,0.03839439,61.32,BTC-28FEB25-110000-C,95049.54,buy,0.5,0.5,,,,
706,340495957,2025-01-14 08:17:42,0,0.039,0.03909155,61.06,BTC-28FEB25-110000-C,95574.94,buy,0.1,0.1,,,,
707,340506949,2025-01-14 09:25:31,0,0.041,0.04069565,61.27,BTC-28FEB25-110000-C,96188.53,buy,0.1,0.1,,,,
708,340512095,2025-01-14 09:37:31,0,0.043,0.04271734,61.57,BTC-28FEB25-110000-C,96705.02,buy,5.0,5.0,,,,
709,340516169,2025-01-14 09:48:28,0,0.045,0.04398951,62.58,BTC-28FEB25-110000-C,96902.39,buy,0.5,0.5,,,,
710,340516170,2025-01-14 09:48:28,1,0.045,0.04398951,62.58,BTC-28FEB25-110000-C,96902.39,buy,2.5,2.5,,,,
711,340516171,2025-01-14 09:48:28,1,0.045,0.04398951,62.58,BTC-28FEB25-110000-C,96902.39,buy,4.1,4.1,,,,
712,340516172,2025-01-14 09:48:28,1,0.045,0.04398951,62.58,BTC-28FEB25-110000-C,96902.39,buy,2.2,2.2,,,,
713,340516173,2025-01-14 09:48:28,1,0.045,0.04398951,62.58,BTC-28FEB25-110000-C,96902.39,buy,0.7,0.7,,,,
714,340522920,2025-01-14 10:01:41,2,0.0445,0.04465823,61.7,BTC-28FEB25-110000-C,97110.09,buy,0.1,0.1,,,,
715,340523778,2025-01-14 10:03:21,3,0.0445,0.04450187,61.8,BTC-28FEB25-110000-C,97056.24,buy,0.1,0.1,,,,
716,340525720,2025-01-14 10:11:36,2,0.043,0.04348331,61.39,BTC-28FEB25-110000-C,96732.46,sell,0.1,0.1,,,,
717,340525751,2025-01-14 10:11:36,3,0.043,0.04348331,61.39,BTC-28FEB25-110000-C,96732.46,sell,0.1,0.1,,,,
718,340527612,2025-01-14 10:21:36,3,0.043,0.04350322,61.32,BTC-28FEB25-110000-C,96773.79,sell,0.1,0.1,,,,
719,340528863,2025-01-14 10:31:36,2,0.0425,0.04320677,61.08,BTC-28FEB25-110000-C,96709.77,sell,0.1,0.1,,,,
720,340528886,2025-01-14 10:31:36,3,0.0425,0.04319493,61.07,BTC-28FEB25-110000-C,96711.94,sell,0.1,0.1,,,,
721,340529754,2025-01-14 10:41:36,3,0.0425,0.04292214,61.27,BTC-28FEB25-110000-C,96602.42,sell,0.1,0.1,,,,
722,340532315,2025-01-14 11:06:11,0,0.043,0.04307486,61.6,BTC-28FEB25-110000-C,96627.42,buy,0.1,0.1,,,,
723,340534285,2025-01-14 11:20:11,2,0.0425,0.04263873,61.71,BTC-28FEB25-110000-C,96436.15,sell,0.1,0.1,,,,
724,340545371,2025-01-14 12:51:25,2,0.0415,0.04106789,61.74,BTC-28FEB25-110000-C,96146.06,buy,0.1,0.1,,,,
725,340547068,2025-01-14 13:03:12,2,0.04,0.04016318,61.32,BTC-28FEB25-110000-C,95833.57,sell,1.0,1.0,,,,
726,340547855,2025-01-14 13:16:14,0,0.041,0.04053985,61.79,BTC-28FEB25-110000-C,95971.13,buy,3.0,3.0,,,,
727,340558902,2025-01-14 13:37:54,0,0.043,0.04257165,61.73,BTC-28FEB25-110000-C,96620.22,buy,8.5,8.5,,,,
728,340558903,2025-01-14 13:37:54,1,0.043,0.04257165,61.73,BTC-28FEB25-110000-C,96620.22,buy,1.0,1.0,,,,
729,340558904,2025-01-14 13:37:54,1,0.043,0.04257165,61.73,BTC-28FEB25-110000-C,96620.22,sell,0.5,0.5,,,,
730,340559016,2025-01-14 13:38:15,1,0.043,0.04215941,61.98,BTC-28FEB25-110000-C,96519.21,buy,1.0,1.0,,,,
731,340559017,2025-01-14 13:38:15,1,0.043,0.04215941,61.98,BTC-28FEB25-110000-C,96519.21,buy,9.0,9.0,,,,
732,340569379,2025-01-14 14:30:42,0,0.044,0.04402982,62.08,BTC-28FEB25-110000-C,96787.2,sell,0.1,0.1,,,,
733,340570654,2025-01-14 14:33:04,1,0.044,0.04375685,62.27,BTC-28FEB25-110000-C,96729.76,sell,0.1,0.1,,,,
734,340570832,2025-01-14 14:33:28,2,0.0435,0.04353148,62.16,BTC-28FEB25-110000-C,96618.18,buy,0.1,0.1,,,,
735,340571044,2025-01-14 14:33:57,0,0.044,0.04387309,62.15,BTC-28FEB25-110000-C,96779.34,buy,0.1,0.1,,,,
736,340573216,2025-01-14 14:39:02,0,0.045,0.04528279,61.96,BTC-28FEB25-110000-C,97185.63,buy,0.1,0.1,,,,
737,340573987,2025-01-14 14:41:20,2,0.0445,0.04470615,62.0,BTC-28FEB25-110000-C,97008.71,buy,0.1,0.1,,,,
738,340579479,2025-01-14 14:56:09,2,0.0425,0.04219457,62.27,BTC-28FEB25-110000-C,96236.73,buy,0.1,0.1,,,,
739,340614414,2025-01-14 17:13:25,2,0.0411,0.04157757,61.81,BTC-28FEB25-110000-C,95956.36,sell,100.0,100.0,,,177039,
740,340614650,2025-01-14 17:14:23,0,0.0412,0.04167423,61.74,BTC-28FEB25-110000-C,96025.33,sell,25.0,25.0,,,177040,
741,340614918,2025-01-14 17:16:15,2,0.0406,0.04109336,61.53,BTC-28FEB25-110000-C,95952.82,sell,25.0,25.0,,,177042,
742,340616631,2025-01-14 17:22:13,2,0.039,0.03935034,60.88,BTC-28FEB25-110000-C,95736.77,buy,4.0,4.0,,,,
743,340616659,2025-01-14 17:22:14,3,0.039,0.03932883,60.88,BTC-28FEB25-110000-C,95738.27,buy,0.9,0.9,,,,
744,340635742,2025-01-14 19:15:28,0,0.0415,0.04202996,60.26,BTC-28FEB25-110000-C,96912.24,sell,0.1,0.1,,,,
745,340635813,2025-01-14 19:16:01,1,0.0415,0.04198762,60.29,BTC-28FEB25-110000-C,96896.25,sell,0.1,0.1,,,,
746,340665961,2025-01-15 00:16:30,2,0.041,0.0415319,60.25,BTC-28FEB25-110000-C,96826.73,sell,0.1,0.1,,,,
747,340673966,2025-01-15 00:34:51,0,0.042,0.04215606,60.56,BTC-28FEB25-110000-C,97049.27,sell,0.1,0.1,,,,
748,340674644,2025-01-15 00:36:58,2,0.0415,0.04163037,60.64,BTC-28FEB25-110000-C,96845.03,sell,0.1,0.1,,,,
749,340674707,2025-01-15 00:37:49,3,0.0415,0.04163615,60.67,BTC-28FEB25-110000-C,96834.95,sell,0.1,0.1,,,,
750,340678936,2025-01-15 01:33:16,0,0.0425,0.04260347,60.89,BTC-28FEB25-110000-C,97069.73,buy,0.1,0.1,,,,
751,340691138,2025-01-15 03:54:51,1,0.0425,0.04218986,61.12,BTC-28FEB25-110000-C,97061.59,buy,0.1,0.1,,,,
752,340713127,2025-01-15 08:02:24,1,0.0425,0.04276664,60.55,BTC-28FEB25-110000-C,97301.11,sell,0.1,0.1,,,,
753,340723645,2025-01-15 09:44:53,2,0.0415,0.04171521,60.41,BTC-28FEB25-110000-C,97021.46,buy,0.1,0.1,,,,
754,340748441,2025-01-15 13:31:03,0,0.0445,0.04468385,60.27,BTC-28FEB25-110000-C,98122.57,sell,0.1,0.1,,,,
755,340758059,2025-01-15 13:39:38,0,0.045,0.04526198,60.17,BTC-28FEB25-110000-C,98361.8,sell,0.9,0.9,,,,
756,340766111,2025-01-15 13:56:44,0,0.046,0.04666045,59.6,BTC-28FEB25-110000-C,98867.58,sell,0.1,0.1,,,,
757,340766355,2025-01-15 13:57:36,0,0.0466,0.04653951,60.14,BTC-28FEB25-110000-C,98838.53,sell,25.0,25.0,,BTC-RR-28FEB25-100000_110000,177163,
758,340766518,2025-01-15 13:58:21,2,0.0463,0.04659534,59.83,BTC-28FEB25-110000-C,98864.0,sell,25.0,25.0,,BTC-RR-28FEB25-100000_110000,177164,
759,340766731,2025-01-15 13:58:49,0,0.0464,0.0466123,59.92,BTC-28FEB25-110000-C,98859.2,sell,25.0,25.0,,BTC-RR-28FEB25-100000_110000,177165,
760,340766847,2025-01-15 13:59:22,0,0.0466,0.04673591,59.98,BTC-28FEB25-110000-C,98898.84,sell,25.0,25.0,,BTC-RR-28FEB25-100000_110000,177166,
761,340767743,2025-01-15 14:00:32,0,0.047,0.04748706,59.66,BTC-28FEB25-110000-C,99135.05,sell,0.1,0.1,,,,
762,340767749,2025-01-15 14:00:32,0,0.0475,0.04748706,60.04,BTC-28FEB25-110000-C,99135.05,sell,25.0,25.0,,BTC-RR-28FEB25-100000_110000,177168,
763,340768329,2025-01-15 14:01:20,0,0.0477,0.04770261,60.03,BTC-28FEB25-110000-C,99206.77,sell,25.0,25.0,,BTC-RR-28FEB25-100000_110000,177169,
764,340769055,2025-01-15 14:01:53,0,0.0482,0.04814679,60.07,BTC-28FEB25-110000-C,99335.36,sell,25.0,25.0,,BTC-RR-28FEB25-100000_110000,177170,
765,340769769,2025-01-15 14:02:24,2,0.0481,0.0483792,59.81,BTC-28FEB25-110000-C,99406.62,sell,25.0,25.0,,BTC-RR-28FEB25-100000_110000,177171,
766,340769961,2025-01-15 14:02:43,2,0.0475,0.0483806,59.32,BTC-28FEB25-110000-C,99419.39,sell,0.1,0.1,,,,
767,340770887,2025-01-15 14:03:59,2,0.0465,0.04730846,59.31,BTC-28FEB25-110000-C,99133.54,sell,0.1,0.1,,,,
768,340774756,2025-01-15 14:12:48,0,0.048,0.04725614,60.59,BTC-28FEB25-110000-C,99037.1,buy,6.0,6.0,,,,
769,340774757,2025-01-15 14:12:48,1,0.048,0.04725614,60.59,BTC-28FEB25-110000-C,99037.1,buy,4.0,4.0,,,,
770,340806395,2025-01-15 15:27:13,0,0.0491,0.04928872,60.28,BTC-28FEB25-110000-C,99473.8,sell,25.0,25.0,,BTC-RR-28FEB25-100000_110000,177212,
771,340806504,2025-01-15 15:27:40,0,0.0494,0.04942769,60.43,BTC-28FEB25-110000-C,99504.54,sell,25.0,25.0,,BTC-RR-28FEB25-100000_110000,177213,
772,340807071,2025-01-15 15:28:57,0,0.0495,0.04999322,60.05,BTC-28FEB25-110000-C,99690.42,sell,12.5,12.5,,BTC-RR-28FEB25-100000_110000,177214,
773,340810457,2025-01-15 15:40:53,2,0.049,0.04853931,60.63,BTC-28FEB25-110000-C,99338.18,buy,0.2,0.2,,,,
774,340815687,2025-01-15 16:07:28,2,0.048,0.04844972,59.86,BTC-28FEB25-110000-C,99334.96,sell,0.1,0.1,,,,
775,340816058,2025-01-15 16:09:39,3,0.048,0.04854086,59.76,BTC-28FEB25-110000-C,99366.95,sell,2.0,2.0,,,,
776,340816323,2025-01-15 16:11:04,0,0.0485,0.04868347,60.01,BTC-28FEB25-110000-C,99410.49,buy,5.0,5.0,,,,
777,340820735,2025-01-15 16:44:26,2,0.0475,0.04695072,60.43,BTC-28FEB25-110000-C,98970.4,buy,0.1,0.1,,,,
778,340834732,2025-01-15 19:32:45,0,0.0485,0.04834898,59.99,BTC-28FEB25-110000-C,99449.84,buy,1.0,1.0,,,,
779,340851428,2025-01-15 20:27:14,0,0.052,0.05168168,60.36,BTC-28FEB25-110000-C,100442.69,sell,0.2,0.2,,,,
780,340853659,2025-01-15 20:33:03,2,0.051,0.05082742,60.32,BTC-28FEB25-110000-C,100159.21,sell,0.2,0.2,,,,
781,340853719,2025-01-15 20:33:28,0,0.0515,0.05085091,60.68,BTC-28FEB25-110000-C,100167.45,buy,5.0,5.0,,,,
782,340853720,2025-01-15 20:33:28,1,0.0515,0.05085091,60.68,BTC-28FEB25-110000-C,100167.45,buy,2.8,2.8,,,,
783,340853721,2025-01-15 20:33:28,1,0.0515,0.05085091,60.68,BTC-28FEB25-110000-C,100167.45,buy,2.2,2.2,,,,
784,340854762,2025-01-15 20:39:27,2,0.05,0.04999544,60.23,BTC-28FEB25-110000-C,99910.25,sell,0.2,0.2,,,,
785,340864125,2025-01-15 21:59:01,2,0.049,0.0489829,60.03,BTC-28FEB25-110000-C,99677.77,buy,0.1,0.1,,,,
786,340865817,2025-01-15 22:32:02,2,0.0485,0.04928641,59.66,BTC-28FEB25-110000-C,99683.15,sell,0.2,0.2,,,,
787,340873132,2025-01-15 23:55:30,0,0.0505,0.05107849,59.55,BTC-28FEB25-110000-C,100331.27,sell,0.1,0.1,,,,
788,340880676,2025-01-16 00:19:30,1,0.0505,0.05064364,59.85,BTC-28FEB25-110000-C,100205.67,buy,0.1,0.1,,,,
789,340880778,2025-01-16 00:20:01,1,0.0505,0.05104803,59.56,BTC-28FEB25-110000-C,100318.19,sell,0.1,0.1,,,,
790,340894508,2025-01-16 01:46:48,2,0.05,0.05006504,59.56,BTC-28FEB25-110000-C,100164.5,buy,0.1,0.1,,,,
791,340903095,2025-01-16 03:14:57,2,0.0487,0.04853042,59.93,BTC-28FEB25-110000-C,99702.58,buy,30.0,30.0,,BTC-CSR12-28FEB25-100000_110000,177283,
792,340917027,2025-01-16 05:45:01,2,0.0475,0.04794516,59.58,BTC-28FEB25-110000-C,99424.54,sell,0.6,0.6,,,,
793,340917028,2025-01-16 05:45:01,3,0.0475,0.04794516,59.58,BTC-28FEB25-110000-C,99424.54,sell,2.2,2.2,,,,
794,340917029,2025-01-16 05:45:01,3,0.0475,0.04794516,59.58,BTC-28FEB25-110000-C,99424.54,sell,7.2,7.2,,,,
795,340927053,2025-01-16 07:56:16,3,0.0475,0.04809295,58.88,BTC-28FEB25-110000-C,99732.9,sell,8.2,8.2,,,,
796,340927054,2025-01-16 07:56:16,3,0.0475,0.04809295,58.88,BTC-28FEB25-110000-C,99732.9,sell,1.8,1.8,,,,
797,340933599,2025-01-16 08:43:05,2,0.046,0.0460695,59.05,BTC-28FEB25-110000-C,99258.16,sell,0.3,0.3,,,,
798,340942027,2025-01-16 09:27:32,2,0.0455,0.04545833,59.36,BTC-28FEB25-110000-C,98983.71,sell,0.7,0.7,,,,
799,340942028,2025-01-16 09:27:32,3,0.0455,0.04545833,59.36,BTC-28FEB25-110000-C,98983.71,sell,0.1,0.1,,,,
800,340942942,2025-01-16 09:44:18,0,0.0465,0.04551741,60.04,BTC-28FEB25-110000-C,99018.32,buy,4.4,4.4,,,,
801,340942943,2025-01-16 09:44:18,1,0.0465,0.04551741,60.04,BTC-28FEB25-110000-C,99018.32,buy,5.6,5.6,,,,
802,340984613,2025-01-16 14:55:08,2,0.043,0.04228742,60.62,BTC-28FEB25-110000-C,97714.58,buy,0.2,0.2,,,,
803,340990149,2025-01-16 15:05:53,0,0.0435,0.04255061,61.22,BTC-28FEB25-110000-C,97579.42,buy,0.8,0.8,,,,
804,340990150,2025-01-16 15:05:53,1,0.0435,0.04255061,61.22,BTC-28FEB25-110000-C,97579.42,buy,0.7,0.7,,,,
805,341019482,2025-01-16 16:19:47,0,0.0505,0.05032949,62.08,BTC-28FEB25-110000-C,99384.13,buy,2.7,2.7,,,,
806,341019483,2025-01-16 16:19:47,1,0.0505,0.05032949,62.08,BTC-28FEB25-110000-C,99384.13,buy,0.7,0.7,,,,
807,341019484,2025-01-16 16:19:47,1,0.0505,0.05032949,62.08,BTC-28FEB25-110000-C,99384.13,buy,8.2,8.2,,,,
808,341019485,2025-01-16 16:19:47,1,0.0505,0.05032949,62.08,BTC-28FEB25-110000-C,99384.13,buy,3.1,3.1,,,,
809,341019486,2025-01-16 16:19:47,1,0.0505,0.05032949,62.08,BTC-28FEB25-110000-C,99384.13,sell,3.0,3.0,,,,
810,341019487,2025-01-16 16:19:47,1,0.0505,0.05032949,62.08,BTC-28FEB25-110000-C,99384.13,sell,1.0,1.0,,,,
811,341019488,2025-01-16 16:19:47,1,0.0505,0.05032949,62.08,BTC-28FEB25-110000-C,99384.13,sell,1.3,1.3,,,,
812,341020239,2025-01-16 16:21:39,1,0.0505,0.05001866,62.25,BTC-28FEB25-110000-C,99320.44,buy,0.5,0.5,,,,
813,341020328,2025-01-16 16:21:57,0,0.051,0.05020913,62.58,BTC-28FEB25-110000-C,99341.74,buy,8.2,8.2,,,,
814,341020329,2025-01-16 16:21:57,1,0.051,0.05020913,62.58,BTC-28FEB25-110000-C,99341.74,buy,1.9,1.9,,,,
815,341020330,2025-01-16 16:21:57,1,0.051,0.05020913,62.58,BTC-28FEB25-110000-C,99341.74,buy,10.0,10.0,,,,
816,341020331,2025-01-16 16:21:57,1,0.051,0.05020913,62.58,BTC-28FEB25-110000-C,99341.74,buy,3.3,3.3,,,,
817,341020332,2025-01-16 16:21:57,1,0.051,0.05020913,62.58,BTC-28FEB25-110000-C,99341.74,buy,1.2,1.2,,,,
818,341020333,2025-01-16 16:21:57,0,0.0515,0.05020913,62.96,BTC-28FEB25-110000-C,99341.74,buy,2.2,2.2,,,,
819,341020334,2025-01-16 16:21:57,1,0.0515,0.05020913,62.96,BTC-28FEB25-110000-C,99341.74,buy,4.7,4.7,,,,
820,341020335,2025-01-16 16:21:57,1,0.0515,0.05020913,62.96,BTC-28FEB25-110000-C,99341.74,buy,8.2,8.2,,,,
821,341020336,2025-01-16 16:21:57,1,0.0515,0.05020913,62.96,BTC-28FEB25-110000-C,99341.74,buy,10.3,10.3,,,,
822,341020390,2025-01-16 16:21:58,2,0.051,0.05020913,62.57,BTC-28FEB25-110000-C,99342.11,buy,2.8,2.8,,,,
823,341020635,2025-01-16 16:22:27,3,0.051,0.05036419,62.46,BTC-28FEB25-110000-C,99377.38,buy,0.5,0.5,,,,
824,341021777,2025-01-16 16:27:20,0,0.052,0.05154718,62.58,BTC-28FEB25-110000-C,99622.92,buy,0.5,0.5,,,,
825,341031316,2025-01-16 17:12:27,2,0.05,0.05015593,61.8,BTC-28FEB25-110000-C,99346.85,buy,0.5,0.5,,,,
826,341031318,2025-01-16 17:12:27,3,0.05,0.05015593,61.8,BTC-28FEB25-110000-C,99346.85,buy,0.5,0.5,,,,
827,341054838,2025-01-16 19:42:00,0,0.052,0.05163941,61.92,BTC-28FEB25-110000-C,99957.23,buy,6.0,6.0,,,,
828,341068274,2025-01-16 20:56:44,0,0.0545,0.05379012,62.36,BTC-28FEB25-110000-C,100482.57,buy,1.9,1.9,,,,
829,341068275,2025-01-16 20:56:44,1,0.0545,0.05379012,62.36,BTC-28FEB25-110000-C,100482.57,buy,4.1,4.1,,,,
830,341083186,2025-01-16 22:22:20,2,0.0515,0.05110179,62.3,BTC-28FEB25-110000-C,99648.53,buy,0.3,0.3,,,,
831,341090549,2025-01-16 23:10:30,3,0.0515,0.0516515,61.64,BTC-28FEB25-110000-C,99909.58,buy,0.1,0.1,,,,
832,341098273,2025-01-17 00:26:04,0,0.0525,0.05269226,61.45,BTC-28FEB25-110000-C,100286.03,sell,0.2,0.2,,,,
833,341108999,2025-01-17 01:37:00,0,0.054,0.05426014,60.88,BTC-28FEB25-110000-C,100942.12,sell,0.4,0.4,,,,
834,341150358,2025-01-17 04:39:19,2,0.0525,0.05289412,59.62,BTC-28FEB25-110000-C,101040.98,sell,0.1,0.1,,,,
835,341151580,2025-01-17 04:56:09,0,0.0545,0.0540255,60.27,BTC-28FEB25-110000-C,101373.27,buy,7.9,7.9,,,,
836,341151581,2025-01-17 04:56:09,1,0.0545,0.0540255,60.27,BTC-28FEB25-110000-C,101373.27,buy,2.1,2.1,,,,
837,341163880,2025-01-17 07:08:56,0,0.055,0.0553732,60.45,BTC-28FEB25-110000-C,101456.44,buy,1.7,1.7,,,,
838,341163881,2025-01-17 07:08:56,1,0.055,0.0553732,60.45,BTC-28FEB25-110000-C,101456.44,buy,2.3,2.3,,,,
839,341188103,2025-01-17 08:57:40,0,0.0585,0.05787596,61.21,BTC-28FEB25-110000-C,102156.43,buy,1.9,1.9,,,,
840,341188104,2025-01-17 08:57:40,1,0.0585,0.05787596,61.21,BTC-28FEB25-110000-C,102156.43,buy,2.1,2.1,,,,
841,341188105,2025-01-17 08:57:40,1,0.0585,0.05787596,61.21,BTC-28FEB25-110000-C,102156.43,buy,6.0,6.0,,,,
842,341195129,2025-01-17 09:34:48,2,0.0575,0.05688334,61.3,BTC-28FEB25-110000-C,101852.27,buy,1.0,1.0,,,,
843,341195132,2025-01-17 09:34:54,3,0.0575,0.05688639,61.31,BTC-28FEB25-110000-C,101849.75,buy,1.0,1.0,,,,
844,341195133,2025-01-17 09:34:57,3,0.0575,0.05688046,61.3,BTC-28FEB25-110000-C,101850.53,buy,1.0,1.0,,,,
845,341195134,2025-01-17 09:35:00,3,0.0575,0.05688757,61.3,BTC-28FEB25-110000-C,101850.4,buy,1.0,1.0,,,,
846,341195135,2025-01-17 09:35:03,3,0.0575,0.05688859,61.3,BTC-28FEB25-110000-C,101850.5,buy,1.0,1.0,,,,
847,341195141,2025-01-17 09:35:05,3,0.0575,0.0568892,61.3,BTC-28FEB25-110000-C,101852.72,buy,1.0,1.0,,,,
848,341195142,2025-01-17 09:35:18,3,0.0575,0.05691668,61.29,BTC-28FEB25-110000-C,101855.77,buy,0.5,0.5,,,,
849,341195147,2025-01-17 09:35:22,3,0.0575,0.05691215,61.28,BTC-28FEB25-110000-C,101855.92,buy,0.1,0.1,,,,
850,341195196,2025-01-17 09:35:25,0,0.058,0.05692301,61.65,BTC-28FEB25-110000-C,101857.97,buy,0.1,0.1,,,,
851,341196058,2025-01-17 09:43:56,2,0.057,0.05686909,61.0,BTC-28FEB25-110000-C,101843.17,sell,0.1,0.1,,,,
852,341200673,2025-01-17 10:22:03,0,0.0575,0.05728367,60.9,BTC-28FEB25-110000-C,102061.65,sell,0.1,0.1,,,,
853,341202380,2025-01-17 10:33:17,0,0.058,0.05812501,60.67,BTC-28FEB25-110000-C,102257.66,buy,1.0,1.0,,,,
854,341207422,2025-01-17 10:56:11,2,0.057,0.05727513,59.99,BTC-28FEB25-110000-C,102252.74,buy,0.5,0.5,,,,
855,341207623,2025-01-17 10:59:06,3,0.057,0.05739111,59.83,BTC-28FEB25-110000-C,102280.17,buy,0.9,0.9,,,,
856,341225076,2025-01-17 13:16:03,0,0.059,0.05917725,59.88,BTC-28FEB25-110000-C,102811.25,buy,0.3,0.3,,,,
857,341225450,2025-01-17 13:18:42,1,0.059,0.05876711,60.24,BTC-28FEB25-110000-C,102693.35,sell,0.1,0.1,,,,
858,341236228,2025-01-17 14:36:11,0,0.06,0.0597391,60.12,BTC-28FEB25-110000-C,103021.94,buy,0.1,0.1,,,,
859,341250798,2025-01-17 15:08:59,0,0.0635,0.06319275,60.29,BTC-28FEB25-110000-C,103950.67,sell,0.5,0.5,,,,
860,341250886,2025-01-17 15:09:08,1,0.0635,0.06323764,60.29,BTC-28FEB25-110000-C,103952.58,sell,0.5,0.5,,,,
861,341253814,2025-01-17 15:13:53,0,0.064,0.06396636,60.34,BTC-28FEB25-110000-C,104060.92,buy,2.0,2.0,,,,
862,341254169,2025-01-17 15:14:17,1,0.064,0.06384197,60.4,BTC-28FEB25-110000-C,104045.3,sell,0.5,0.5,,,,
863,341255508,2025-01-17 15:17:23,0,0.065,0.06476292,60.54,BTC-28FEB25-110000-C,104255.94,buy,0.1,0.1,,,,
864,341262599,2025-01-17 15:26:47,2,0.0645,0.06406972,61.61,BTC-28FEB25-110000-C,103650.56,buy,0.1,0.1,,,,
865,341262601,2025-01-17 15:26:47,3,0.0645,0.06406972,61.61,BTC-28FEB25-110000-C,103650.56,buy,7.1,7.1,,,,
866,341291306,2025-01-17 16:40:37,0,0.07,0.06958724,61.89,BTC-28FEB25-110000-C,104967.52,buy,0.1,0.1,,,,
867,341291307,2025-01-17 16:40:37,1,0.07,0.06958724,61.89,BTC-28FEB25-110000-C,104967.52,buy,1.3,1.3,,,,
868,341291308,2025-01-17 16:40:37,1,0.07,0.06958724,61.89,BTC-28FEB25-110000-C,104967.52,buy,0.5,0.5,,,,
869,341291318,2025-01-17 16:40:37,1,0.07,0.06958724,61.89,BTC-28FEB25-110000-C,104967.52,buy,1.1,1.1,,,,
870,341291870,2025-01-17 16:42:14,1,0.07,0.06963486,61.89,BTC-28FEB25-110000-C,104965.52,sell,0.1,0.1,,,,
871,341296645,2025-01-17 17:01:56,2,0.0695,0.06945533,61.58,BTC-28FEB25-110000-C,104950.17,sell,0.1,0.1,,,,
872,341297491,2025-01-17 17:05:36,3,0.0695,0.06962654,61.44,BTC-28FEB25-110000-C,104995.47,sell,0.1,0.1,,,,
873,341314431,2025-01-17 18:16:26,2,0.0665,0.06668365,61.13,BTC-28FEB25-110000-C,104404.29,buy,1.0,1.0,,,,
874,341320005,2025-01-17 18:53:53,0,0.069,0.06935189,61.3,BTC-28FEB25-110000-C,104981.98,sell,0.5,0.5,,,,
875,341320006,2025-01-17 18:53:53,1,0.069,0.06935189,61.3,BTC-28FEB25-110000-C,104981.98,sell,0.5,0.5,,,,
876,341322770,2025-01-17 19:11:37,0,0.0695,0.06963744,61.48,BTC-28FEB25-110000-C,105064.05,buy,1.0,1.0,,,,
877,341337753,2025-01-17 20:00:32,0,0.073,0.07291128,61.7,BTC-28FEB25-110000-C,105916.13,buy,0.6,0.6,,,,
878,341340880,2025-01-17 20:09:52,2,0.072,0.07148733,62.09,BTC-28FEB25-110000-C,105493.28,buy,0.1,0.1,,,,
879,341341146,2025-01-17 20:10:38,0,0.0725,0.07211834,62.02,BTC-28FEB25-110000-C,105644.48,sell,0.8,0.8,,,,
880,341341147,2025-01-17 20:10:38,1,0.0725,0.07211834,62.02,BTC-28FEB25-110000-C,105644.48,sell,0.1,0.1,,,,
881,341341562,2025-01-17 20:11:59,2,0.0715,0.07134115,62.0,BTC-28FEB25-110000-C,105407.52,sell,0.1,0.1,,,,
882,341341646,2025-01-17 20:12:35,0,0.072,0.07123419,62.28,BTC-28FEB25-110000-C,105441.79,buy,0.5,0.5,,,,
883,341341647,2025-01-17 20:12:35,1,0.072,0.07123419,62.28,BTC-28FEB25-110000-C,105441.79,buy,0.4,0.4,,,,
884,341341814,2025-01-17 20:13:57,1,0.072,0.07168593,62.07,BTC-28FEB25-110000-C,105512.62,sell,0.1,0.1,,,,
885,341342053,2025-01-17 20:14:32,2,0.0715,0.07120203,62.07,BTC-28FEB25-110000-C,105392.03,sell,0.8,0.8,,,,
886,341342068,2025-01-17 20:14:36,0,0.072,0.07119634,62.43,BTC-28FEB25-110000-C,105395.07,buy,0.1,0.1,,,,
887,341372139,2025-01-18 03:27:12,2,0.066,0.0656809,61.78,BTC-28FEB25-110000-C,104118.6,sell,0.1,0.1,,,,
888,341373291,2025-01-18 03:37:33,2,0.065,0.06513857,61.53,BTC-28FEB25-110000-C,103978.29,sell,0.9,0.9,,,,
889,341373292,2025-01-18 03:37:33,3,0.065,0.06513857,61.53,BTC-28FEB25-110000-C,103978.29,sell,0.1,0.1,,,,
890,341388459,2025-01-18 04:36:14,2,0.063,0.06270878,61.75,BTC-28FEB25-110000-C,103410.55,buy,0.1,0.1,,,,
891,341396677,2025-01-18 05:55:34,0,0.064,0.06408241,62.5,BTC-28FEB25-110000-C,103337.85,sell,0.9,0.9,,,,
892,341396680,2025-01-18 05:55:34,1,0.064,0.06408241,62.5,BTC-28FEB25-110000-C,103337.85,sell,0.1,0.1,,,,
893,341415278,2025-01-18 07:55:22,2,0.0605,0.06012264,61.86,BTC-28FEB25-110000-C,102783.93,buy,0.1,0.1,,,,
894,341424847,2025-01-18 08:54:40,0,0.062,0.06174254,61.54,BTC-28FEB25-110000-C,103293.5,sell,0.1,0.1,,,,
895,341425159,2025-01-18 08:55:06,1,0.062,0.0616879,61.62,BTC-28FEB25-110000-C,103269.63,sell,0.9,0.9,,,,
896,341425662,2025-01-18 09:00:04,1,0.062,0.06151932,61.71,BTC-28FEB25-110000-C,103227.71,buy,0.1,0.1,,,,
897,341425838,2025-01-18 09:02:36,1,0.062,0.0616539,61.6,BTC-28FEB25-110000-C,103253.71,sell,0.1,0.1,,,,
898,341428857,2025-01-18 09:42:53,2,0.061,0.06085299,61.53,BTC-28FEB25-110000-C,103055.92,sell,0.1,0.1,,,,
899,341429312,2025-01-18 09:51:07,0,0.0615,0.06091357,61.72,BTC-28FEB25-110000-C,103109.08,buy,0.1,0.1,,,,
900,341434391,2025-01-18 11:00:49,2,0.061,0.06095885,61.5,BTC-28FEB25-110000-C,103054.87,buy,0.1,0.1,,,,
901,341437138,2025-01-18 11:44:33,0,0.064,0.06316829,62.2,BTC-28FEB25-110000-C,103614.17,buy,7.2,7.2,,,,
902,341437139,2025-01-18 11:44:33,1,0.064,0.06316829,62.2,BTC-28FEB25-110000-C,103614.17,buy,2.8,2.8,,,,
903,341456155,2025-01-18 14:56:48,0,0.065,0.06456826,62.17,BTC-28FEB25-110000-C,103963.66,sell,1.0,1.0,,,,
904,341468483,2025-01-18 16:16:38,0,0.066,0.0661281,62.4,BTC-28FEB25-110000-C,104037.01,buy,0.5,0.5,,,,
905,341519258,2025-01-19 02:35:23,0,0.072,0.0717536,64.21,BTC-28FEB25-110000-C,105180.34,sell,1.0,1.0,,,,
906,341530460,2025-01-19 04:49:23,2,0.07,0.06990029,63.73,BTC-28FEB25-110000-C,104882.07,sell,1.1,1.1,,,,
907,341530461,2025-01-19 04:49:23,3,0.07,0.06990029,63.73,BTC-28FEB25-110000-C,104882.07,sell,0.1,0.1,,,,
908,341530645,2025-01-19 04:50:53,3,0.07,0.06989263,63.93,BTC-28FEB25-110000-C,104817.93,sell,0.8,0.8,,,,
909,341531637,2025-01-19 05:05:04,2,0.0695,0.06933341,64.08,BTC-28FEB25-110000-C,104673.01,sell,2.0,2.0,,,,
910,341551308,2025-01-19 08:28:18,2,0.069,0.06945809,63.67,BTC-28FEB25-110000-C,104587.0,sell,6.9,6.9,,,,
911,341551309,2025-01-19 08:28:18,3,0.069,0.06945809,63.67,BTC-28FEB25-110000-C,104587.0,buy,1.9,1.9,,,,
912,341551310,2025-01-19 08:28:18,3,0.069,0.06945809,63.67,BTC-28FEB25-110000-C,104587.0,buy,1.2,1.2,,,,
913,341551313,2025-01-19 08:28:20,2,0.0685,0.06944347,63.3,BTC-28FEB25-110000-C,104584.36,sell,6.8,6.8,,,,
914,341551314,2025-01-19 08:28:20,3,0.0685,0.06944347,63.3,BTC-28FEB25-110000-C,104584.36,sell,1.8,1.8,,,,
915,341551315,2025-01-19 08:28:20,3,0.0685,0.06944347,63.3,BTC-28FEB25-110000-C,104584.36,sell,1.4,1.4,,,,
916,341568578,2025-01-19 09:54:30,0,0.073,0.07278768,64.66,BTC-28FEB25-110000-C,105260.09,sell,0.1,0.1,,,,
917,341593478,2025-01-19 12:59:44,2,0.071,0.07097407,64.51,BTC-28FEB25-110000-C,104825.97,buy,0.2,0.2,,,,
918,341596667,2025-01-19 13:32:14,0,0.0717,0.07136381,65.05,BTC-28FEB25-110000-C,104798.07,buy,40.0,40.0,,BTC-CS-28FEB25-110000_125000,177794,
919,341596683,2025-01-19 13:32:26,0,0.0718,0.07128053,65.2,BTC-28FEB25-110000-C,104775.27,buy,50.0,50.0,,BTC-CS-28FEB25-110000_125000,177795,
920,341596713,2025-01-19 13:32:45,2,0.0717,0.0711459,65.21,BTC-28FEB25-110000-C,104750.47,buy,37.5,37.5,,BTC-CS-28FEB25-110000_125000,177796,
921,341596721,2025-01-19 13:32:45,3,0.0717,0.0711459,65.21,BTC-28FEB25-110000-C,104750.47,buy,12.5,12.5,,BTC-CS-28FEB25-110000_125000,177797,
922,341600958,2025-01-19 14:20:34,2,0.0715,0.0709104,65.29,BTC-28FEB25-110000-C,104707.68,sell,0.1,0.1,,,,
923,341619486,2025-01-19 16:54:48,3,0.0715,0.07163624,64.89,BTC-28FEB25-110000-C,104811.64,sell,1.0,1.0,,,,
924,341619540,2025-01-19 16:56:34,3,0.0715,0.07147778,64.99,BTC-28FEB25-110000-C,104782.7,sell,1.0,1.0,,,,
925,341619550,2025-01-19 16:57:36,3,0.0715,0.07155988,64.93,BTC-28FEB25-110000-C,104808.37,sell,1.0,1.0,,,,
