trade_seq,trade_id,timestamp,tick_direction,price,mark_price,iv,instrument_name,index_price,direction,amount,block_trade_id,combo_id,liquidation,combo_trade_id
1,211607197,2022-05-01 01:26:06,1,0.525,0.52763563,69.43,BTC-31MAR23-20000-C,37576.25,sell,0.1,,,,
2,212949471,2022-05-09 19:19:17,2,0.4435,0.44460967,69.44,BTC-31MAR23-20000-C,30865.24,buy,0.1,,,,
3,217598543,2022-06-11 12:52:10,2,0.405,0.40883001,71.03,BTC-31MAR23-20000-C,28633.42,buy,7.0,,,,
4,217598759,2022-06-11 12:55:18,0,0.406,0.40794388,71.78,BTC-31MAR23-20000-C,28596.84,buy,2.5,,,,
5,217598838,2022-06-11 12:56:41,0,0.4065,0.40820488,71.84,BTC-31MAR23-20000-C,28625.45,buy,0.7,,,,
6,218072185,2022-06-13 09:48:21,2,0.35,0.34055283,79.06,BTC-31MAR23-20000-C,23882.48,sell,0.1,,,,
7,218072933,2022-06-13 09:49:40,2,0.34,0.3390712,76.06,BTC-31MAR23-20000-C,23778.26,sell,0.1,,,,
8,218270260,2022-06-13 19:11:03,2,0.33,0.32941114,75.67,BTC-31MAR23-20000-C,23251.7,sell,1.0,,,,
9,218274872,2022-06-13 19:22:58,2,0.3285,0.32709256,75.73,BTC-31MAR23-20000-C,23173.74,sell,1.0,,,,
10,218307773,2022-06-13 22:55:38,2,0.32,0.32368312,75.79,BTC-31MAR23-20000-C,22655.73,sell,0.1,,,,
11,218891719,2022-06-15 08:25:37,2,0.29,0.28911901,79.66,BTC-31MAR23-20000-C,20424.23,sell,0.1,,,,
12,218891896,2022-06-15 08:26:19,3,0.29,0.28949596,79.57,BTC-31MAR23-20000-C,20445.52,sell,0.1,,,,
13,218894565,2022-06-15 08:33:15,0,0.3,0.29475162,82.55,BTC-31MAR23-20000-C,20483.28,buy,0.1,,,,
14,218895343,2022-06-15 08:35:17,1,0.3,0.30219348,81.99,BTC-31MAR23-20000-C,20545.19,sell,0.1,,,,
15,218903729,2022-06-15 08:59:36,2,0.29,0.29011264,81.4,BTC-31MAR23-20000-C,20185.32,sell,0.1,,,,
16,218910305,2022-06-15 09:15:49,0,0.3,0.29340884,84.84,BTC-31MAR23-20000-C,20162.28,sell,0.1,,,,
17,218932235,2022-06-15 10:17:09,0,0.32,0.31292544,90.42,BTC-31MAR23-20000-C,20248.02,sell,0.1,,,,
18,219087883,2022-06-15 18:31:15,2,0.2845,0.28584069,77.03,BTC-31MAR23-20000-C,20633.73,sell,6.0,,,,
19,219124093,2022-06-15 19:15:52,0,0.295,0.29638372,75.34,BTC-31MAR23-20000-C,21566.99,buy,1.0,,,,
20,219213953,2022-06-16 07:15:37,2,0.2845,0.28254329,70.34,BTC-31MAR23-20000-C,21878.68,buy,0.5,,,,
21,219268573,2022-06-16 13:34:34,2,0.28,0.28230804,73.81,BTC-31MAR23-20000-C,21012.76,sell,3.0,,,,
22,219514395,2022-06-17 12:44:11,3,0.28,0.28314428,75.33,BTC-31MAR23-20000-C,20793.85,sell,1.0,,,,
23,219744237,2022-06-18 14:54:06,2,0.257,0.25527839,78.36,BTC-31MAR23-20000-C,19071.36,sell,1.0,,,,
24,219744573,2022-06-18 14:56:32,3,0.257,0.25081099,78.36,BTC-31MAR23-20000-C,19062.94,sell,3.0,,,,
25,219744694,2022-06-18 14:58:26,3,0.257,0.25751611,78.33,BTC-31MAR23-20000-C,19060.26,sell,3.0,,,,
26,219745907,2022-06-18 15:08:21,3,0.257,0.25314854,78.59,BTC-31MAR23-20000-C,19020.17,sell,3.0,,,,
27,219745960,2022-06-18 15:09:08,3,0.257,0.25232865,78.52,BTC-31MAR23-20000-C,19032.81,sell,3.0,,,,
28,219747521,2022-06-18 15:19:55,0,0.258,0.2606754,78.9,BTC-31MAR23-20000-C,19041.4,sell,3.0,,,,
29,219747638,2022-06-18 15:22:35,1,0.258,0.26018145,79.01,BTC-31MAR23-20000-C,19019.57,sell,3.0,,,,
30,219747851,2022-06-18 15:25:45,0,0.26,0.2614791,79.27,BTC-31MAR23-20000-C,19081.39,sell,3.0,,,,
31,219747992,2022-06-18 15:27:30,0,0.261,0.26323509,79.5,BTC-31MAR23-20000-C,19079.32,sell,3.0,,,,
32,219748346,2022-06-18 15:36:02,2,0.26,0.26096414,79.4,BTC-31MAR23-20000-C,19041.38,sell,3.0,,,,
33,219748854,2022-06-18 15:46:40,0,0.262,0.25697925,80.09,BTC-31MAR23-20000-C,19016.02,sell,0.1,,,,
34,219749309,2022-06-18 15:52:16,2,0.259,0.25297076,79.52,BTC-31MAR23-20000-C,18956.64,buy,47.0,42454,,,
35,219832853,2022-06-18 21:09:04,2,0.24,0.24339073,79.76,BTC-31MAR23-20000-C,17901.88,sell,1.0,,,,
36,219832854,2022-06-18 21:09:04,0,0.25,0.24339073,82.66,BTC-31MAR23-20000-C,17901.88,sell,1.0,,,,
37,219834685,2022-06-18 21:14:20,2,0.2285,0.23792558,76.26,BTC-31MAR23-20000-C,17927.41,sell,9.0,,,,
38,219834686,2022-06-18 21:14:20,3,0.2285,0.23792558,76.26,BTC-31MAR23-20000-C,17927.41,sell,9.0,,,,
39,220267927,2022-06-20 13:17:39,0,0.27,0.27369632,74.36,BTC-31MAR23-20000-C,20471.87,buy,5.0,,,,
40,221034198,2022-06-26 19:13:08,0,0.287,0.28282557,76.07,BTC-31MAR23-20000-C,21237.16,sell,0.2,,,,
41,221095803,2022-06-27 14:01:32,2,0.271,0.27113778,74.77,BTC-31MAR23-20000-C,20619.97,buy,2.0,,,,
42,221432689,2022-06-30 10:25:07,2,0.248,0.24727295,77.03,BTC-31MAR23-20000-C,19094.37,sell,0.2,,,,
43,221460579,2022-06-30 14:29:03,2,0.242,0.24192094,76.42,BTC-31MAR23-20000-C,18906.28,sell,0.2,,,,
44,221472857,2022-06-30 16:56:30,0,0.2485,0.24491788,77.1,BTC-31MAR23-20000-C,19113.79,buy,0.2,,,,
45,221472979,2022-06-30 16:59:14,1,0.2485,0.24489119,77.09,BTC-31MAR23-20000-C,19113.83,buy,0.2,,,,
46,222683181,2022-07-12 14:03:52,0,0.249,0.24917474,75.43,BTC-31MAR23-20000-C,19699.89,sell,2.0,,,,
47,223010845,2022-07-15 03:13:45,0,0.26,0.2587615,74.6,BTC-31MAR23-20000-C,20507.98,sell,0.1,,,,
48,223322922,2022-07-18 09:24:21,0,0.291,0.290563,74.3,BTC-31MAR23-20000-C,22338.8,buy,2.0,,,,
49,224571974,2022-07-26 08:19:27,2,0.2676,0.26608078,75.55,BTC-31MAR23-20000-C,21016.1,buy,30.0,45664,,,
50,224637930,2022-07-26 21:43:39,2,0.2665,0.26469539,75.75,BTC-31MAR23-20000-C,20945.06,sell,0.1,,,,
51,224637971,2022-07-26 21:44:16,3,0.2665,0.26452868,75.81,BTC-31MAR23-20000-C,20922.55,sell,0.1,,,,
52,224638114,2022-07-26 21:49:26,0,0.2675,0.26489357,76.03,BTC-31MAR23-20000-C,20958.47,sell,0.1,,,,
53,225215053,2022-07-29 20:51:55,0,0.316,0.31665329,73.78,BTC-31MAR23-20000-C,23929.97,buy,0.1,,,,
54,226130157,2022-08-09 14:05:12,2,0.2965,0.2976571,75.02,BTC-31MAR23-20000-C,23023.55,buy,1.6,,,,
55,226130197,2022-08-09 14:05:37,3,0.2965,0.2976329,75.03,BTC-31MAR23-20000-C,23029.51,buy,2.4,,,,
56,226491582,2022-08-13 18:37:22,2,0.277,0.31646881,57.51,BTC-31MAR23-20000-C,24461.53,sell,0.2,,,,
57,226525514,2022-08-14 10:50:15,2,0.276,0.3197337,55.39,BTC-31MAR23-20000-C,24662.68,sell,0.2,,,,
58,227132425,2022-08-20 18:08:34,2,0.2545,0.25410646,73.94,BTC-31MAR23-20000-C,21301.46,sell,0.2,,,,
59,227699188,2022-08-27 20:24:38,2,0.215,0.21448532,70.8,BTC-31MAR23-20000-C,19984.2,sell,0.1,,,,
60,227735840,2022-08-28 17:26:05,0,0.2205,0.2192697,72.53,BTC-31MAR23-20000-C,20051.23,sell,0.1,,,,
61,227974982,2022-08-31 18:02:27,2,0.2175,0.21689635,72.3,BTC-31MAR23-20000-C,19994.4,sell,0.2,,,,
62,228561679,2022-09-08 14:09:43,2,0.197,0.19690595,72.47,BTC-31MAR23-20000-C,19156.48,sell,1.0,,,,
63,228568377,2022-09-08 14:38:09,0,0.2,0.19935333,72.65,BTC-31MAR23-20000-C,19275.15,buy,0.3,,,,
64,228571332,2022-09-08 15:39:10,2,0.1995,0.19935071,72.37,BTC-31MAR23-20000-C,19259.57,buy,0.3,,,,
65,228571341,2022-09-08 15:39:15,3,0.1995,0.19929804,72.38,BTC-31MAR23-20000-C,19258.17,buy,9.1,,,,
66,228861664,2022-09-12 05:30:27,0,0.246,0.2520769,72.1,BTC-31MAR23-20000-C,21747.74,sell,0.1,,,,
67,228861665,2022-09-12 05:30:29,0,0.249,0.25207759,73.21,BTC-31MAR23-20000-C,21747.45,sell,0.1,,,,
68,229183275,2022-09-14 20:35:44,2,0.214,0.21326883,73.89,BTC-31MAR23-20000-C,19967.8,sell,0.1,,,,
69,229337977,2022-09-16 19:06:39,2,0.201,0.19989619,71.99,BTC-31MAR23-20000-C,19618.12,buy,0.1,,,,
70,229414315,2022-09-18 17:57:03,2,0.1995,0.19906379,71.63,BTC-31MAR23-20000-C,19619.47,sell,1.0,,,,
71,229428191,2022-09-18 22:03:24,2,0.196,0.19700426,71.89,BTC-31MAR23-20000-C,19414.38,sell,2.0,,,,
72,229434938,2022-09-19 01:17:30,0,0.1965,0.19567114,71.7,BTC-31MAR23-20000-C,19492.68,sell,0.2,,,,
73,229434998,2022-09-19 01:21:42,1,0.1965,0.19563416,71.67,BTC-31MAR23-20000-C,19492.79,sell,0.1,,,,
74,229435005,2022-09-19 01:22:55,1,0.1965,0.19560894,71.67,BTC-31MAR23-20000-C,19492.32,sell,0.3,,,,
75,229435092,2022-09-19 01:23:48,1,0.1965,0.19523331,71.8,BTC-31MAR23-20000-C,19465.81,sell,0.2,,,,
76,229474577,2022-09-19 06:16:04,2,0.1765,0.17651857,72.13,BTC-31MAR23-20000-C,18454.3,buy,0.1,,,,
77,229493440,2022-09-19 09:03:06,2,0.175,0.1757553,71.9,BTC-31MAR23-20000-C,18409.69,sell,2.0,,,,
78,229512085,2022-09-19 13:07:39,0,0.181,0.1802771,71.45,BTC-31MAR23-20000-C,18776.51,sell,0.3,,,,
79,229512171,2022-09-19 13:08:39,2,0.1805,0.18016538,71.28,BTC-31MAR23-20000-C,18772.83,sell,0.2,,,,
80,229513535,2022-09-19 13:33:00,0,0.182,0.18108978,71.32,BTC-31MAR23-20000-C,18838.13,sell,0.1,,,,
81,229522518,2022-09-19 14:17:41,0,0.1885,0.18786138,70.95,BTC-31MAR23-20000-C,19208.57,sell,0.2,,,,
82,229522604,2022-09-19 14:18:22,2,0.188,0.18729518,70.97,BTC-31MAR23-20000-C,19178.88,sell,0.1,,,,
83,229522804,2022-09-19 14:19:38,3,0.188,0.18677267,71.15,BTC-31MAR23-20000-C,19152.42,sell,0.1,,,,
84,229589093,2022-09-20 04:29:34,0,0.1905,0.18876836,71.22,BTC-31MAR23-20000-C,19278.88,buy,0.1,,,,
85,229589094,2022-09-20 04:29:36,1,0.1905,0.18875966,71.22,BTC-31MAR23-20000-C,19279.11,buy,0.1,,,,
86,230073748,2022-09-24 01:57:03,2,0.184,0.18234961,70.68,BTC-31MAR23-20000-C,19130.39,sell,0.2,,,,
87,230081964,2022-09-24 06:31:20,2,0.1775,0.18210337,68.56,BTC-31MAR23-20000-C,19130.16,sell,0.1,,,,
88,230092209,2022-09-24 09:40:49,2,0.1755,0.17554333,68.73,BTC-31MAR23-20000-C,19024.28,sell,0.2,,,,
89,230092392,2022-09-24 09:52:06,0,0.176,0.17568313,68.86,BTC-31MAR23-20000-C,19041.16,sell,0.1,,,,
90,230092406,2022-09-24 09:52:14,1,0.176,0.17550329,68.93,BTC-31MAR23-20000-C,19031.37,sell,0.2,,,,
91,230092752,2022-09-24 10:16:58,0,0.1765,0.17474042,69.08,BTC-31MAR23-20000-C,19024.18,buy,0.2,,,,
92,230092790,2022-09-24 10:16:59,1,0.1765,0.17474459,69.08,BTC-31MAR23-20000-C,19024.51,buy,0.9,,,,
93,230092843,2022-09-24 10:17:06,0,0.177,0.17511261,69.28,BTC-31MAR23-20000-C,19021.78,sell,0.9,,,,
94,230092880,2022-09-24 10:17:21,2,0.176,0.17548166,68.91,BTC-31MAR23-20000-C,19025.03,sell,1.0,,,,
95,230092890,2022-09-24 10:17:57,0,0.177,0.17607154,69.25,BTC-31MAR23-20000-C,19025.74,buy,0.9,,,,
96,230093444,2022-09-24 10:33:18,0,0.179,0.17635704,69.87,BTC-31MAR23-20000-C,19031.86,buy,0.9,,,,
97,230155592,2022-09-25 17:30:17,2,0.1765,0.17534418,69.95,BTC-31MAR23-20000-C,18924.36,sell,0.8,,,,
98,230155593,2022-09-25 17:30:17,3,0.1765,0.17537214,69.94,BTC-31MAR23-20000-C,18925.78,sell,0.1,,,,
99,230155594,2022-09-25 17:30:18,3,0.1765,0.17537214,69.94,BTC-31MAR23-20000-C,18925.78,sell,0.1,,,,
100,230155596,2022-09-25 17:31:02,0,0.1775,0.17559276,70.26,BTC-31MAR23-20000-C,18928.47,buy,4.0,,,,
101,230214169,2022-09-26 08:41:42,0,0.1795,0.17980308,69.3,BTC-31MAR23-20000-C,19191.0,buy,0.2,,,,
102,230247433,2022-09-26 14:48:11,2,0.179,0.17941006,69.43,BTC-31MAR23-20000-C,19141.13,buy,0.9,,,,
103,230253659,2022-09-26 16:36:22,2,0.1729,0.17427528,68.35,BTC-31MAR23-20000-C,19001.37,sell,20.0,50351,BTC-CS-31MAR23-20000_28000,,
104,230253746,2022-09-26 16:39:08,2,0.1724,0.17411118,68.23,BTC-31MAR23-20000-C,18990.37,sell,20.0,50352,BTC-CS-31MAR23-20000_28000,,
105,230253747,2022-09-26 16:39:08,0,0.1741,0.17411118,68.84,BTC-31MAR23-20000-C,18990.37,sell,25.0,50353,BTC-CS-31MAR23-20000_28000,,
106,230273079,2022-09-26 23:45:11,0,0.1845,0.18611645,71.06,BTC-31MAR23-20000-C,19197.66,sell,1.7,,,,
107,230386116,2022-09-27 16:55:52,2,0.1815,0.18057018,70.84,BTC-31MAR23-20000-C,19118.8,sell,0.1,,,,
108,230419328,2022-09-27 21:42:36,2,0.1765,0.17751168,69.68,BTC-31MAR23-20000-C,19010.35,buy,1.0,,,,
109,230607225,2022-09-29 06:42:10,0,0.19,0.19097143,71.98,BTC-31MAR23-20000-C,19395.14,buy,2.0,,,,
110,230607319,2022-09-29 06:43:08,0,0.191,0.19084596,72.37,BTC-31MAR23-20000-C,19384.83,buy,1.0,,,,
111,230610583,2022-09-29 07:40:08,2,0.19,0.18865136,72.6,BTC-31MAR23-20000-C,19312.78,buy,1.0,,,,
112,230618591,2022-09-29 09:43:50,0,0.191,0.19088438,71.64,BTC-31MAR23-20000-C,19489.49,buy,1.0,,,,
113,230659408,2022-09-29 16:31:01,2,0.189,0.18667015,72.87,BTC-31MAR23-20000-C,19231.76,buy,0.2,,,,
114,230662067,2022-09-29 16:41:42,0,0.194,0.19165119,72.9,BTC-31MAR23-20000-C,19462.48,buy,0.5,,,,
115,230662326,2022-09-29 16:43:32,1,0.194,0.19247607,72.64,BTC-31MAR23-20000-C,19499.26,buy,0.3,,,,
116,230663617,2022-09-29 16:46:46,0,0.1985,0.19491009,73.48,BTC-31MAR23-20000-C,19621.96,buy,2.0,,,,
117,230664193,2022-09-29 16:48:54,2,0.197,0.19458359,73.02,BTC-31MAR23-20000-C,19595.98,buy,1.0,,,,
118,230747795,2022-09-30 11:43:01,2,0.19,0.1860841,71.7,BTC-31MAR23-20000-C,19483.04,buy,12.5,51122,BTC-CCAL-29SEP23_31MAR23-20000,,
119,230857384,2022-10-01 04:48:18,2,0.179,0.17922564,68.38,BTC-31MAR23-20000-C,19391.27,sell,1.0,,,,
120,231010790,2022-10-03 15:13:33,0,0.18,0.181367,68.75,BTC-31MAR23-20000-C,19436.71,sell,0.5,,,,
121,231101666,2022-10-04 14:11:35,0,0.194,0.19710247,68.35,BTC-31MAR23-20000-C,20196.01,sell,1.0,,,,
122,231104826,2022-10-04 14:47:29,0,0.195,0.19501118,69.4,BTC-31MAR23-20000-C,20107.73,buy,2.5,,,,
123,231196953,2022-10-05 15:54:30,2,0.192,0.19153937,69.33,BTC-31MAR23-20000-C,19987.17,sell,15.0,51660,BTC-CSR12-31MAR23-20000_36000,,
124,231258022,2022-10-06 06:04:12,0,0.1985,0.19990778,69.85,BTC-31MAR23-20000-C,20263.04,buy,5.0,,,,
125,231390823,2022-10-07 12:30:07,2,0.185,0.18571529,68.33,BTC-31MAR23-20000-C,19839.11,sell,1.0,,,,
126,231449587,2022-10-07 17:19:20,2,0.176,0.17566923,68.09,BTC-31MAR23-20000-C,19446.2,sell,0.1,,,,
127,231469007,2022-10-07 21:41:31,0,0.178,0.17913699,67.82,BTC-31MAR23-20000-C,19592.72,sell,0.5,,,,
128,231470072,2022-10-07 22:25:50,2,0.177,0.17731164,67.58,BTC-31MAR23-20000-C,19570.64,buy,0.5,,,,
129,231471091,2022-10-07 23:08:23,2,0.176,0.17702962,67.43,BTC-31MAR23-20000-C,19554.84,buy,0.5,,,,
130,231471095,2022-10-07 23:08:29,0,0.1765,0.17703912,67.61,BTC-31MAR23-20000-C,19554.88,buy,0.5,,,,
131,231480096,2022-10-08 04:47:51,2,0.173,0.17417814,66.92,BTC-31MAR23-20000-C,19474.77,buy,0.1,,,,
132,231480098,2022-10-08 04:47:51,3,0.173,0.17417898,66.92,BTC-31MAR23-20000-C,19474.77,buy,0.1,,,,
133,231483455,2022-10-08 07:24:53,2,0.1735,0.17417535,66.79,BTC-31MAR23-20000-C,19518.16,buy,0.1,,,,
134,231483469,2022-10-08 07:26:20,0,0.174,0.17429093,66.96,BTC-31MAR23-20000-C,19518.69,sell,0.9,,,,
135,231488326,2022-10-08 08:54:06,2,0.1725,0.17267114,66.84,BTC-31MAR23-20000-C,19463.06,sell,0.1,,,,
136,231510250,2022-10-08 22:46:44,2,0.172,0.17381624,67.69,BTC-31MAR23-20000-C,19350.88,sell,1.4,,,,
137,231510679,2022-10-08 22:56:38,0,0.173,0.17288808,67.89,BTC-31MAR23-20000-C,19366.61,buy,1.2,,,,
138,231558709,2022-10-09 23:29:00,2,0.171,0.1713825,66.9,BTC-31MAR23-20000-C,19412.51,buy,1.0,,,,
139,231586362,2022-10-10 08:25:14,2,0.1655,0.16518823,66.19,BTC-31MAR23-20000-C,19253.6,sell,0.5,,,,
140,231586597,2022-10-10 08:25:24,2,0.165,0.16447751,66.27,BTC-31MAR23-20000-C,19220.13,sell,0.5,,,,
141,231587050,2022-10-10 08:26:07,2,0.1645,0.16409246,66.24,BTC-31MAR23-20000-C,19197.52,sell,1.0,,,,
142,231595981,2022-10-10 10:25:25,0,0.1652,0.16681957,65.61,BTC-31MAR23-20000-C,19311.12,sell,25.0,52030,BTC-STRG-31MAR23-19000_20000,,
143,231632229,2022-10-10 17:33:47,0,0.167,0.16626034,66.81,BTC-31MAR23-20000-C,19250.69,sell,0.3,,,,
144,231670179,2022-10-11 02:53:42,2,0.161,0.16270299,66.22,BTC-31MAR23-20000-C,19039.19,sell,1.6,,,,
145,231670183,2022-10-11 02:53:49,3,0.161,0.16266663,66.23,BTC-31MAR23-20000-C,19038.34,buy,0.9,,,,
146,231679787,2022-10-11 06:37:59,0,0.163,0.16376705,66.47,BTC-31MAR23-20000-C,19097.85,buy,5.0,,,,
147,231742054,2022-10-11 22:49:48,2,0.161,0.16172102,66.36,BTC-31MAR23-20000-C,19045.86,buy,0.1,,,,
148,231892546,2022-10-13 14:34:11,2,0.1462,0.14545677,66.24,BTC-31MAR23-20000-C,18404.34,buy,12.5,52417,BTC-STRG-31MAR23-19000_20000,,
149,231922918,2022-10-13 16:24:54,0,0.1561,0.15580071,65.82,BTC-31MAR23-20000-C,18939.68,buy,12.5,52438,BTC-STRG-31MAR23-19000_20000,,
150,231924031,2022-10-13 16:37:50,0,0.1562,0.15701344,65.35,BTC-31MAR23-20000-C,19016.38,sell,12.5,52439,BTC-STRG-31MAR23-19000_20000,,
151,231935147,2022-10-13 17:37:01,0,0.1603,0.16057047,65.33,BTC-31MAR23-20000-C,19209.62,sell,12.5,52450,BTC-STRG-31MAR23-19000_20000,,
152,231956822,2022-10-13 20:31:39,0,0.164,0.16526047,65.18,BTC-31MAR23-20000-C,19421.07,sell,50.0,52487,,,
153,231957143,2022-10-13 20:33:16,1,0.164,0.16513494,65.26,BTC-31MAR23-20000-C,19403.98,sell,50.0,52488,,,
154,231957473,2022-10-13 20:35:49,1,0.164,0.16528207,65.27,BTC-31MAR23-20000-C,19400.89,sell,50.0,52489,,,
155,231971851,2022-10-14 01:45:18,0,0.169,0.17049981,64.35,BTC-31MAR23-20000-C,19765.76,buy,0.8,,,,
156,231980145,2022-10-14 02:30:45,2,0.1685,0.17154339,63.86,BTC-31MAR23-20000-C,19801.01,sell,0.1,,,,
157,231980146,2022-10-14 02:30:45,3,0.1685,0.17154339,63.87,BTC-31MAR23-20000-C,19802.34,sell,0.1,,,,
158,231980148,2022-10-14 02:30:46,3,0.1685,0.17154726,63.87,BTC-31MAR23-20000-C,19802.34,sell,0.1,,,,
159,231980149,2022-10-14 02:30:46,3,0.1685,0.17154726,63.87,BTC-31MAR23-20000-C,19802.34,sell,0.1,,,,
160,231980150,2022-10-14 02:30:46,3,0.1685,0.17154726,63.87,BTC-31MAR23-20000-C,19802.51,sell,0.1,,,,
161,231980151,2022-10-14 02:30:47,3,0.1685,0.17158027,63.87,BTC-31MAR23-20000-C,19802.51,sell,0.1,,,,
162,231980152,2022-10-14 02:30:47,3,0.1685,0.17158027,63.87,BTC-31MAR23-20000-C,19802.51,sell,0.1,,,,
163,231980153,2022-10-14 02:30:47,3,0.1685,0.17157779,63.87,BTC-31MAR23-20000-C,19802.43,sell,0.1,,,,
164,231980154,2022-10-14 02:30:48,3,0.1685,0.17157779,63.87,BTC-31MAR23-20000-C,19802.43,sell,0.1,,,,
165,231980155,2022-10-14 02:30:48,3,0.1685,0.17157779,63.87,BTC-31MAR23-20000-C,19802.43,sell,0.1,,,,
166,232023023,2022-10-14 11:58:42,2,0.165,0.16362987,64.23,BTC-31MAR23-20000-C,19598.39,sell,0.3,,,,
167,232072917,2022-10-14 20:00:09,2,0.1565,0.15599577,64.5,BTC-31MAR23-20000-C,19164.37,sell,0.2,,,,
168,232100562,2022-10-15 19:17:33,2,0.153,0.15355739,63.74,BTC-31MAR23-20000-C,19116.26,buy,0.3,,,,
169,232100563,2022-10-15 19:17:34,3,0.153,0.15355739,63.74,BTC-31MAR23-20000-C,19116.26,buy,0.1,,,,
170,232131414,2022-10-16 20:08:34,0,0.159,0.15854692,64.36,BTC-31MAR23-20000-C,19358.11,sell,0.3,,,,
171,232144610,2022-10-17 01:19:23,2,0.154,0.15502365,63.82,BTC-31MAR23-20000-C,19190.65,buy,1.0,,,,
172,232145163,2022-10-17 01:30:40,0,0.155,0.15531262,63.91,BTC-31MAR23-20000-C,19226.44,buy,1.0,,,,
173,232145572,2022-10-17 01:38:05,0,0.157,0.15572018,64.67,BTC-31MAR23-20000-C,19224.23,sell,1.0,,,,
174,232152916,2022-10-17 07:01:52,2,0.155,0.15568897,63.69,BTC-31MAR23-20000-C,19260.3,buy,1.0,,,,
175,232167574,2022-10-17 12:05:08,0,0.1553,0.15833648,62.35,BTC-31MAR23-20000-C,19446.7,sell,35.0,52758,BTC-STRG-31MAR23-19000_20000,,
176,232167688,2022-10-17 12:09:29,0,0.1572,0.15784031,63.19,BTC-31MAR23-20000-C,19433.09,buy,14.1,52759,BTC-STRG-31MAR23-19000_20000,,
177,232167735,2022-10-17 12:12:27,2,0.157,0.15778793,63.09,BTC-31MAR23-20000-C,19437.53,buy,13.5,52761,BTC-STRG-31MAR23-19000_20000,,
178,232198516,2022-10-17 22:00:12,2,0.155,0.15679958,61.56,BTC-31MAR23-20000-C,19529.63,sell,100.0,52816,BTC-STRG-31MAR23-19000_20000,,
179,232231329,2022-10-18 10:08:59,2,0.1565,0.1569156,62.41,BTC-31MAR23-20000-C,19517.19,sell,0.1,,,,
180,232231337,2022-10-18 10:09:02,3,0.1565,0.15692671,62.41,BTC-31MAR23-20000-C,19516.43,sell,0.2,,,,
181,232231338,2022-10-18 10:09:08,3,0.1565,0.15690503,62.42,BTC-31MAR23-20000-C,19515.44,sell,0.1,,,,
182,232231339,2022-10-18 10:09:13,3,0.1565,0.15693185,62.41,BTC-31MAR23-20000-C,19516.33,sell,0.1,,,,
183,232231340,2022-10-18 10:09:19,3,0.1565,0.15695517,62.4,BTC-31MAR23-20000-C,19516.54,sell,0.1,,,,
184,232231341,2022-10-18 10:09:19,3,0.1565,0.15695517,62.4,BTC-31MAR23-20000-C,19516.54,sell,0.1,,,,
185,232231344,2022-10-18 10:09:34,3,0.1565,0.15698115,62.4,BTC-31MAR23-20000-C,19516.74,sell,0.1,,,,
186,232231350,2022-10-18 10:09:52,3,0.1565,0.15697294,62.41,BTC-31MAR23-20000-C,19516.07,sell,0.1,,,,
187,232231403,2022-10-18 10:10:18,3,0.1565,0.15704143,62.39,BTC-31MAR23-20000-C,19519.55,sell,0.1,,,,
188,232231405,2022-10-18 10:10:18,3,0.1565,0.15704143,62.39,BTC-31MAR23-20000-C,19519.55,sell,0.1,,,,
189,232231406,2022-10-18 10:10:18,3,0.1565,0.15704143,62.39,BTC-31MAR23-20000-C,19519.55,sell,0.1,,,,
190,232231407,2022-10-18 10:10:18,3,0.1565,0.15704143,62.39,BTC-31MAR23-20000-C,19519.55,sell,0.1,,,,
191,232231409,2022-10-18 10:10:18,3,0.1565,0.15704143,62.39,BTC-31MAR23-20000-C,19519.55,sell,0.1,,,,
192,232231428,2022-10-18 10:10:30,3,0.1565,0.15690562,62.45,BTC-31MAR23-20000-C,19511.12,sell,0.3,,,,
193,232231430,2022-10-18 10:10:30,3,0.1565,0.15690562,62.45,BTC-31MAR23-20000-C,19511.12,sell,0.2,,,,
194,232231431,2022-10-18 10:10:30,3,0.1565,0.15690562,62.45,BTC-31MAR23-20000-C,19511.12,sell,0.1,,,,
195,232231432,2022-10-18 10:10:30,3,0.1565,0.15690562,62.45,BTC-31MAR23-20000-C,19511.12,sell,0.1,,,,
196,232231509,2022-10-18 10:11:57,3,0.1565,0.15699211,62.44,BTC-31MAR23-20000-C,19511.78,sell,0.1,,,,
197,232231510,2022-10-18 10:11:57,3,0.1565,0.15699211,62.45,BTC-31MAR23-20000-C,19510.35,sell,0.1,,,,
198,232231512,2022-10-18 10:11:58,3,0.1565,0.15696463,62.45,BTC-31MAR23-20000-C,19510.35,sell,0.1,,,,
199,232233263,2022-10-18 10:56:00,3,0.1565,0.15733766,62.11,BTC-31MAR23-20000-C,19544.36,sell,0.1,,,,
200,232233270,2022-10-18 10:56:04,3,0.1565,0.15730348,62.13,BTC-31MAR23-20000-C,19542.18,sell,0.2,,,,
201,232233271,2022-10-18 10:56:04,3,0.1565,0.15728413,62.13,BTC-31MAR23-20000-C,19542.18,sell,0.1,,,,
202,232233272,2022-10-18 10:56:04,3,0.1565,0.15728413,62.13,BTC-31MAR23-20000-C,19542.18,sell,0.1,,,,
203,232233273,2022-10-18 10:56:06,3,0.1565,0.15727015,62.14,BTC-31MAR23-20000-C,19541.47,sell,0.2,,,,
204,232233274,2022-10-18 10:56:06,3,0.1565,0.15727015,62.14,BTC-31MAR23-20000-C,19541.47,sell,0.1,,,,
205,232233280,2022-10-18 10:56:07,3,0.1565,0.15727015,62.13,BTC-31MAR23-20000-C,19541.55,sell,0.3,,,,
206,232233281,2022-10-18 10:56:07,3,0.1565,0.15727015,62.13,BTC-31MAR23-20000-C,19541.55,sell,0.2,,,,
207,232233282,2022-10-18 10:56:07,3,0.1565,0.15727015,62.13,BTC-31MAR23-20000-C,19541.55,sell,0.1,,,,
208,232233283,2022-10-18 10:56:08,3,0.1565,0.1572595,62.14,BTC-31MAR23-20000-C,19540.97,sell,0.1,,,,
209,232233284,2022-10-18 10:56:12,3,0.1565,0.15726358,62.14,BTC-31MAR23-20000-C,19540.94,sell,0.1,,,,
210,232233287,2022-10-18 10:56:42,3,0.1565,0.15721841,62.16,BTC-31MAR23-20000-C,19539.1,sell,21.0,,,,
211,232243703,2022-10-18 14:15:15,2,0.1555,0.15676427,61.68,BTC-31MAR23-20000-C,19561.08,sell,1.3,,,,
212,232243704,2022-10-18 14:15:15,3,0.1555,0.15676427,61.68,BTC-31MAR23-20000-C,19561.08,sell,1.2,,,,
213,232244455,2022-10-18 14:23:10,2,0.155,0.15508547,62.09,BTC-31MAR23-20000-C,19490.04,sell,0.1,,,,
214,232244456,2022-10-18 14:23:10,3,0.155,0.15508547,62.09,BTC-31MAR23-20000-C,19490.04,sell,0.1,,,,
215,232244457,2022-10-18 14:23:10,3,0.155,0.15508547,62.09,BTC-31MAR23-20000-C,19490.04,sell,0.1,,,,
216,232244458,2022-10-18 14:23:10,3,0.155,0.15508547,62.09,BTC-31MAR23-20000-C,19490.04,sell,0.1,,,,
217,232244459,2022-10-18 14:23:11,3,0.155,0.15498644,62.1,BTC-31MAR23-20000-C,19488.25,sell,0.1,,,,
218,232244529,2022-10-18 14:24:25,3,0.155,0.15490364,62.11,BTC-31MAR23-20000-C,19485.45,sell,0.1,,,,
219,232244540,2022-10-18 14:24:29,3,0.155,0.15487263,62.13,BTC-31MAR23-20000-C,19482.39,sell,0.1,,,,
220,232244546,2022-10-18 14:24:30,3,0.155,0.15485638,62.13,BTC-31MAR23-20000-C,19482.39,sell,0.3,,,,
221,232258343,2022-10-18 16:14:48,2,0.1536,0.15362068,62.24,BTC-31MAR23-20000-C,19392.82,sell,150.0,52870,BTC-CSR12-31MAR23-20000_35000,,
222,232262628,2022-10-18 17:25:21,2,0.1525,0.15393393,61.8,BTC-31MAR23-20000-C,19399.32,sell,100.0,52880,BTC-CSR12-31MAR23-20000_36000,,
223,232308404,2022-10-19 09:56:24,2,0.1482,0.14826055,61.4,BTC-31MAR23-20000-C,19261.87,buy,12.5,52968,BTC-STRG-31MAR23-19000_20000,,
224,232335994,2022-10-19 19:01:11,2,0.146,0.14588063,61.33,BTC-31MAR23-20000-C,19181.25,sell,0.1,,,,
225,232362279,2022-10-20 04:45:02,0,0.147,0.14726563,62.18,BTC-31MAR23-20000-C,19144.27,sell,1.9,,,,
226,232362672,2022-10-20 04:51:05,0,0.1475,0.14804677,62.11,BTC-31MAR23-20000-C,19173.22,sell,1.7,,,,
227,232364360,2022-10-20 05:09:05,2,0.147,0.14767327,62.07,BTC-31MAR23-20000-C,19152.87,sell,1.1,,,,
228,232372489,2022-10-20 09:08:47,2,0.146,0.14663683,62.02,BTC-31MAR23-20000-C,19123.11,sell,1.4,,,,
229,232388696,2022-10-20 13:56:59,0,0.148,0.14890063,62.17,BTC-31MAR23-20000-C,19198.99,sell,1.2,,,,
230,232389171,2022-10-20 14:08:41,0,0.1485,0.14899965,62.27,BTC-31MAR23-20000-C,19214.87,sell,5.2,,,,
231,232391503,2022-10-20 14:24:10,0,0.1505,0.15125255,62.21,BTC-31MAR23-20000-C,19316.54,sell,1.2,,,,
232,232391679,2022-10-20 14:26:22,1,0.1505,0.15113577,62.22,BTC-31MAR23-20000-C,19315.45,sell,1.3,,,,
233,232393836,2022-10-20 14:56:26,2,0.1499,0.15074462,62.11,BTC-31MAR23-20000-C,19303.16,sell,250.0,53109,,,
234,232416396,2022-10-20 19:27:32,2,0.1455,0.14573456,62.41,BTC-31MAR23-20000-C,19064.25,buy,0.3,,,,
235,232466950,2022-10-21 12:34:09,2,0.139,0.13722616,62.6,BTC-31MAR23-20000-C,18743.26,buy,0.1,,,,
236,232531351,2022-10-22 22:01:34,0,0.148,0.14798237,62.48,BTC-31MAR23-20000-C,19201.46,sell,0.1,,,,
237,232531352,2022-10-22 22:01:44,1,0.148,0.14797269,62.48,BTC-31MAR23-20000-C,19201.02,sell,0.1,,,,
238,232593015,2022-10-24 10:28:36,0,0.1529,0.152533,62.84,BTC-31MAR23-20000-C,19431.34,sell,12.5,53347,BTC-STRG-31MAR23-19000_20000,,
239,232598588,2022-10-24 12:45:59,2,0.1514,0.1510995,62.92,BTC-31MAR23-20000-C,19358.34,buy,12.6,53359,BTC-STRG-31MAR23-19000_20000,,
240,232609276,2022-10-24 15:21:45,2,0.15,0.14986741,63.06,BTC-31MAR23-20000-C,19277.71,sell,12.5,53381,BTC-STRG-31MAR23-19000_20000,,
241,232615994,2022-10-24 18:31:44,0,0.152,0.15144848,63.38,BTC-31MAR23-20000-C,19330.67,sell,0.3,,,,
242,232616029,2022-10-24 18:32:51,1,0.152,0.15148731,63.38,BTC-31MAR23-20000-C,19332.32,sell,0.1,,,,
243,232665853,2022-10-25 14:53:41,0,0.1545,0.15495035,63.06,BTC-31MAR23-20000-C,19506.44,sell,0.6,,,,
244,232665854,2022-10-25 14:53:41,1,0.1545,0.15495035,63.06,BTC-31MAR23-20000-C,19506.44,sell,8.0,,,,
245,232707307,2022-10-25 17:46:33,0,0.167,0.16901643,63.68,BTC-31MAR23-20000-C,20024.89,sell,0.1,,,,
246,232707310,2022-10-25 17:46:34,0,0.1675,0.16902504,63.88,BTC-31MAR23-20000-C,20025.56,sell,0.1,,,,
247,232707313,2022-10-25 17:46:36,1,0.1675,0.16904065,63.87,BTC-31MAR23-20000-C,20026.36,sell,0.1,,,,
248,232707315,2022-10-25 17:46:37,1,0.1675,0.16901543,63.88,BTC-31MAR23-20000-C,20025.55,sell,0.1,,,,
249,232707318,2022-10-25 17:46:39,2,0.167,0.1690139,63.68,BTC-31MAR23-20000-C,20025.64,sell,0.1,,,,
250,232707321,2022-10-25 17:46:41,3,0.167,0.16900961,63.68,BTC-31MAR23-20000-C,20026.11,sell,0.1,,,,
251,232707329,2022-10-25 17:46:42,3,0.167,0.16897317,63.7,BTC-31MAR23-20000-C,20024.16,sell,0.1,,,,
252,232707333,2022-10-25 17:46:44,3,0.167,0.16891372,63.72,BTC-31MAR23-20000-C,20021.66,sell,0.1,,,,
253,232707336,2022-10-25 17:46:46,3,0.167,0.16892871,63.71,BTC-31MAR23-20000-C,20022.84,sell,0.1,,,,
254,232707339,2022-10-25 17:46:48,3,0.167,0.16893431,63.71,BTC-31MAR23-20000-C,20023.12,sell,0.1,,,,
255,232707342,2022-10-25 17:46:50,3,0.167,0.16893295,63.71,BTC-31MAR23-20000-C,20023.07,sell,0.1,,,,
256,232707345,2022-10-25 17:46:51,3,0.167,0.16892586,63.72,BTC-31MAR23-20000-C,20022.22,sell,0.1,,,,
257,232707358,2022-10-25 17:46:53,3,0.167,0.16890579,63.74,BTC-31MAR23-20000-C,20019.1,sell,0.1,,,,
258,232707365,2022-10-25 17:46:58,3,0.167,0.16884777,63.73,BTC-31MAR23-20000-C,20018.94,sell,0.1,,,,
259,232711739,2022-10-25 18:11:16,0,0.168,0.17019386,63.02,BTC-31MAR23-20000-C,20151.06,sell,0.1,,,,
260,232711740,2022-10-25 18:11:16,1,0.168,0.17020021,63.02,BTC-31MAR23-20000-C,20151.06,sell,0.1,,,,
261,232711741,2022-10-25 18:11:17,1,0.168,0.17020376,63.02,BTC-31MAR23-20000-C,20151.04,sell,0.1,,,,
262,232711742,2022-10-25 18:11:18,1,0.168,0.1702069,63.02,BTC-31MAR23-20000-C,20151.0,sell,0.1,,,,
263,232711743,2022-10-25 18:11:19,1,0.168,0.17020942,63.02,BTC-31MAR23-20000-C,20151.23,sell,0.1,,,,
264,232711744,2022-10-25 18:11:20,1,0.168,0.17020775,63.02,BTC-31MAR23-20000-C,20151.17,sell,0.1,,,,
265,232721668,2022-10-25 18:44:26,0,0.178,0.17583427,66.19,BTC-31MAR23-20000-C,20235.82,buy,2.0,,,,
266,232721824,2022-10-25 18:45:31,0,0.1785,0.17690388,66.01,BTC-31MAR23-20000-C,20281.72,buy,1.6,,,,
267,232721825,2022-10-25 18:45:31,1,0.1785,0.17690388,66.01,BTC-31MAR23-20000-C,20281.72,buy,1.4,,,,
268,232721862,2022-10-25 18:45:42,1,0.1785,0.17703813,65.96,BTC-31MAR23-20000-C,20288.81,buy,1.0,,,,
269,232866820,2022-10-26 14:19:03,0,0.188,0.19071591,64.24,BTC-31MAR23-20000-C,20954.86,sell,0.1,,,,
270,232883376,2022-10-26 15:44:01,0,0.192,0.1910792,66.16,BTC-31MAR23-20000-C,20926.09,sell,0.1,,,,
271,232887885,2022-10-26 16:27:30,2,0.1885,0.18900568,65.67,BTC-31MAR23-20000-C,20826.92,buy,0.1,,,,
272,232933135,2022-10-27 06:13:56,2,0.184,0.18482093,64.26,BTC-31MAR23-20000-C,20798.68,buy,1.0,,,,
273,232933136,2022-10-27 06:13:56,3,0.184,0.18482093,64.26,BTC-31MAR23-20000-C,20798.68,buy,0.1,,,,
274,233034815,2022-10-28 03:29:51,2,0.1695,0.1697294,63.03,BTC-31MAR23-20000-C,20268.32,sell,1.0,,,,
275,233063630,2022-10-28 10:17:16,2,0.1641,0.16344297,61.74,BTC-31MAR23-20000-C,20181.59,buy,12.5,54085,BTC-STRG-31MAR23-19000_20000,,
276,233100777,2022-10-28 16:18:55,0,0.172,0.17169035,61.79,BTC-31MAR23-20000-C,20546.44,sell,0.1,,,,
277,233128943,2022-10-28 23:34:27,0,0.173,0.17370049,61.65,BTC-31MAR23-20000-C,20613.82,buy,0.5,,,,
278,233365664,2022-11-02 06:45:03,2,0.167,0.16799828,61.35,BTC-31MAR23-20000-C,20469.1,buy,0.2,,,,
279,233365670,2022-11-02 06:45:05,3,0.167,0.1680231,61.34,BTC-31MAR23-20000-C,20470.28,buy,0.3,,,,
280,233365676,2022-11-02 06:45:06,3,0.167,0.16801622,61.34,BTC-31MAR23-20000-C,20469.96,buy,0.2,,,,
281,233365678,2022-11-02 06:45:11,3,0.167,0.16800519,61.35,BTC-31MAR23-20000-C,20469.37,buy,0.1,,,,
282,233365681,2022-11-02 06:45:13,3,0.167,0.16799759,61.35,BTC-31MAR23-20000-C,20469.46,buy,0.2,,,,
283,233367425,2022-11-02 07:20:21,2,0.165,0.1660359,61.33,BTC-31MAR23-20000-C,20381.43,buy,0.1,,,,
284,233367426,2022-11-02 07:20:21,3,0.165,0.1660359,61.33,BTC-31MAR23-20000-C,20381.43,buy,0.1,,,,
285,233367436,2022-11-02 07:20:23,3,0.165,0.166083,61.31,BTC-31MAR23-20000-C,20383.15,buy,0.8,,,,
286,233370955,2022-11-02 09:01:07,0,0.168,0.16848729,61.29,BTC-31MAR23-20000-C,20524.89,buy,0.1,,,,
287,233370957,2022-11-02 09:01:08,1,0.168,0.16848729,61.28,BTC-31MAR23-20000-C,20525.42,buy,0.1,,,,
288,233370958,2022-11-02 09:01:08,1,0.168,0.16850002,61.28,BTC-31MAR23-20000-C,20525.42,buy,0.1,,,,
289,233370962,2022-11-02 09:01:12,1,0.168,0.16850173,61.28,BTC-31MAR23-20000-C,20525.61,buy,0.1,,,,
290,233398034,2022-11-02 18:00:23,1,0.168,0.1673799,61.52,BTC-31MAR23-20000-C,20485.74,buy,0.6,,,,
291,233398035,2022-11-02 18:00:23,1,0.168,0.1673799,61.52,BTC-31MAR23-20000-C,20485.74,buy,0.1,,,,
292,233428441,2022-11-02 19:25:09,2,0.1645,0.16304646,61.57,BTC-31MAR23-20000-C,20335.54,buy,0.1,,,,
293,233433278,2022-11-02 19:35:07,2,0.161,0.16079123,60.96,BTC-31MAR23-20000-C,20240.68,sell,0.2,,,,
294,233443872,2022-11-02 21:34:11,2,0.1595,0.15877948,61.08,BTC-31MAR23-20000-C,20164.08,sell,0.2,,,,
295,233526376,2022-11-04 05:34:06,2,0.1542,0.15731775,57.53,BTC-31MAR23-20000-C,20349.74,buy,12.5,54684,BTC-STRD-31MAR23-20000,,
296,233526436,2022-11-04 05:37:47,0,0.1562,0.15742188,58.24,BTC-31MAR23-20000-C,20359.12,buy,21.2,54685,BTC-STRD-31MAR23-20000,,
297,233629390,2022-11-04 15:53:52,2,0.1705,0.17040443,59.25,BTC-31MAR23-20000-C,20910.6,sell,1.0,,,,
298,233917888,2022-11-08 03:46:35,2,0.1595,0.15819505,60.86,BTC-31MAR23-20000-C,20277.9,buy,0.1,,,,
299,233917905,2022-11-08 03:46:36,3,0.1595,0.15818988,60.85,BTC-31MAR23-20000-C,20278.43,buy,0.1,,,,
300,233917909,2022-11-08 03:46:37,3,0.1595,0.15816506,60.87,BTC-31MAR23-20000-C,20277.01,buy,0.1,,,,
301,233917911,2022-11-08 03:46:38,3,0.1595,0.15814265,60.87,BTC-31MAR23-20000-C,20276.19,buy,0.1,,,,
302,233917917,2022-11-08 03:46:39,3,0.1595,0.15814186,60.87,BTC-31MAR23-20000-C,20276.38,buy,0.1,,,,
303,233917942,2022-11-08 03:46:40,3,0.1595,0.15809469,60.89,BTC-31MAR23-20000-C,20274.41,buy,0.1,,,,
304,233919492,2022-11-08 03:54:27,2,0.1585,0.15745089,60.8,BTC-31MAR23-20000-C,20237.76,buy,0.1,,,,
305,233919494,2022-11-08 03:54:28,3,0.1585,0.15733858,60.85,BTC-31MAR23-20000-C,20233.39,buy,0.1,,,,
306,233919499,2022-11-08 03:54:29,3,0.1585,0.15732388,60.85,BTC-31MAR23-20000-C,20233.67,buy,0.1,,,,
307,233919501,2022-11-08 03:54:30,3,0.1585,0.15731669,60.85,BTC-31MAR23-20000-C,20234.19,buy,0.1,,,,
308,233919503,2022-11-08 03:54:31,3,0.1585,0.1572858,60.87,BTC-31MAR23-20000-C,20233.48,buy,0.1,,,,
309,233919515,2022-11-08 03:54:32,3,0.1585,0.1572858,60.9,BTC-31MAR23-20000-C,20230.35,buy,0.1,,,,
310,233919524,2022-11-08 03:54:33,3,0.1585,0.15720487,60.9,BTC-31MAR23-20000-C,20230.61,buy,0.1,,,,
311,233919536,2022-11-08 03:54:34,3,0.1585,0.15719856,60.92,BTC-31MAR23-20000-C,20229.12,buy,0.1,,,,
312,233919700,2022-11-08 03:55:17,3,0.1585,0.15700109,60.99,BTC-31MAR23-20000-C,20224.13,buy,0.1,,,,
313,233919811,2022-11-08 03:55:24,3,0.1585,0.15683645,61.09,BTC-31MAR23-20000-C,20213.82,buy,0.1,,,,
314,233949101,2022-11-08 05:11:30,2,0.1475,0.14823977,61.76,BTC-31MAR23-20000-C,19623.33,sell,2.3,,,,
315,233983320,2022-11-08 08:34:14,0,0.149,0.14892013,61.5,BTC-31MAR23-20000-C,19737.51,sell,0.2,,,,
316,233983479,2022-11-08 08:34:52,1,0.149,0.14911428,61.4,BTC-31MAR23-20000-C,19746.89,buy,2.9,,,,
317,233983480,2022-11-08 08:34:52,1,0.149,0.14911428,61.4,BTC-31MAR23-20000-C,19746.89,buy,0.1,,,,
318,233983510,2022-11-08 08:34:54,1,0.149,0.14935652,61.28,BTC-31MAR23-20000-C,19760.83,buy,1.8,,,,
319,233997860,2022-11-08 12:09:40,0,0.1495,0.1489699,61.72,BTC-31MAR23-20000-C,19728.78,sell,1.3,,,,
320,234066795,2022-11-08 16:32:55,0,0.1675,0.16767812,62.23,BTC-31MAR23-20000-C,20513.54,buy,0.1,,,,
321,234074044,2022-11-08 16:42:26,0,0.168,0.16928869,61.53,BTC-31MAR23-20000-C,20611.68,sell,0.1,,,,
322,234083945,2022-11-08 17:08:41,2,0.1605,0.15976291,61.95,BTC-31MAR23-20000-C,20219.63,sell,3.0,,,,
323,234084027,2022-11-08 17:09:02,3,0.1605,0.15963171,62.02,BTC-31MAR23-20000-C,20211.35,buy,5.0,,,,
324,234084052,2022-11-08 17:09:16,2,0.16,0.15929057,61.98,BTC-31MAR23-20000-C,20191.9,sell,3.0,,,,
325,234093489,2022-11-08 17:27:47,2,0.1495,0.14832654,61.96,BTC-31MAR23-20000-C,19709.86,buy,8.0,,,,
326,234094354,2022-11-08 17:28:45,0,0.151,0.14926357,62.19,BTC-31MAR23-20000-C,19759.59,buy,8.0,,,,
327,234112398,2022-11-08 18:05:52,2,0.144,0.14154866,64.66,BTC-31MAR23-20000-C,19148.75,buy,0.1,,,,
328,234132646,2022-11-08 18:20:50,2,0.1335,0.13323995,65.01,BTC-31MAR23-20000-C,18605.8,buy,1.0,,,,
329,234139350,2022-11-08 18:24:20,0,0.1385,0.1387351,65.57,BTC-31MAR23-20000-C,18769.0,buy,6.7,,,,
330,234141144,2022-11-08 18:26:49,2,0.1375,0.13771654,65.59,BTC-31MAR23-20000-C,18711.78,sell,0.6,,,,
331,234145707,2022-11-08 18:32:46,0,0.1415,0.14057009,66.13,BTC-31MAR23-20000-C,18847.78,buy,6.7,,,,
332,234145725,2022-11-08 18:32:47,1,0.1415,0.14053475,66.11,BTC-31MAR23-20000-C,18850.14,buy,6.7,,,,
333,234145736,2022-11-08 18:32:48,1,0.1415,0.14059775,66.09,BTC-31MAR23-20000-C,18852.39,buy,7.5,,,,
334,234145802,2022-11-08 18:32:52,1,0.1415,0.14075433,66.08,BTC-31MAR23-20000-C,18850.79,buy,7.3,,,,
335,234146889,2022-11-08 18:34:16,0,0.143,0.14252317,66.0,BTC-31MAR23-20000-C,18929.63,buy,2.7,,,,
336,234147437,2022-11-08 18:35:24,0,0.144,0.14304154,66.19,BTC-31MAR23-20000-C,18953.57,buy,8.0,,,,
337,234147459,2022-11-08 18:35:26,1,0.144,0.14310349,66.24,BTC-31MAR23-20000-C,18949.44,buy,5.4,,,,
338,234154640,2022-11-08 18:52:36,2,0.1395,0.1406265,66.29,BTC-31MAR23-20000-C,18727.08,sell,1.0,,,,
339,234172874,2022-11-08 19:25:38,2,0.132,0.12885596,69.49,BTC-31MAR23-20000-C,17984.84,buy,0.1,,,,
340,234184253,2022-11-08 19:31:25,2,0.124,0.12238379,70.64,BTC-31MAR23-20000-C,17489.23,sell,0.1,,,,
341,234231247,2022-11-08 19:58:46,0,0.146,0.14126999,72.56,BTC-31MAR23-20000-C,18326.85,buy,1.0,,,,
342,234236937,2022-11-08 20:09:25,2,0.136,0.13550253,70.96,BTC-31MAR23-20000-C,18018.55,sell,0.1,,,,
343,234247631,2022-11-08 20:26:46,2,0.1345,0.1360277,70.32,BTC-31MAR23-20000-C,18018.57,sell,10.0,,,,
344,234247654,2022-11-08 20:26:50,2,0.134,0.13609683,70.1,BTC-31MAR23-20000-C,18021.02,sell,1.0,,,,
345,234247655,2022-11-08 20:26:50,3,0.134,0.13609683,70.1,BTC-31MAR23-20000-C,18021.02,sell,10.0,,,,
346,234281346,2022-11-08 21:58:54,0,0.1375,0.13811435,65.91,BTC-31MAR23-20000-C,18693.43,buy,0.1,,,,
347,234355841,2022-11-09 08:07:14,2,0.1285,0.12794845,66.9,BTC-31MAR23-20000-C,18156.89,sell,0.6,,,,
348,234365242,2022-11-09 08:47:13,0,0.129,0.13040104,67.21,BTC-31MAR23-20000-C,18137.72,buy,500.0,55407,,,
349,234387729,2022-11-09 09:55:44,2,0.1285,0.12667699,71.0,BTC-31MAR23-20000-C,17664.17,buy,2.0,,,,
350,234390735,2022-11-09 10:00:36,0,0.1315,0.13007151,71.18,BTC-31MAR23-20000-C,17787.17,buy,0.3,,,,
351,234459230,2022-11-09 12:41:15,2,0.1245,0.12545256,68.0,BTC-31MAR23-20000-C,17824.54,buy,0.3,,,,
352,234498025,2022-11-09 14:56:45,0,0.1265,0.12616297,70.54,BTC-31MAR23-20000-C,17630.82,buy,5.0,,,,
353,234498026,2022-11-09 14:56:45,1,0.1265,0.12616297,70.54,BTC-31MAR23-20000-C,17630.82,buy,2.0,,,,
354,234516342,2022-11-09 15:36:39,2,0.1175,0.11576643,70.19,BTC-31MAR23-20000-C,17229.4,sell,0.1,,,,
355,234518145,2022-11-09 15:36:57,2,0.115,0.11362184,70.03,BTC-31MAR23-20000-C,17137.13,buy,5.0,,,,
356,234546056,2022-11-09 16:02:12,0,0.126,0.12550061,73.9,BTC-31MAR23-20000-C,17193.64,sell,1.2,,,,
357,234561902,2022-11-09 16:32:28,2,0.121,0.11981889,73.12,BTC-31MAR23-20000-C,17029.79,buy,3.6,,,,
358,234561903,2022-11-09 16:32:28,3,0.121,0.11981889,73.12,BTC-31MAR23-20000-C,17029.79,buy,3.4,,,,
359,234654326,2022-11-09 19:55:56,2,0.116,0.1158239,73.8,BTC-31MAR23-20000-C,16736.98,sell,2.1,,,,
360,234654327,2022-11-09 19:55:56,3,0.116,0.1158239,73.8,BTC-31MAR23-20000-C,16736.98,sell,0.1,,,,
361,234654827,2022-11-09 19:56:46,0,0.1185,0.11584919,74.85,BTC-31MAR23-20000-C,16730.19,buy,0.1,,,,
362,234665929,2022-11-09 20:23:56,2,0.1145,0.11475123,73.24,BTC-31MAR23-20000-C,16727.65,sell,0.1,,,,
363,234669414,2022-11-09 20:32:54,0,0.116,0.11395183,74.1,BTC-31MAR23-20000-C,16712.93,buy,0.1,,,,
364,234682326,2022-11-09 20:45:20,2,0.112,0.10602854,76.16,BTC-31MAR23-20000-C,16281.09,buy,0.1,,,,
365,234707506,2022-11-09 21:11:10,2,0.1075,0.10568554,75.17,BTC-31MAR23-20000-C,16122.31,buy,0.1,,,,
366,234721925,2022-11-09 21:28:57,2,0.1,0.09873048,74.89,BTC-31MAR23-20000-C,15850.46,sell,1.0,,,,
367,234728065,2022-11-09 21:34:58,0,0.1065,0.10512504,74.87,BTC-31MAR23-20000-C,16143.88,buy,1.0,,,,
368,234757001,2022-11-09 22:09:34,2,0.097,0.0978808,75.27,BTC-31MAR23-20000-C,15638.92,sell,1.1,,,,
369,234781831,2022-11-09 23:05:21,0,0.1015,0.09878111,76.64,BTC-31MAR23-20000-C,15646.7,buy,0.1,,,,
370,234836607,2022-11-10 00:32:12,0,0.105,0.10519732,74.16,BTC-31MAR23-20000-C,16168.59,buy,1.0,,,,
371,234845112,2022-11-10 00:54:32,2,0.1045,0.10519218,74.19,BTC-31MAR23-20000-C,16129.86,buy,1.0,,,,
372,234859244,2022-11-10 01:28:16,2,0.1025,0.10195855,73.52,BTC-31MAR23-20000-C,16139.77,buy,0.9,,,,
373,234859245,2022-11-10 01:28:16,3,0.1025,0.10195855,73.52,BTC-31MAR23-20000-C,16139.77,buy,0.6,,,,
374,234859246,2022-11-10 01:28:16,3,0.1025,0.10195855,73.52,BTC-31MAR23-20000-C,16139.77,buy,0.6,,,,
375,234859247,2022-11-10 01:28:16,3,0.1025,0.10195855,73.52,BTC-31MAR23-20000-C,16139.77,buy,0.4,,,,
376,234859248,2022-11-10 01:28:16,3,0.1025,0.10195855,73.52,BTC-31MAR23-20000-C,16139.77,buy,0.2,,,,
377,234859250,2022-11-10 01:28:16,3,0.1025,0.10195855,73.52,BTC-31MAR23-20000-C,16139.77,buy,0.1,,,,
378,234859251,2022-11-10 01:28:16,3,0.1025,0.10195855,73.52,BTC-31MAR23-20000-C,16139.77,buy,0.2,,,,
379,234860310,2022-11-10 01:32:14,3,0.1025,0.10304389,73.17,BTC-31MAR23-20000-C,16176.86,sell,2.6,,,,
380,234865219,2022-11-10 01:53:20,2,0.0995,0.09938701,72.43,BTC-31MAR23-20000-C,16110.65,sell,1.0,,,,
381,234866037,2022-11-10 01:58:43,3,0.0995,0.09968805,72.32,BTC-31MAR23-20000-C,16124.64,sell,0.9,,,,
382,234869032,2022-11-10 02:09:26,0,0.1,0.09938851,72.67,BTC-31MAR23-20000-C,16095.21,buy,0.1,,,,
383,234869033,2022-11-10 02:09:27,1,0.1,0.09940576,72.66,BTC-31MAR23-20000-C,16096.03,buy,0.1,,,,
384,234869034,2022-11-10 02:09:28,1,0.1,0.09941175,72.66,BTC-31MAR23-20000-C,16096.2,buy,0.1,,,,
385,234869035,2022-11-10 02:09:29,1,0.1,0.09941175,72.66,BTC-31MAR23-20000-C,16096.2,buy,0.1,,,,
386,234869036,2022-11-10 02:09:30,1,0.1,0.09941534,72.65,BTC-31MAR23-20000-C,16096.79,buy,0.1,,,,
387,234869041,2022-11-10 02:09:30,1,0.1,0.09946269,72.63,BTC-31MAR23-20000-C,16098.6,buy,0.1,,,,
388,234876212,2022-11-10 02:43:27,0,0.103,0.10280039,72.87,BTC-31MAR23-20000-C,16216.08,sell,1.8,,,,
389,234876266,2022-11-10 02:43:29,1,0.103,0.10272387,72.98,BTC-31MAR23-20000-C,16201.69,sell,0.2,,,,
390,234972909,2022-11-10 08:54:49,0,0.108,0.1071265,69.78,BTC-31MAR23-20000-C,16872.76,buy,2.1,,,,
391,234972910,2022-11-10 08:54:49,1,0.108,0.1071265,69.78,BTC-31MAR23-20000-C,16872.76,buy,0.8,,,,
392,234976822,2022-11-10 09:11:10,2,0.107,0.10533055,70.64,BTC-31MAR23-20000-C,16723.86,sell,0.3,,,,
393,234976907,2022-11-10 09:11:22,3,0.107,0.10546628,70.6,BTC-31MAR23-20000-C,16726.78,buy,0.4,,,,
394,234986257,2022-11-10 09:47:18,2,0.103,0.10400557,69.7,BTC-31MAR23-20000-C,16670.43,sell,0.3,,,,
395,234986361,2022-11-10 09:47:47,3,0.103,0.10398204,69.77,BTC-31MAR23-20000-C,16660.57,sell,0.2,,,,
396,234986378,2022-11-10 09:48:00,3,0.103,0.10414825,69.66,BTC-31MAR23-20000-C,16671.8,sell,0.2,,,,
397,235071693,2022-11-10 13:25:09,2,0.1015,0.10263371,71.55,BTC-31MAR23-20000-C,16477.26,sell,0.7,,,,
398,235108657,2022-11-10 13:54:09,0,0.119,0.12027094,70.52,BTC-31MAR23-20000-C,17489.1,buy,0.3,,,,
399,235120320,2022-11-10 14:18:15,2,0.1175,0.11824351,70.72,BTC-31MAR23-20000-C,17382.95,sell,0.1,,,,
400,235150918,2022-11-10 15:06:56,0,0.1285,0.12530623,71.58,BTC-31MAR23-20000-C,17700.51,buy,0.1,,,,
401,235183378,2022-11-10 16:25:31,2,0.1225,0.12160733,69.53,BTC-31MAR23-20000-C,17729.4,sell,5.0,,,,
402,235185660,2022-11-10 16:29:04,0,0.127,0.12523457,69.81,BTC-31MAR23-20000-C,17896.8,sell,0.1,,,,
403,235185751,2022-11-10 16:29:16,1,0.127,0.12546531,69.7,BTC-31MAR23-20000-C,17911.37,sell,0.1,,,,
404,235194476,2022-11-10 16:52:30,2,0.1247,0.12415718,69.81,BTC-31MAR23-20000-C,17781.37,buy,25.0,55791,BTC-CCAL-31MAR23_30DEC22-20000,,
405,235205350,2022-11-10 17:43:27,2,0.1135,0.11229764,69.43,BTC-31MAR23-20000-C,17277.78,sell,0.2,,,,
406,235236534,2022-11-10 20:37:12,3,0.1135,0.11472743,68.35,BTC-31MAR23-20000-C,17428.29,sell,0.1,,,,
407,235249802,2022-11-10 20:59:59,0,0.1275,0.12737476,68.82,BTC-31MAR23-20000-C,18060.56,sell,10.0,,,,
408,235271485,2022-11-10 23:19:55,2,0.1165,0.11708905,69.09,BTC-31MAR23-20000-C,17490.07,buy,8.1,,,,
409,235271983,2022-11-10 23:22:37,2,0.114,0.11681463,68.02,BTC-31MAR23-20000-C,17492.84,sell,1.9,,,,
410,235294717,2022-11-11 01:59:06,2,0.113,0.11251232,69.78,BTC-31MAR23-20000-C,17209.49,sell,0.2,,,,
411,235333732,2022-11-11 05:10:12,2,0.112,0.11097134,69.98,BTC-31MAR23-20000-C,17108.54,sell,0.2,,,,
412,235389953,2022-11-11 08:42:11,2,0.106,0.10880851,65.5,BTC-31MAR23-20000-C,17389.65,sell,5.7,,,,
413,235389954,2022-11-11 08:42:11,3,0.106,0.10880851,65.5,BTC-31MAR23-20000-C,17389.65,buy,22.1,,,,
414,235389955,2022-11-11 08:42:11,3,0.106,0.10880851,65.5,BTC-31MAR23-20000-C,17389.65,buy,2.7,,,,
415,235389966,2022-11-11 08:42:11,3,0.106,0.10881339,65.5,BTC-31MAR23-20000-C,17389.65,buy,0.2,,,,
416,235389967,2022-11-11 08:42:11,3,0.106,0.10881339,65.5,BTC-31MAR23-20000-C,17389.65,buy,0.1,,,,
417,235389975,2022-11-11 08:42:11,3,0.106,0.10881339,65.5,BTC-31MAR23-20000-C,17389.65,buy,0.1,,,,
418,235389979,2022-11-11 08:42:11,3,0.106,0.10881339,65.5,BTC-31MAR23-20000-C,17389.65,buy,0.2,,,,
419,235389980,2022-11-11 08:42:11,3,0.106,0.10881339,65.5,BTC-31MAR23-20000-C,17389.65,buy,0.2,,,,
420,235389981,2022-11-11 08:42:12,3,0.106,0.10882477,65.49,BTC-31MAR23-20000-C,17390.47,buy,0.2,,,,
421,235389983,2022-11-11 08:42:12,3,0.106,0.10882477,65.49,BTC-31MAR23-20000-C,17390.47,buy,2.6,,,,
422,235390345,2022-11-11 08:43:50,3,0.106,0.10785414,65.63,BTC-31MAR23-20000-C,17375.04,buy,14.0,,,,
423,235390346,2022-11-11 08:43:50,3,0.106,0.10785414,65.63,BTC-31MAR23-20000-C,17375.04,buy,19.0,,,,
424,235390470,2022-11-11 08:44:33,3,0.106,0.10805431,65.48,BTC-31MAR23-20000-C,17391.71,buy,60.9,,,,
425,235439251,2022-11-11 12:58:38,0,0.107,0.10735012,66.25,BTC-31MAR23-20000-C,17355.24,sell,2.0,,,,
426,235599698,2022-11-12 04:49:42,2,0.1015,0.10087366,69.97,BTC-31MAR23-20000-C,16743.63,buy,0.5,,,,
427,235600057,2022-11-12 04:53:53,3,0.1015,0.10099994,69.84,BTC-31MAR23-20000-C,16760.89,buy,0.5,,,,
428,235600060,2022-11-12 04:53:58,3,0.1015,0.10094394,69.87,BTC-31MAR23-20000-C,16757.45,buy,0.1,,,,
429,235602348,2022-11-12 05:08:27,3,0.1015,0.1003437,70.17,BTC-31MAR23-20000-C,16711.14,buy,0.5,,,,
430,235603282,2022-11-12 05:15:50,3,0.1015,0.09909148,70.81,BTC-31MAR23-20000-C,16650.67,buy,0.5,,,,
431,235603293,2022-11-12 05:15:52,3,0.1015,0.0990789,70.84,BTC-31MAR23-20000-C,16647.74,buy,0.5,,,,
432,235603496,2022-11-12 05:16:24,3,0.1015,0.09885519,70.97,BTC-31MAR23-20000-C,16646.71,buy,0.5,,,,
433,235603499,2022-11-12 05:16:25,3,0.1015,0.09884699,70.99,BTC-31MAR23-20000-C,16641.04,buy,0.5,,,,
434,235603505,2022-11-12 05:16:30,3,0.1015,0.09878073,70.98,BTC-31MAR23-20000-C,16638.76,buy,0.5,,,,
435,235603623,2022-11-12 05:17:39,3,0.1015,0.09911464,70.88,BTC-31MAR23-20000-C,16660.35,buy,0.5,,,,
436,235603653,2022-11-12 05:17:52,3,0.1015,0.09947496,70.74,BTC-31MAR23-20000-C,16672.86,buy,0.5,,,,
437,235603757,2022-11-12 05:18:29,3,0.1015,0.09994633,70.59,BTC-31MAR23-20000-C,16685.54,buy,6.6,,,,
438,235603758,2022-11-12 05:18:29,3,0.1015,0.09994633,70.59,BTC-31MAR23-20000-C,16685.54,buy,4.4,,,,
439,235603759,2022-11-12 05:18:29,3,0.1015,0.09994633,70.59,BTC-31MAR23-20000-C,16685.54,buy,2.6,,,,
440,235603766,2022-11-12 05:18:32,3,0.1015,0.09998752,70.58,BTC-31MAR23-20000-C,16687.29,buy,0.5,,,,
441,235603770,2022-11-12 05:18:33,3,0.1015,0.10001542,70.57,BTC-31MAR23-20000-C,16688.14,buy,0.5,,,,
442,235603772,2022-11-12 05:18:35,3,0.1015,0.1000128,70.57,BTC-31MAR23-20000-C,16687.7,buy,0.5,,,,
443,235603774,2022-11-12 05:18:36,3,0.1015,0.10003003,70.56,BTC-31MAR23-20000-C,16688.37,buy,0.5,,,,
444,235603790,2022-11-12 05:18:38,3,0.1015,0.10008552,70.54,BTC-31MAR23-20000-C,16691.01,buy,0.5,,,,
445,235603795,2022-11-12 05:18:41,3,0.1015,0.1001133,70.53,BTC-31MAR23-20000-C,16691.78,buy,0.5,,,,
446,235603797,2022-11-12 05:18:42,3,0.1015,0.10009543,70.54,BTC-31MAR23-20000-C,16691.14,buy,0.5,,,,
447,235603805,2022-11-12 05:18:44,3,0.1015,0.10010775,70.53,BTC-31MAR23-20000-C,16691.92,buy,0.5,,,,
448,235603926,2022-11-12 05:18:55,3,0.1015,0.10018058,70.51,BTC-31MAR23-20000-C,16694.66,buy,2.3,,,,
449,235604156,2022-11-12 05:20:22,0,0.102,0.10100798,70.69,BTC-31MAR23-20000-C,16698.3,buy,9.4,,,,
450,235604447,2022-11-12 05:22:29,1,0.102,0.10103233,70.64,BTC-31MAR23-20000-C,16711.36,buy,9.8,,,,
451,235610221,2022-11-12 06:12:45,1,0.102,0.10114583,70.82,BTC-31MAR23-20000-C,16689.74,buy,5.8,,,,
452,235617289,2022-11-12 07:39:07,0,0.104,0.10232245,70.9,BTC-31MAR23-20000-C,16772.14,sell,0.5,,,,
453,235617292,2022-11-12 07:39:12,1,0.104,0.10232721,70.89,BTC-31MAR23-20000-C,16772.99,sell,0.5,,,,
454,235621598,2022-11-12 08:21:48,0,0.1045,0.10036721,71.49,BTC-31MAR23-20000-C,16724.92,buy,0.5,,,,
455,235661391,2022-11-12 20:30:19,2,0.098,0.10090585,67.5,BTC-31MAR23-20000-C,16839.39,sell,0.1,,,,
456,235661392,2022-11-12 20:30:19,3,0.098,0.10090585,67.5,BTC-31MAR23-20000-C,16839.39,sell,10.0,,,,
457,235688773,2022-11-13 09:10:23,2,0.0915,0.0922999,67.92,BTC-31MAR23-20000-C,16459.71,sell,10.0,,,,
458,235688774,2022-11-13 09:10:23,3,0.0915,0.0922999,67.92,BTC-31MAR23-20000-C,16459.71,buy,12.1,,,,
459,235688794,2022-11-13 09:10:30,3,0.0915,0.09232969,67.92,BTC-31MAR23-20000-C,16457.59,buy,2.9,,,,
460,235692230,2022-11-13 09:56:14,0,0.095,0.09403743,68.96,BTC-31MAR23-20000-C,16503.23,sell,0.4,,,,
461,235707158,2022-11-13 15:02:36,0,0.1025,0.10197748,71.34,BTC-31MAR23-20000-C,16620.45,sell,0.2,,,,
462,235707161,2022-11-13 15:02:55,1,0.1025,0.10199905,71.34,BTC-31MAR23-20000-C,16621.49,sell,0.1,,,,
463,235763242,2022-11-14 04:18:51,2,0.091,0.09015234,71.77,BTC-31MAR23-20000-C,15974.13,sell,0.1,,,,
464,235763251,2022-11-14 04:18:51,3,0.091,0.09015234,71.8,BTC-31MAR23-20000-C,15969.3,sell,0.1,,,,
465,235763252,2022-11-14 04:18:51,3,0.091,0.09015234,71.8,BTC-31MAR23-20000-C,15969.3,sell,0.1,,,,
466,235763269,2022-11-14 04:18:52,3,0.091,0.09006926,71.8,BTC-31MAR23-20000-C,15969.3,sell,0.1,,,,
467,235763273,2022-11-14 04:18:52,3,0.091,0.09006926,71.8,BTC-31MAR23-20000-C,15969.3,sell,9.0,,,,
468,235763275,2022-11-14 04:18:53,3,0.091,0.09007699,71.8,BTC-31MAR23-20000-C,15968.11,sell,0.2,,,,
469,235763276,2022-11-14 04:18:53,3,0.091,0.09007699,71.8,BTC-31MAR23-20000-C,15968.11,sell,0.2,,,,
470,235763277,2022-11-14 04:18:53,3,0.091,0.09007699,71.8,BTC-31MAR23-20000-C,15968.11,sell,0.1,,,,
471,235763278,2022-11-14 04:18:53,3,0.091,0.09007699,71.8,BTC-31MAR23-20000-C,15968.11,sell,0.1,,,,
472,235763279,2022-11-14 04:18:53,3,0.091,0.09007699,71.8,BTC-31MAR23-20000-C,15968.11,sell,0.1,,,,
473,235763287,2022-11-14 04:18:54,3,0.091,0.08996114,71.85,BTC-31MAR23-20000-C,15963.01,sell,0.1,,,,
474,235763288,2022-11-14 04:18:54,3,0.091,0.08996114,71.85,BTC-31MAR23-20000-C,15963.01,sell,0.1,,,,
475,235763330,2022-11-14 04:19:02,3,0.091,0.08972082,71.97,BTC-31MAR23-20000-C,15948.97,sell,0.5,,,,
476,235763358,2022-11-14 04:19:03,3,0.091,0.0896328,72.01,BTC-31MAR23-20000-C,15944.0,sell,0.1,,,,
477,235763359,2022-11-14 04:19:03,3,0.091,0.0896328,72.01,BTC-31MAR23-20000-C,15944.0,sell,0.1,,,,
478,235763368,2022-11-14 04:19:03,3,0.091,0.0896328,72.01,BTC-31MAR23-20000-C,15944.0,sell,0.1,,,,
479,235763369,2022-11-14 04:19:03,3,0.091,0.0896328,72.01,BTC-31MAR23-20000-C,15944.0,sell,0.1,,,,
480,235763370,2022-11-14 04:19:03,3,0.091,0.0896328,72.01,BTC-31MAR23-20000-C,15944.0,sell,0.1,,,,
481,235763371,2022-11-14 04:19:03,3,0.091,0.0896328,72.01,BTC-31MAR23-20000-C,15944.0,sell,0.1,,,,
482,235763374,2022-11-14 04:19:04,3,0.091,0.08937469,72.12,BTC-31MAR23-20000-C,15929.55,sell,0.1,,,,
483,235763375,2022-11-14 04:19:04,3,0.091,0.08937469,72.12,BTC-31MAR23-20000-C,15929.55,sell,0.1,,,,
484,235763376,2022-11-14 04:19:04,3,0.091,0.08937469,72.12,BTC-31MAR23-20000-C,15929.55,sell,0.1,,,,
485,235763433,2022-11-14 04:19:04,3,0.091,0.08937469,72.12,BTC-31MAR23-20000-C,15929.55,sell,0.2,,,,
486,235763437,2022-11-14 04:19:04,3,0.091,0.08937469,72.12,BTC-31MAR23-20000-C,15929.55,sell,0.1,,,,
487,235763438,2022-11-14 04:19:04,3,0.091,0.08937469,72.12,BTC-31MAR23-20000-C,15929.55,sell,0.1,,,,
488,235763440,2022-11-14 04:19:04,3,0.091,0.08937469,72.12,BTC-31MAR23-20000-C,15929.55,sell,0.1,,,,
489,235763442,2022-11-14 04:19:04,3,0.091,0.08937469,72.12,BTC-31MAR23-20000-C,15929.55,sell,0.2,,,,
490,235763443,2022-11-14 04:19:04,3,0.091,0.08937469,72.12,BTC-31MAR23-20000-C,15929.55,sell,0.2,,,,
491,235763444,2022-11-14 04:19:04,3,0.091,0.08937469,72.12,BTC-31MAR23-20000-C,15929.55,sell,0.2,,,,
492,235763445,2022-11-14 04:19:04,3,0.091,0.08937469,72.12,BTC-31MAR23-20000-C,15929.55,sell,0.1,,,,
493,235763446,2022-11-14 04:19:04,3,0.091,0.08937469,72.21,BTC-31MAR23-20000-C,15917.3,sell,0.1,,,,
494,235763447,2022-11-14 04:19:04,3,0.091,0.08937469,72.21,BTC-31MAR23-20000-C,15917.3,sell,0.1,,,,
495,235763458,2022-11-14 04:19:05,3,0.091,0.08938126,72.21,BTC-31MAR23-20000-C,15917.3,sell,0.2,,,,
496,235763462,2022-11-14 04:19:05,3,0.091,0.08938126,72.21,BTC-31MAR23-20000-C,15917.3,sell,0.1,,,,
497,235763464,2022-11-14 04:19:05,3,0.091,0.08938126,72.21,BTC-31MAR23-20000-C,15917.3,sell,0.1,,,,
498,235763480,2022-11-14 04:19:05,3,0.091,0.08938126,72.21,BTC-31MAR23-20000-C,15917.3,sell,0.1,,,,
499,235763493,2022-11-14 04:19:06,3,0.091,0.08915892,72.22,BTC-31MAR23-20000-C,15916.63,sell,0.1,,,,
500,235763495,2022-11-14 04:19:06,3,0.091,0.08915892,72.22,BTC-31MAR23-20000-C,15916.63,sell,0.1,,,,
501,235763524,2022-11-14 04:19:06,3,0.091,0.08915892,72.22,BTC-31MAR23-20000-C,15916.63,sell,0.2,,,,
502,235763525,2022-11-14 04:19:06,3,0.091,0.08915892,72.22,BTC-31MAR23-20000-C,15916.63,sell,0.1,,,,
503,235763526,2022-11-14 04:19:06,3,0.091,0.08915892,72.22,BTC-31MAR23-20000-C,15916.63,sell,0.1,,,,
504,235763528,2022-11-14 04:19:06,3,0.091,0.08915892,72.22,BTC-31MAR23-20000-C,15916.63,sell,0.1,,,,
505,235763529,2022-11-14 04:19:06,3,0.091,0.08915892,72.22,BTC-31MAR23-20000-C,15916.63,sell,0.1,,,,
506,235763532,2022-11-14 04:19:07,3,0.091,0.08901909,72.28,BTC-31MAR23-20000-C,15908.24,sell,0.1,,,,
507,235763533,2022-11-14 04:19:07,3,0.091,0.08901909,72.28,BTC-31MAR23-20000-C,15908.24,sell,0.1,,,,
508,235763542,2022-11-14 04:19:08,3,0.091,0.08884948,72.35,BTC-31MAR23-20000-C,15897.73,sell,0.1,,,,
509,235763545,2022-11-14 04:19:08,3,0.091,0.08884948,72.35,BTC-31MAR23-20000-C,15897.73,sell,0.1,,,,
510,235763546,2022-11-14 04:19:08,3,0.091,0.08884948,72.35,BTC-31MAR23-20000-C,15897.73,sell,0.1,,,,
511,235763547,2022-11-14 04:19:08,3,0.091,0.08884948,72.35,BTC-31MAR23-20000-C,15897.73,sell,0.1,,,,
512,235763874,2022-11-14 04:19:37,3,0.091,0.08995799,72.09,BTC-31MAR23-20000-C,15938.17,sell,0.4,,,,
513,235763875,2022-11-14 04:19:37,3,0.091,0.08995799,72.09,BTC-31MAR23-20000-C,15938.17,sell,0.3,,,,
514,235763876,2022-11-14 04:19:37,3,0.091,0.08995799,72.09,BTC-31MAR23-20000-C,15938.17,sell,0.1,,,,
515,235763879,2022-11-14 04:19:37,3,0.091,0.08995799,72.09,BTC-31MAR23-20000-C,15938.17,sell,0.1,,,,
516,235763880,2022-11-14 04:19:37,3,0.091,0.08995799,72.09,BTC-31MAR23-20000-C,15938.17,sell,0.1,,,,
517,235763881,2022-11-14 04:19:37,3,0.091,0.08995799,72.09,BTC-31MAR23-20000-C,15938.17,sell,0.1,,,,
518,235763886,2022-11-14 04:19:37,3,0.091,0.08995799,72.09,BTC-31MAR23-20000-C,15938.17,sell,0.1,,,,
519,235763890,2022-11-14 04:19:38,3,0.091,0.08942084,72.16,BTC-31MAR23-20000-C,15929.77,sell,0.1,,,,
520,235763891,2022-11-14 04:19:38,3,0.091,0.08942084,72.16,BTC-31MAR23-20000-C,15929.77,sell,0.1,,,,
521,235763892,2022-11-14 04:19:38,3,0.091,0.08942084,72.16,BTC-31MAR23-20000-C,15929.77,sell,0.1,,,,
522,235763895,2022-11-14 04:19:38,3,0.091,0.08942084,72.16,BTC-31MAR23-20000-C,15929.77,sell,0.1,,,,
523,235763896,2022-11-14 04:19:38,3,0.091,0.08942084,72.16,BTC-31MAR23-20000-C,15929.77,sell,0.1,,,,
524,235763897,2022-11-14 04:19:38,3,0.091,0.08942084,72.16,BTC-31MAR23-20000-C,15929.77,sell,0.1,,,,
525,235763898,2022-11-14 04:19:39,3,0.091,0.08942084,72.17,BTC-31MAR23-20000-C,15928.18,sell,0.1,,,,
526,235764088,2022-11-14 04:20:05,3,0.091,0.08947683,72.52,BTC-31MAR23-20000-C,15880.58,sell,0.2,,,,
527,235764092,2022-11-14 04:20:05,3,0.091,0.0893454,72.61,BTC-31MAR23-20000-C,15869.89,sell,0.1,,,,
528,235764098,2022-11-14 04:20:05,3,0.091,0.0893454,72.61,BTC-31MAR23-20000-C,15869.89,sell,0.1,,,,
529,235764116,2022-11-14 04:20:05,3,0.091,0.0893454,72.61,BTC-31MAR23-20000-C,15869.89,sell,0.2,,,,
530,235764119,2022-11-14 04:20:05,3,0.091,0.0893454,72.61,BTC-31MAR23-20000-C,15869.89,sell,0.2,,,,
531,235764120,2022-11-14 04:20:05,3,0.091,0.0893454,72.61,BTC-31MAR23-20000-C,15869.89,sell,0.1,,,,
532,235764122,2022-11-14 04:20:05,3,0.091,0.0893454,72.61,BTC-31MAR23-20000-C,15869.89,sell,0.1,,,,
533,235764129,2022-11-14 04:20:06,3,0.091,0.0893454,72.61,BTC-31MAR23-20000-C,15869.89,sell,0.1,,,,
534,235764130,2022-11-14 04:20:06,3,0.091,0.0893454,72.61,BTC-31MAR23-20000-C,15869.89,sell,0.1,,,,
535,235764131,2022-11-14 04:20:06,3,0.091,0.0893454,72.7,BTC-31MAR23-20000-C,15858.16,sell,0.1,,,,
536,235764133,2022-11-14 04:20:06,3,0.091,0.0893454,72.7,BTC-31MAR23-20000-C,15858.16,sell,0.1,,,,
537,235764140,2022-11-14 04:20:06,3,0.091,0.0893454,72.7,BTC-31MAR23-20000-C,15858.16,sell,0.1,,,,
538,235764142,2022-11-14 04:20:06,3,0.091,0.0893454,72.7,BTC-31MAR23-20000-C,15858.16,sell,0.1,,,,
539,235764145,2022-11-14 04:20:06,3,0.091,0.08915616,72.7,BTC-31MAR23-20000-C,15858.16,sell,0.1,,,,
540,235764150,2022-11-14 04:20:06,3,0.091,0.08915616,72.7,BTC-31MAR23-20000-C,15858.16,sell,0.1,,,,
541,235764152,2022-11-14 04:20:06,3,0.091,0.08915616,72.7,BTC-31MAR23-20000-C,15858.16,sell,0.1,,,,
542,235764153,2022-11-14 04:20:06,3,0.091,0.08915616,72.7,BTC-31MAR23-20000-C,15858.16,sell,0.1,,,,
543,235764154,2022-11-14 04:20:06,3,0.091,0.08915616,72.7,BTC-31MAR23-20000-C,15858.16,sell,0.1,,,,
544,235764155,2022-11-14 04:20:06,3,0.091,0.08915616,72.7,BTC-31MAR23-20000-C,15858.16,sell,0.1,,,,
545,235764156,2022-11-14 04:20:06,3,0.091,0.08915616,72.7,BTC-31MAR23-20000-C,15858.16,sell,0.1,,,,
546,235764157,2022-11-14 04:20:06,3,0.091,0.08915616,72.7,BTC-31MAR23-20000-C,15858.16,sell,0.1,,,,
547,235764158,2022-11-14 04:20:06,3,0.091,0.08915616,72.7,BTC-31MAR23-20000-C,15858.16,sell,0.1,,,,
548,235764160,2022-11-14 04:20:06,3,0.091,0.08915616,72.7,BTC-31MAR23-20000-C,15858.16,sell,0.1,,,,
549,235764162,2022-11-14 04:20:06,3,0.091,0.08915616,72.7,BTC-31MAR23-20000-C,15858.16,sell,0.1,,,,
550,235764163,2022-11-14 04:20:06,3,0.091,0.08915616,72.7,BTC-31MAR23-20000-C,15858.16,sell,0.1,,,,
551,235764164,2022-11-14 04:20:06,3,0.091,0.08915616,72.7,BTC-31MAR23-20000-C,15858.16,sell,0.1,,,,
552,235764167,2022-11-14 04:20:07,3,0.091,0.08915616,72.7,BTC-31MAR23-20000-C,15858.16,sell,0.1,,,,
553,235764168,2022-11-14 04:20:07,3,0.091,0.08915616,72.7,BTC-31MAR23-20000-C,15858.16,sell,0.2,,,,
554,235764169,2022-11-14 04:20:07,3,0.091,0.08915616,72.7,BTC-31MAR23-20000-C,15858.16,sell,0.1,,,,
555,235764171,2022-11-14 04:20:07,3,0.091,0.08915616,72.7,BTC-31MAR23-20000-C,15858.16,sell,0.1,,,,
556,235764172,2022-11-14 04:20:07,3,0.091,0.08915616,72.7,BTC-31MAR23-20000-C,15858.16,sell,0.1,,,,
557,235764174,2022-11-14 04:20:07,3,0.091,0.08915616,72.71,BTC-31MAR23-20000-C,15858.16,sell,0.1,,,,
558,235764175,2022-11-14 04:20:07,3,0.091,0.08915616,72.71,BTC-31MAR23-20000-C,15858.16,sell,0.1,,,,
559,235764182,2022-11-14 04:20:07,3,0.091,0.08915616,72.83,BTC-31MAR23-20000-C,15843.54,sell,0.1,,,,
560,235764184,2022-11-14 04:20:07,3,0.091,0.08895567,72.83,BTC-31MAR23-20000-C,15843.54,sell,0.2,,,,
561,235764185,2022-11-14 04:20:07,3,0.091,0.08895567,72.83,BTC-31MAR23-20000-C,15843.54,sell,0.1,,,,
562,235764186,2022-11-14 04:20:07,3,0.091,0.08895567,72.83,BTC-31MAR23-20000-C,15843.54,sell,0.1,,,,
563,235764187,2022-11-14 04:20:07,3,0.091,0.08895567,72.83,BTC-31MAR23-20000-C,15843.54,sell,0.1,,,,
564,235764188,2022-11-14 04:20:07,3,0.091,0.08895567,72.83,BTC-31MAR23-20000-C,15843.54,sell,0.1,,,,
565,235764189,2022-11-14 04:20:07,3,0.091,0.08895567,72.83,BTC-31MAR23-20000-C,15843.54,sell,0.1,,,,
566,235764190,2022-11-14 04:20:07,3,0.091,0.08895567,72.83,BTC-31MAR23-20000-C,15843.54,sell,0.1,,,,
567,235771965,2022-11-14 05:41:46,3,0.091,0.09103878,72.8,BTC-31MAR23-20000-C,15867.18,sell,0.1,,,,
568,235771966,2022-11-14 05:41:46,3,0.091,0.09103878,72.8,BTC-31MAR23-20000-C,15867.18,sell,0.1,,,,
569,235771968,2022-11-14 05:41:47,3,0.091,0.09095333,72.83,BTC-31MAR23-20000-C,15862.52,sell,0.1,,,,
570,235771969,2022-11-14 05:41:47,3,0.091,0.09095333,72.83,BTC-31MAR23-20000-C,15862.52,sell,0.1,,,,
571,235771970,2022-11-14 05:41:47,3,0.091,0.09095333,72.83,BTC-31MAR23-20000-C,15862.52,sell,0.1,,,,
572,235771972,2022-11-14 05:41:47,3,0.091,0.09095333,72.83,BTC-31MAR23-20000-C,15862.52,sell,0.2,,,,
573,235771973,2022-11-14 05:41:48,3,0.091,0.09095333,72.83,BTC-31MAR23-20000-C,15862.52,sell,0.1,,,,
574,235771974,2022-11-14 05:41:48,3,0.091,0.09095333,72.83,BTC-31MAR23-20000-C,15862.52,sell,0.1,,,,
575,235772007,2022-11-14 05:42:01,3,0.091,0.09101618,72.84,BTC-31MAR23-20000-C,15864.5,sell,1.7,,,,
576,235772036,2022-11-14 05:42:09,3,0.091,0.09091694,72.86,BTC-31MAR23-20000-C,15861.57,sell,1.6,,,,
577,235772041,2022-11-14 05:42:09,3,0.091,0.09091878,72.88,BTC-31MAR23-20000-C,15859.65,sell,0.1,,,,
578,235772070,2022-11-14 05:42:17,3,0.091,0.09085553,72.9,BTC-31MAR23-20000-C,15856.14,sell,0.2,,,,
579,235772071,2022-11-14 05:42:17,3,0.091,0.09085553,72.9,BTC-31MAR23-20000-C,15856.14,sell,0.1,,,,
580,235772072,2022-11-14 05:42:17,3,0.091,0.09085553,72.9,BTC-31MAR23-20000-C,15856.14,sell,0.1,,,,
581,235772073,2022-11-14 05:42:17,3,0.091,0.09085553,72.9,BTC-31MAR23-20000-C,15856.14,sell,0.1,,,,
582,235772074,2022-11-14 05:42:18,3,0.091,0.09085553,72.9,BTC-31MAR23-20000-C,15856.14,sell,0.1,,,,
583,235772076,2022-11-14 05:42:18,3,0.091,0.09081453,72.92,BTC-31MAR23-20000-C,15855.06,sell,0.1,,,,
584,235772092,2022-11-14 05:42:20,3,0.091,0.09078794,72.95,BTC-31MAR23-20000-C,15850.27,sell,0.1,,,,
585,235776007,2022-11-14 06:00:59,0,0.0915,0.09176111,73.13,BTC-31MAR23-20000-C,15847.09,sell,0.6,,,,
586,235776132,2022-11-14 06:02:06,1,0.0915,0.09206944,73.0,BTC-31MAR23-20000-C,15859.62,sell,0.6,,,,
587,235797982,2022-11-14 07:22:42,2,0.091,0.092988,68.13,BTC-31MAR23-20000-C,16430.9,sell,10.0,,,,
588,235798024,2022-11-14 07:23:26,3,0.091,0.09280467,68.14,BTC-31MAR23-20000-C,16429.56,sell,12.0,,,,
589,235798438,2022-11-14 07:24:43,0,0.0915,0.09354014,67.92,BTC-31MAR23-20000-C,16484.25,buy,5.0,,,,
590,235809162,2022-11-14 07:47:30,2,0.091,0.09194461,65.53,BTC-31MAR23-20000-C,16753.21,sell,1.9,,,,
591,235809231,2022-11-14 07:47:48,3,0.091,0.09180477,65.58,BTC-31MAR23-20000-C,16746.38,sell,2.0,,,,
592,235810841,2022-11-14 07:52:58,3,0.091,0.09226346,65.26,BTC-31MAR23-20000-C,16791.78,sell,25.0,,,,
593,235810918,2022-11-14 07:53:27,3,0.091,0.09237119,65.2,BTC-31MAR23-20000-C,16794.03,sell,10.0,,,,
594,235811360,2022-11-14 07:54:36,3,0.091,0.09158873,65.51,BTC-31MAR23-20000-C,16757.27,sell,25.0,,,,
595,235811396,2022-11-14 07:54:43,3,0.091,0.09163496,65.48,BTC-31MAR23-20000-C,16760.61,sell,20.0,,,,
596,235819907,2022-11-14 08:25:48,3,0.091,0.09127141,65.34,BTC-31MAR23-20000-C,16780.42,sell,15.0,,,,
597,235820462,2022-11-14 08:28:06,3,0.091,0.09119764,65.41,BTC-31MAR23-20000-C,16771.83,sell,10.0,,,,
598,235823111,2022-11-14 08:41:42,0,0.0915,0.09168098,65.74,BTC-31MAR23-20000-C,16764.91,buy,0.1,,,,
599,235824294,2022-11-14 08:51:04,2,0.091,0.09225356,65.47,BTC-31MAR23-20000-C,16766.4,sell,10.0,,,,
600,235824577,2022-11-14 08:52:30,3,0.091,0.09235388,65.43,BTC-31MAR23-20000-C,16766.33,sell,3.0,,,,
601,235827013,2022-11-14 09:15:03,3,0.091,0.09175912,66.15,BTC-31MAR23-20000-C,16675.5,sell,10.0,,,,
602,235827057,2022-11-14 09:15:40,3,0.091,0.09149872,66.25,BTC-31MAR23-20000-C,16664.13,sell,15.0,,,,
603,235827257,2022-11-14 09:17:43,3,0.091,0.09153178,66.29,BTC-31MAR23-20000-C,16661.47,sell,15.0,,,,
604,235827520,2022-11-14 09:19:07,3,0.091,0.09113617,66.5,BTC-31MAR23-20000-C,16635.79,sell,5.0,,,,
605,235827535,2022-11-14 09:19:09,3,0.091,0.09111476,66.51,BTC-31MAR23-20000-C,16634.62,sell,5.0,,,,
606,235830373,2022-11-14 09:38:30,0,0.0935,0.09416223,66.86,BTC-31MAR23-20000-C,16722.15,buy,1.0,,,,
607,235830473,2022-11-14 09:39:57,1,0.0935,0.09390151,66.94,BTC-31MAR23-20000-C,16708.22,buy,1.0,,,,
608,235835756,2022-11-14 10:39:14,0,0.094,0.09514635,66.59,BTC-31MAR23-20000-C,16780.92,sell,2.0,,,,
609,235835757,2022-11-14 10:39:14,2,0.0935,0.09514635,66.38,BTC-31MAR23-20000-C,16780.92,buy,1.1,,,,
610,235835758,2022-11-14 10:39:14,3,0.0935,0.09514635,66.38,BTC-31MAR23-20000-C,16780.92,buy,0.2,,,,
611,235835759,2022-11-14 10:39:15,3,0.0935,0.09515846,66.38,BTC-31MAR23-20000-C,16780.92,buy,3.1,,,,
612,235835813,2022-11-14 10:39:29,2,0.093,0.09495082,66.23,BTC-31MAR23-20000-C,16772.61,sell,2.2,,,,
613,235835890,2022-11-14 10:39:45,2,0.0925,0.09479909,66.05,BTC-31MAR23-20000-C,16768.63,sell,3.6,,,,
614,235835891,2022-11-14 10:39:45,3,0.0925,0.09479909,66.05,BTC-31MAR23-20000-C,16768.63,sell,2.1,,,,
615,235835927,2022-11-14 10:40:02,2,0.092,0.09472035,65.83,BTC-31MAR23-20000-C,16770.2,buy,0.1,,,,
616,235835928,2022-11-14 10:40:02,3,0.092,0.09472035,65.83,BTC-31MAR23-20000-C,16770.2,buy,19.0,,,,
617,235835929,2022-11-14 10:40:02,3,0.092,0.09472035,65.83,BTC-31MAR23-20000-C,16770.2,buy,13.9,,,,
618,235835945,2022-11-14 10:40:08,3,0.092,0.09408022,65.84,BTC-31MAR23-20000-C,16770.35,buy,13.9,,,,
619,235835950,2022-11-14 10:40:09,3,0.092,0.09408022,65.84,BTC-31MAR23-20000-C,16770.35,buy,0.1,,,,
620,235835951,2022-11-14 10:40:09,3,0.092,0.09408022,65.84,BTC-31MAR23-20000-C,16770.35,buy,0.1,,,,
621,235835988,2022-11-14 10:40:18,3,0.092,0.09367148,65.86,BTC-31MAR23-20000-C,16768.07,buy,17.7,,,,
622,235836017,2022-11-14 10:40:18,3,0.092,0.09366782,65.86,BTC-31MAR23-20000-C,16768.08,buy,2.1,,,,
623,235836023,2022-11-14 10:40:22,2,0.0915,0.09360806,65.6,BTC-31MAR23-20000-C,16773.39,sell,2.4,,,,
624,235836024,2022-11-14 10:40:22,3,0.0915,0.09360806,65.6,BTC-31MAR23-20000-C,16773.39,buy,4.3,,,,
625,235836041,2022-11-14 10:40:28,3,0.0915,0.09337334,65.62,BTC-31MAR23-20000-C,16771.22,buy,40.1,,,,
626,235836198,2022-11-14 10:42:09,2,0.091,0.0927715,65.49,BTC-31MAR23-20000-C,16756.13,sell,17.1,,,,
627,235836199,2022-11-14 10:42:09,3,0.091,0.0927715,65.49,BTC-31MAR23-20000-C,16756.13,sell,18.8,,,,
628,235836212,2022-11-14 10:42:13,3,0.091,0.09267914,65.46,BTC-31MAR23-20000-C,16758.49,sell,19.8,,,,
629,235836235,2022-11-14 10:42:16,3,0.091,0.09263767,65.46,BTC-31MAR23-20000-C,16758.53,sell,23.8,,,,
630,235839559,2022-11-14 11:11:37,2,0.0869,0.08607799,63.64,BTC-31MAR23-20000-C,16779.49,buy,50.0,56070,BTC-CDIAG-31MAR23_30DEC22-20000_22000,,
631,235839784,2022-11-14 11:14:38,3,0.0869,0.08627813,63.58,BTC-31MAR23-20000-C,16793.74,buy,50.0,56071,BTC-CCAL-31MAR23_30DEC22-20000,,
632,235850956,2022-11-14 12:58:29,2,0.085,0.08508887,62.84,BTC-31MAR23-20000-C,16775.08,sell,2.0,,,,
633,235851058,2022-11-14 12:59:06,0,0.086,0.08572444,63.23,BTC-31MAR23-20000-C,16778.55,sell,3.1,,,,
634,235851060,2022-11-14 12:59:11,1,0.086,0.08575194,63.21,BTC-31MAR23-20000-C,16779.98,sell,3.4,,,,
635,235851348,2022-11-14 12:59:56,1,0.086,0.08639959,63.04,BTC-31MAR23-20000-C,16799.0,sell,2.6,,,,
636,235851349,2022-11-14 12:59:56,1,0.086,0.08639959,63.04,BTC-31MAR23-20000-C,16799.0,sell,0.7,,,,
637,235885016,2022-11-14 14:11:02,2,0.085,0.08481531,63.31,BTC-31MAR23-20000-C,16741.34,sell,0.8,,,,
638,235891966,2022-11-14 14:46:16,2,0.083,0.0829097,64.14,BTC-31MAR23-20000-C,16490.19,sell,1.0,,,,
639,235904201,2022-11-14 15:58:58,0,0.09,0.08957542,66.76,BTC-31MAR23-20000-C,16570.27,buy,17.1,,,,
640,235904202,2022-11-14 15:58:58,1,0.09,0.08957542,66.76,BTC-31MAR23-20000-C,16570.27,buy,12.9,,,,
641,235912487,2022-11-14 16:47:40,2,0.0875,0.08699607,66.77,BTC-31MAR23-20000-C,16441.96,sell,1.4,,,,
642,235912488,2022-11-14 16:47:40,3,0.0875,0.08699607,66.77,BTC-31MAR23-20000-C,16441.96,sell,0.2,,,,
643,235912623,2022-11-14 16:48:40,0,0.088,0.08719469,66.88,BTC-31MAR23-20000-C,16456.42,buy,2.0,,,,
644,235912842,2022-11-14 16:49:46,1,0.088,0.08720575,66.89,BTC-31MAR23-20000-C,16463.05,buy,5.0,,,,
645,235913220,2022-11-14 16:52:51,2,0.0875,0.0868254,66.88,BTC-31MAR23-20000-C,16438.14,sell,0.4,,,,
646,235928895,2022-11-14 18:41:15,0,0.092,0.09113071,67.33,BTC-31MAR23-20000-C,16613.87,sell,0.2,,,,
647,235928902,2022-11-14 18:41:22,2,0.091,0.09106651,66.92,BTC-31MAR23-20000-C,16611.48,sell,1.2,,,,
648,235939306,2022-11-14 19:56:22,2,0.085,0.08399352,67.85,BTC-31MAR23-20000-C,16170.82,sell,1.8,,,,
649,235939308,2022-11-14 19:56:22,3,0.085,0.08399352,67.85,BTC-31MAR23-20000-C,16170.82,sell,0.1,,,,
650,235960436,2022-11-14 22:45:47,0,0.086,0.0844068,67.12,BTC-31MAR23-20000-C,16339.15,sell,2.5,,,,
651,235994759,2022-11-15 06:34:21,2,0.089,0.08893285,65.61,BTC-31MAR23-20000-C,16708.75,sell,1.0,,,,
652,236011464,2022-11-15 09:19:44,0,0.0895,0.09021163,64.38,BTC-31MAR23-20000-C,16894.79,sell,0.7,,,,
653,236011473,2022-11-15 09:19:46,1,0.0895,0.09019195,64.39,BTC-31MAR23-20000-C,16893.98,sell,11.0,,,,
654,236021247,2022-11-15 11:07:47,2,0.088,0.08914385,63.82,BTC-31MAR23-20000-C,16880.99,sell,5.0,,,,
655,236034219,2022-11-15 13:31:08,0,0.0905,0.09015816,63.5,BTC-31MAR23-20000-C,17053.93,sell,4.9,,,,
656,236034220,2022-11-15 13:31:08,1,0.0905,0.09015816,63.5,BTC-31MAR23-20000-C,17053.93,sell,1.2,,,,
657,236034261,2022-11-15 13:31:14,0,0.091,0.09048228,63.77,BTC-31MAR23-20000-C,17047.59,sell,3.0,,,,
658,236041976,2022-11-15 14:33:02,2,0.089,0.08914767,63.76,BTC-31MAR23-20000-C,16954.88,buy,6.0,,,,
659,236095754,2022-11-16 03:18:55,0,0.092,0.09035713,65.39,BTC-31MAR23-20000-C,16911.39,buy,0.4,,,,
660,236095755,2022-11-16 03:18:55,1,0.092,0.09035713,65.39,BTC-31MAR23-20000-C,16911.39,buy,0.4,,,,
661,236095756,2022-11-16 03:18:55,1,0.092,0.09036041,65.39,BTC-31MAR23-20000-C,16911.31,buy,0.4,,,,
662,236095758,2022-11-16 03:18:56,1,0.092,0.09036041,65.39,BTC-31MAR23-20000-C,16911.31,buy,0.4,,,,
663,236095759,2022-11-16 03:18:56,1,0.092,0.09036041,65.39,BTC-31MAR23-20000-C,16911.31,buy,0.2,,,,
664,236095810,2022-11-16 03:21:42,1,0.092,0.09040715,65.38,BTC-31MAR23-20000-C,16912.27,buy,0.1,,,,
665,236095814,2022-11-16 03:21:58,1,0.092,0.09037486,65.4,BTC-31MAR23-20000-C,16910.13,buy,0.4,,,,
666,236095822,2022-11-16 03:21:58,1,0.092,0.09037486,65.4,BTC-31MAR23-20000-C,16910.13,buy,0.1,,,,
667,236095854,2022-11-16 03:22:13,1,0.092,0.09029243,65.44,BTC-31MAR23-20000-C,16906.12,buy,0.4,,,,
668,236095855,2022-11-16 03:22:13,1,0.092,0.09029243,65.44,BTC-31MAR23-20000-C,16906.12,buy,0.1,,,,
669,236095882,2022-11-16 03:23:45,1,0.092,0.09046024,65.4,BTC-31MAR23-20000-C,16907.11,buy,0.4,,,,
670,236095883,2022-11-16 03:23:45,1,0.092,0.09046024,65.4,BTC-31MAR23-20000-C,16907.11,buy,0.4,,,,
671,236095884,2022-11-16 03:23:46,1,0.092,0.09046082,65.4,BTC-31MAR23-20000-C,16907.11,buy,0.3,,,,
672,236132162,2022-11-16 12:37:40,2,0.091,0.08984496,67.55,BTC-31MAR23-20000-C,16583.23,sell,9.0,,,,
673,236185997,2022-11-16 19:21:02,0,0.0913,0.0918752,68.5,BTC-31MAR23-20000-C,16484.01,buy,50.0,56439,,,
674,236186398,2022-11-16 19:27:42,0,0.0917,0.09227064,68.51,BTC-31MAR23-20000-C,16502.91,buy,59.8,56441,,,
675,236187985,2022-11-16 20:01:38,0,0.0945,0.09402736,69.32,BTC-31MAR23-20000-C,16551.09,buy,150.0,56451,,,
676,236190667,2022-11-16 21:02:34,1,0.0945,0.09509032,69.18,BTC-31MAR23-20000-C,16568.35,sell,0.8,,,,
677,236191146,2022-11-16 21:11:55,0,0.096,0.09519777,69.74,BTC-31MAR23-20000-C,16576.58,buy,0.4,,,,
678,236191147,2022-11-16 21:11:56,1,0.096,0.09519777,69.74,BTC-31MAR23-20000-C,16576.58,buy,0.4,,,,
679,236191148,2022-11-16 21:11:56,1,0.096,0.09519777,69.74,BTC-31MAR23-20000-C,16576.95,buy,0.2,,,,
680,236198855,2022-11-16 23:46:52,0,0.097,0.09542877,69.82,BTC-31MAR23-20000-C,16630.87,buy,0.4,,,,
681,236198856,2022-11-16 23:46:52,1,0.097,0.09547588,69.82,BTC-31MAR23-20000-C,16630.87,buy,0.4,,,,
682,236198857,2022-11-16 23:46:53,1,0.097,0.09547588,69.82,BTC-31MAR23-20000-C,16630.87,buy,0.2,,,,
683,236223979,2022-11-17 11:29:54,2,0.094,0.09444604,69.12,BTC-31MAR23-20000-C,16555.85,sell,250.0,56507,,,
684,236227376,2022-11-17 12:57:40,2,0.0925,0.0921545,68.45,BTC-31MAR23-20000-C,16549.21,buy,0.4,,,,
685,236227377,2022-11-17 12:57:40,3,0.0925,0.09215171,68.45,BTC-31MAR23-20000-C,16549.44,buy,0.4,,,,
686,236227378,2022-11-17 12:57:40,3,0.0925,0.09215171,68.45,BTC-31MAR23-20000-C,16549.44,buy,0.4,,,,
687,236227605,2022-11-17 13:03:02,3,0.0925,0.09198164,68.48,BTC-31MAR23-20000-C,16546.6,buy,0.4,,,,
688,236227606,2022-11-17 13:03:02,3,0.0925,0.09198164,68.48,BTC-31MAR23-20000-C,16546.6,buy,0.4,,,,
689,236227607,2022-11-17 13:03:02,3,0.0925,0.09197515,68.48,BTC-31MAR23-20000-C,16546.29,buy,0.4,,,,
690,236227608,2022-11-17 13:03:03,3,0.0925,0.09197515,68.48,BTC-31MAR23-20000-C,16546.29,buy,0.4,,,,
691,236227609,2022-11-17 13:03:03,3,0.0925,0.09197515,68.48,BTC-31MAR23-20000-C,16546.29,buy,0.4,,,,
692,236227610,2022-11-17 13:03:03,3,0.0925,0.09197506,68.48,BTC-31MAR23-20000-C,16546.31,buy,0.4,,,,
693,236227611,2022-11-17 13:03:04,3,0.0925,0.09197506,68.48,BTC-31MAR23-20000-C,16546.31,buy,0.4,,,,
694,236227612,2022-11-17 13:03:04,3,0.0925,0.09197506,68.48,BTC-31MAR23-20000-C,16546.31,buy,0.4,,,,
695,236227613,2022-11-17 13:03:04,3,0.0925,0.09197918,68.48,BTC-31MAR23-20000-C,16546.56,buy,0.4,,,,
696,236227614,2022-11-17 13:03:05,3,0.0925,0.09197918,68.48,BTC-31MAR23-20000-C,16546.56,buy,0.1,,,,
697,236227615,2022-11-17 13:03:05,3,0.0925,0.09197918,68.48,BTC-31MAR23-20000-C,16546.56,buy,0.1,,,,
698,236244651,2022-11-17 15:58:56,0,0.093,0.0919726,68.72,BTC-31MAR23-20000-C,16536.75,buy,0.4,,,,
699,236244654,2022-11-17 15:58:56,1,0.093,0.0919726,68.71,BTC-31MAR23-20000-C,16537.23,buy,0.4,,,,
700,236244655,2022-11-17 15:58:57,1,0.093,0.09197302,68.71,BTC-31MAR23-20000-C,16537.23,buy,0.4,,,,
701,236244656,2022-11-17 15:58:57,1,0.093,0.09197302,68.71,BTC-31MAR23-20000-C,16537.23,buy,0.4,,,,
702,236244658,2022-11-17 15:58:58,1,0.093,0.09197302,68.71,BTC-31MAR23-20000-C,16537.01,buy,0.4,,,,
703,236250751,2022-11-17 17:15:13,0,0.095,0.09444975,68.67,BTC-31MAR23-20000-C,16660.3,buy,65.2,56564,,,
704,236250875,2022-11-17 17:19:36,1,0.095,0.09423048,68.81,BTC-31MAR23-20000-C,16639.95,buy,50.0,56565,,,
705,236263028,2022-11-17 20:59:58,2,0.0935,0.09389939,67.95,BTC-31MAR23-20000-C,16682.65,sell,0.9,,,,
706,236283865,2022-11-18 03:00:03,0,0.0955,0.09423476,67.29,BTC-31MAR23-20000-C,16906.9,buy,0.4,,,,
707,236283866,2022-11-18 03:00:03,1,0.0955,0.09425084,67.29,BTC-31MAR23-20000-C,16906.9,buy,0.4,,,,
708,236283867,2022-11-18 03:00:04,1,0.0955,0.09425084,67.3,BTC-31MAR23-20000-C,16906.78,buy,0.4,,,,
709,236283868,2022-11-18 03:00:04,1,0.0955,0.09425084,67.3,BTC-31MAR23-20000-C,16906.78,buy,0.4,,,,
710,236283869,2022-11-18 03:00:04,1,0.0955,0.09424727,67.3,BTC-31MAR23-20000-C,16906.78,buy,0.4,,,,
711,236283870,2022-11-18 03:00:05,1,0.0955,0.09424727,67.29,BTC-31MAR23-20000-C,16907.03,buy,0.4,,,,
712,236283877,2022-11-18 03:00:05,1,0.0955,0.09424727,67.29,BTC-31MAR23-20000-C,16907.03,buy,0.4,,,,
713,236283878,2022-11-18 03:00:05,1,0.0955,0.09425258,67.29,BTC-31MAR23-20000-C,16907.03,buy,0.4,,,,
714,236283879,2022-11-18 03:00:06,1,0.0955,0.09425258,67.29,BTC-31MAR23-20000-C,16907.03,buy,0.4,,,,
715,236283880,2022-11-18 03:00:06,1,0.0955,0.09425258,67.28,BTC-31MAR23-20000-C,16908.65,buy,0.4,,,,
716,236283882,2022-11-18 03:00:06,1,0.0955,0.09428474,67.28,BTC-31MAR23-20000-C,16908.65,buy,0.4,,,,
717,236283883,2022-11-18 03:00:07,1,0.0955,0.09428474,67.28,BTC-31MAR23-20000-C,16908.65,buy,0.4,,,,
718,236292186,2022-11-18 07:25:35,2,0.0925,0.09227167,67.1,BTC-31MAR23-20000-C,16759.2,sell,1.9,,,,
719,236292187,2022-11-18 07:25:35,3,0.0925,0.09227167,67.1,BTC-31MAR23-20000-C,16759.2,sell,1.3,,,,
720,236292188,2022-11-18 07:25:35,3,0.0925,0.09227167,67.1,BTC-31MAR23-20000-C,16759.2,sell,0.8,,,,
721,236322288,2022-11-18 15:51:06,2,0.0875,0.08657913,65.63,BTC-31MAR23-20000-C,16683.25,buy,0.4,,,,
722,236322289,2022-11-18 15:51:07,3,0.0875,0.08657913,65.63,BTC-31MAR23-20000-C,16683.25,buy,0.4,,,,
723,236322290,2022-11-18 15:51:07,3,0.0875,0.08658223,65.63,BTC-31MAR23-20000-C,16683.25,buy,0.4,,,,
724,236322291,2022-11-18 15:51:07,3,0.0875,0.08658223,65.63,BTC-31MAR23-20000-C,16683.55,buy,0.4,,,,
725,236322292,2022-11-18 15:51:08,3,0.0875,0.08658223,65.63,BTC-31MAR23-20000-C,16683.55,buy,0.4,,,,
726,236322315,2022-11-18 15:52:23,0,0.088,0.08657141,65.87,BTC-31MAR23-20000-C,16684.89,buy,0.4,,,,
727,236322316,2022-11-18 15:52:24,1,0.088,0.08657141,65.87,BTC-31MAR23-20000-C,16684.89,buy,0.4,,,,
728,236322317,2022-11-18 15:52:24,1,0.088,0.08657245,65.87,BTC-31MAR23-20000-C,16684.9,buy,0.4,,,,
729,236322318,2022-11-18 15:52:24,1,0.088,0.08657245,65.87,BTC-31MAR23-20000-C,16684.9,buy,0.4,,,,
730,236322319,2022-11-18 15:52:25,1,0.088,0.08657245,65.87,BTC-31MAR23-20000-C,16684.9,buy,0.4,,,,
731,236322320,2022-11-18 15:52:25,1,0.088,0.08657529,65.87,BTC-31MAR23-20000-C,16685.01,buy,0.4,,,,
732,236322321,2022-11-18 15:52:25,1,0.088,0.08657529,65.87,BTC-31MAR23-20000-C,16685.01,buy,0.4,,,,
733,236351491,2022-11-19 10:53:45,2,0.0875,0.08665434,66.36,BTC-31MAR23-20000-C,16622.43,sell,0.2,,,,
734,236355111,2022-11-19 15:16:10,2,0.086,0.08520323,65.58,BTC-31MAR23-20000-C,16641.79,sell,0.5,,,,
735,236355322,2022-11-19 15:41:34,3,0.086,0.08510359,65.54,BTC-31MAR23-20000-C,16648.77,sell,0.1,,,,
736,236356156,2022-11-19 17:00:39,3,0.086,0.0850054,65.63,BTC-31MAR23-20000-C,16639.49,sell,0.1,,,,
737,236371791,2022-11-20 08:18:11,2,0.085,0.08538787,64.79,BTC-31MAR23-20000-C,16696.87,sell,1.6,,,,
738,236371832,2022-11-20 08:20:28,2,0.0845,0.08528916,64.59,BTC-31MAR23-20000-C,16693.19,sell,1.8,,,,
739,236371833,2022-11-20 08:20:32,0,0.085,0.08528493,64.81,BTC-31MAR23-20000-C,16693.06,buy,2.5,,,,
740,236371834,2022-11-20 08:20:32,1,0.085,0.08528397,64.81,BTC-31MAR23-20000-C,16693.06,buy,1.3,,,,
741,236387629,2022-11-20 15:41:14,3,0.083,0.07961798,65.05,BTC-31MAR23-20000-C,16566.61,buy,0.1,,,,
742,236390214,2022-11-20 18:19:54,0,0.0855,0.08615504,66.16,BTC-31MAR23-20000-C,16557.22,buy,0.1,,,,
743,236434517,2022-11-21 07:10:47,2,0.075,0.07523798,65.41,BTC-31MAR23-20000-C,16091.35,buy,5.0,,,,
744,236434518,2022-11-21 07:10:59,2,0.074,0.0751827,64.97,BTC-31MAR23-20000-C,16089.93,sell,10.0,,,,
745,236435342,2022-11-21 07:33:53,3,0.074,0.07338828,64.97,BTC-31MAR23-20000-C,16084.84,sell,5.0,,,,
746,236437819,2022-11-21 07:46:42,2,0.071,0.07071643,64.75,BTC-31MAR23-20000-C,15943.18,sell,0.8,,,,
747,236443017,2022-11-21 08:48:09,0,0.073,0.07368335,65.08,BTC-31MAR23-20000-C,16021.77,sell,0.8,,,,
748,236443498,2022-11-21 08:55:54,0,0.0745,0.07349724,65.89,BTC-31MAR23-20000-C,15996.25,sell,5.0,,,,
749,236443519,2022-11-21 08:56:04,1,0.0745,0.07356265,65.85,BTC-31MAR23-20000-C,16001.45,sell,5.0,,,,
750,236443618,2022-11-21 08:56:14,1,0.0745,0.07358586,65.85,BTC-31MAR23-20000-C,16003.25,sell,5.0,,,,
751,236443621,2022-11-21 08:56:16,1,0.0745,0.07357565,65.86,BTC-31MAR23-20000-C,16001.6,sell,5.0,,,,
752,236443626,2022-11-21 08:56:27,1,0.0745,0.07344825,65.91,BTC-31MAR23-20000-C,15997.14,sell,5.0,,,,
753,236445536,2022-11-21 09:24:25,2,0.073,0.07315074,65.34,BTC-31MAR23-20000-C,15989.99,sell,0.2,,,,
754,236450404,2022-11-21 11:17:58,0,0.075,0.07407118,65.53,BTC-31MAR23-20000-C,16078.59,sell,7.0,,,,
755,236450405,2022-11-21 11:18:07,1,0.075,0.07404642,65.55,BTC-31MAR23-20000-C,16076.69,sell,5.0,,,,
756,236475258,2022-11-21 16:38:26,0,0.0755,0.07443486,66.65,BTC-31MAR23-20000-C,15977.7,buy,2.0,,,,
757,236480076,2022-11-21 17:35:51,2,0.075,0.0748405,66.09,BTC-31MAR23-20000-C,16005.7,buy,0.4,,,,
758,236523184,2022-11-22 02:39:09,2,0.07,0.06955363,65.63,BTC-31MAR23-20000-C,15785.42,sell,1.3,,,,
759,236523185,2022-11-22 02:39:11,3,0.07,0.06955735,65.63,BTC-31MAR23-20000-C,15785.81,sell,0.8,,,,
760,236523186,2022-11-22 02:39:11,3,0.07,0.06955735,65.63,BTC-31MAR23-20000-C,15785.81,sell,0.5,,,,
761,236523187,2022-11-22 02:39:11,3,0.07,0.06955735,65.63,BTC-31MAR23-20000-C,15785.81,sell,0.4,,,,
762,236523188,2022-11-22 02:39:11,3,0.07,0.06955735,65.63,BTC-31MAR23-20000-C,15785.81,sell,0.3,,,,
763,236523189,2022-11-22 02:39:11,3,0.07,0.06955735,65.63,BTC-31MAR23-20000-C,15785.81,sell,0.2,,,,
764,236523190,2022-11-22 02:39:11,3,0.07,0.06955735,65.63,BTC-31MAR23-20000-C,15785.81,sell,0.1,,,,
765,236523191,2022-11-22 02:39:11,3,0.07,0.06955735,65.63,BTC-31MAR23-20000-C,15785.81,sell,0.1,,,,
766,236523192,2022-11-22 02:39:11,3,0.07,0.06955735,65.63,BTC-31MAR23-20000-C,15785.81,sell,0.1,,,,
767,236523193,2022-11-22 02:39:11,3,0.07,0.06955735,65.63,BTC-31MAR23-20000-C,15785.81,sell,0.1,,,,
768,236523200,2022-11-22 02:39:35,3,0.07,0.06953868,65.65,BTC-31MAR23-20000-C,15782.01,sell,0.9,,,,
769,236523218,2022-11-22 02:39:42,3,0.07,0.06949297,65.66,BTC-31MAR23-20000-C,15779.36,sell,0.1,,,,
770,236523219,2022-11-22 02:39:42,3,0.07,0.06949297,65.66,BTC-31MAR23-20000-C,15779.36,sell,0.1,,,,
771,236524930,2022-11-22 03:18:32,0,0.0705,0.07047677,65.45,BTC-31MAR23-20000-C,15840.39,sell,0.5,,,,
772,236525112,2022-11-22 03:21:50,0,0.071,0.07084747,65.66,BTC-31MAR23-20000-C,15836.84,sell,0.2,,,,
773,236525669,2022-11-22 03:35:48,0,0.0715,0.07188685,65.9,BTC-31MAR23-20000-C,15835.65,buy,1.0,,,,
774,236525963,2022-11-22 03:51:34,1,0.0715,0.07199421,65.96,BTC-31MAR23-20000-C,15833.76,buy,1.2,,,,
775,236530579,2022-11-22 06:33:17,1,0.0715,0.07177609,67.09,BTC-31MAR23-20000-C,15701.05,buy,0.5,,,,
776,236532908,2022-11-22 07:04:26,2,0.0705,0.07122357,67.1,BTC-31MAR23-20000-C,15642.91,sell,0.5,,,,
777,236542985,2022-11-22 11:01:11,0,0.0745,0.07387183,67.97,BTC-31MAR23-20000-C,15775.34,sell,1.0,,,,
778,236547825,2022-11-22 13:11:56,0,0.0775,0.07705873,68.06,BTC-31MAR23-20000-C,15948.43,buy,0.7,,,,
779,236566276,2022-11-22 16:14:24,0,0.079,0.07963199,66.95,BTC-31MAR23-20000-C,16173.26,buy,0.6,,,,
780,236580836,2022-11-22 21:34:43,2,0.077,0.07741075,66.29,BTC-31MAR23-20000-C,16115.72,sell,1.0,,,,
781,236628455,2022-11-23 14:06:13,0,0.081,0.07976955,65.98,BTC-31MAR23-20000-C,16402.92,buy,0.4,,,,
782,236628456,2022-11-23 14:06:14,1,0.081,0.07976955,65.98,BTC-31MAR23-20000-C,16402.92,buy,0.1,,,,
783,236640348,2022-11-23 18:59:34,0,0.084,0.08221668,66.17,BTC-31MAR23-20000-C,16532.64,buy,0.3,,,,
784,236663377,2022-11-24 03:15:52,2,0.083,0.08289978,64.34,BTC-31MAR23-20000-C,16705.88,sell,0.3,,,,
785,236663378,2022-11-24 03:15:52,3,0.083,0.08289978,64.34,BTC-31MAR23-20000-C,16705.88,sell,0.3,,,,
786,236663379,2022-11-24 03:15:52,3,0.083,0.08289978,64.34,BTC-31MAR23-20000-C,16705.88,sell,0.2,,,,
787,236663380,2022-11-24 03:15:52,3,0.083,0.08289978,64.34,BTC-31MAR23-20000-C,16705.88,sell,0.1,,,,
788,236663381,2022-11-24 03:15:52,3,0.083,0.08289978,64.34,BTC-31MAR23-20000-C,16705.88,sell,0.1,,,,
789,236663382,2022-11-24 03:15:52,3,0.083,0.08289978,64.34,BTC-31MAR23-20000-C,16705.88,sell,0.1,,,,
790,236663455,2022-11-24 03:18:33,0,0.0845,0.08341533,64.85,BTC-31MAR23-20000-C,16731.13,sell,4.3,,,,
791,236667267,2022-11-24 06:08:44,2,0.0815,0.08163242,64.23,BTC-31MAR23-20000-C,16644.06,buy,0.1,,,,
792,236678240,2022-11-24 11:05:34,2,0.079,0.07848825,64.1,BTC-31MAR23-20000-C,16537.22,sell,5.0,,,,
793,236678268,2022-11-24 11:06:13,3,0.079,0.07847301,64.11,BTC-31MAR23-20000-C,16535.54,sell,5.0,,,,
794,236678362,2022-11-24 11:08:57,3,0.079,0.07853018,64.07,BTC-31MAR23-20000-C,16538.58,sell,4.1,,,,
795,236678363,2022-11-24 11:08:57,3,0.079,0.07853018,64.07,BTC-31MAR23-20000-C,16538.58,sell,0.9,,,,
796,236678368,2022-11-24 11:09:29,3,0.079,0.07854103,64.07,BTC-31MAR23-20000-C,16539.42,sell,5.0,,,,
797,236678375,2022-11-24 11:09:42,3,0.079,0.07853426,64.07,BTC-31MAR23-20000-C,16538.51,sell,0.7,,,,
798,236678376,2022-11-24 11:09:43,3,0.079,0.07852462,64.07,BTC-31MAR23-20000-C,16538.51,sell,4.3,,,,
799,236678632,2022-11-24 11:17:56,3,0.079,0.07819433,64.21,BTC-31MAR23-20000-C,16523.65,sell,0.3,,,,
800,236692530,2022-11-24 16:51:56,0,0.0795,0.07985427,63.87,BTC-31MAR23-20000-C,16596.22,buy,1.5,,,,
801,236709114,2022-11-25 04:45:17,2,0.075,0.07571949,63.32,BTC-31MAR23-20000-C,16411.13,sell,6.4,,,,
802,236709115,2022-11-25 04:45:17,3,0.075,0.07571949,63.32,BTC-31MAR23-20000-C,16411.13,buy,0.1,,,,
803,236709166,2022-11-25 04:45:54,0,0.076,0.07570206,63.78,BTC-31MAR23-20000-C,16412.2,sell,0.1,,,,
804,236709167,2022-11-25 04:45:54,1,0.076,0.07570206,63.78,BTC-31MAR23-20000-C,16412.2,sell,0.1,,,,
805,236709168,2022-11-25 04:45:55,1,0.076,0.07571417,63.78,BTC-31MAR23-20000-C,16412.38,sell,0.1,,,,
806,236709195,2022-11-25 04:47:05,0,0.0765,0.07577076,63.98,BTC-31MAR23-20000-C,16416.34,buy,0.8,,,,
807,236733515,2022-11-25 13:06:14,2,0.075,0.07455614,62.57,BTC-31MAR23-20000-C,16490.14,sell,0.1,,,,
808,236733516,2022-11-25 13:06:14,3,0.075,0.07455614,62.57,BTC-31MAR23-20000-C,16490.14,sell,0.1,,,,
809,236733518,2022-11-25 13:06:18,3,0.075,0.07456382,62.57,BTC-31MAR23-20000-C,16490.1,sell,0.1,,,,
810,236733769,2022-11-25 13:11:06,3,0.075,0.07438998,62.77,BTC-31MAR23-20000-C,16468.48,sell,0.2,,,,
811,236733770,2022-11-25 13:11:06,3,0.075,0.07438998,62.77,BTC-31MAR23-20000-C,16468.48,sell,0.1,,,,
812,236733771,2022-11-25 13:11:06,3,0.075,0.07438998,62.77,BTC-31MAR23-20000-C,16468.48,sell,0.1,,,,
813,236733772,2022-11-25 13:11:06,3,0.075,0.07438998,62.77,BTC-31MAR23-20000-C,16468.48,sell,0.1,,,,
814,236733777,2022-11-25 13:11:08,3,0.075,0.07437093,62.78,BTC-31MAR23-20000-C,16467.14,sell,0.2,,,,
815,236749263,2022-11-25 22:41:10,2,0.0745,0.07319241,62.18,BTC-31MAR23-20000-C,16515.22,buy,0.2,,,,
816,236771181,2022-11-26 14:39:46,0,0.076,0.07447021,62.34,BTC-31MAR23-20000-C,16609.02,buy,0.4,,,,
817,236771182,2022-11-26 14:39:46,1,0.076,0.07447531,62.34,BTC-31MAR23-20000-C,16609.02,sell,0.1,,,,
818,236776171,2022-11-26 16:19:27,2,0.074,0.07264728,62.38,BTC-31MAR23-20000-C,16525.2,buy,0.1,,,,
819,236776173,2022-11-26 16:19:27,3,0.074,0.07264728,62.38,BTC-31MAR23-20000-C,16525.12,buy,0.1,,,,
820,236776540,2022-11-26 16:52:35,3,0.074,0.0723887,62.52,BTC-31MAR23-20000-C,16501.29,buy,0.1,,,,
821,236781438,2022-11-26 22:35:40,2,0.073,0.07194273,62.31,BTC-31MAR23-20000-C,16483.52,buy,0.4,,,,
822,236781439,2022-11-26 22:35:40,0,0.0735,0.07195269,62.54,BTC-31MAR23-20000-C,16483.45,buy,0.3,,,,
823,236786127,2022-11-27 03:01:43,2,0.0725,0.07273915,61.68,BTC-31MAR23-20000-C,16527.89,buy,0.1,,,,
824,236790017,2022-11-27 07:49:13,0,0.074,0.07357765,61.98,BTC-31MAR23-20000-C,16561.79,sell,0.1,,,,
825,236795645,2022-11-27 12:42:56,2,0.0725,0.07348303,61.26,BTC-31MAR23-20000-C,16563.1,sell,0.5,,,,
826,236803490,2022-11-27 19:44:49,0,0.073,0.07308343,61.58,BTC-31MAR23-20000-C,16536.67,buy,2.0,,,,
827,236804039,2022-11-27 21:03:32,0,0.0755,0.07374267,62.64,BTC-31MAR23-20000-C,16554.49,buy,0.4,,,,
828,236804040,2022-11-27 21:03:32,1,0.0755,0.07374267,62.64,BTC-31MAR23-20000-C,16554.49,buy,0.3,,,,
829,236808960,2022-11-28 00:00:52,2,0.0725,0.07104291,62.49,BTC-31MAR23-20000-C,16425.18,buy,0.1,,,,
830,236808961,2022-11-28 00:00:52,3,0.0725,0.0710646,62.49,BTC-31MAR23-20000-C,16425.18,buy,0.4,,,,
831,236842433,2022-11-28 14:16:39,2,0.0665,0.06576622,61.92,BTC-31MAR23-20000-C,16176.24,buy,0.2,,,,
832,236901703,2022-11-29 07:57:39,0,0.067,0.0676168,59.99,BTC-31MAR23-20000-C,16455.56,sell,0.1,,,,
833,236913529,2022-11-29 12:31:59,0,0.0675,0.06680346,60.16,BTC-31MAR23-20000-C,16477.49,buy,0.2,,,,
834,236913530,2022-11-29 12:32:00,1,0.0675,0.06680346,60.16,BTC-31MAR23-20000-C,16477.49,buy,0.1,,,,
835,236921538,2022-11-29 15:00:55,2,0.066,0.06496479,60.4,BTC-31MAR23-20000-C,16364.28,buy,0.1,,,,
836,236937918,2022-11-29 21:18:42,3,0.066,0.06672436,59.41,BTC-31MAR23-20000-C,16479.47,sell,1.0,,,,
837,236937919,2022-11-29 21:18:44,2,0.0655,0.06672296,59.18,BTC-31MAR23-20000-C,16479.47,sell,10.0,,,,
838,236938407,2022-11-29 21:46:33,2,0.065,0.0658123,59.13,BTC-31MAR23-20000-C,16463.68,sell,0.8,,,,
839,236949372,2022-11-30 01:01:36,0,0.0725,0.07261192,59.05,BTC-31MAR23-20000-C,16898.65,buy,0.4,,,,
840,236951794,2022-11-30 01:17:52,0,0.073,0.0726776,59.38,BTC-31MAR23-20000-C,16891.05,sell,2.0,,,,
841,236951801,2022-11-30 01:18:01,1,0.073,0.07266046,59.4,BTC-31MAR23-20000-C,16890.18,sell,0.7,,,,
842,236951802,2022-11-30 01:18:01,1,0.073,0.07266046,59.4,BTC-31MAR23-20000-C,16890.18,sell,0.1,,,,
843,236951815,2022-11-30 01:18:19,1,0.073,0.07260056,59.43,BTC-31MAR23-20000-C,16885.51,sell,0.1,,,,
844,236951816,2022-11-30 01:18:19,1,0.073,0.07260056,59.43,BTC-31MAR23-20000-C,16885.51,sell,0.1,,,,
845,236951817,2022-11-30 01:18:19,1,0.073,0.07260056,59.43,BTC-31MAR23-20000-C,16885.51,sell,0.1,,,,
846,236951818,2022-11-30 01:18:19,1,0.073,0.07260749,59.43,BTC-31MAR23-20000-C,16885.51,sell,0.1,,,,
847,236951820,2022-11-30 01:18:22,1,0.073,0.07264398,59.41,BTC-31MAR23-20000-C,16887.34,sell,0.2,,,,
848,236951828,2022-11-30 01:18:29,1,0.073,0.0726385,59.42,BTC-31MAR23-20000-C,16886.36,sell,0.1,,,,
849,236951829,2022-11-30 01:18:29,1,0.073,0.0726385,59.42,BTC-31MAR23-20000-C,16886.36,sell,0.1,,,,
850,236951830,2022-11-30 01:18:29,1,0.073,0.0726385,59.42,BTC-31MAR23-20000-C,16886.36,sell,0.1,,,,
851,236951838,2022-11-30 01:18:31,1,0.073,0.07263801,59.42,BTC-31MAR23-20000-C,16886.22,sell,0.2,,,,
852,236951839,2022-11-30 01:18:31,1,0.073,0.07263801,59.42,BTC-31MAR23-20000-C,16886.22,sell,0.1,,,,
853,236951840,2022-11-30 01:18:31,1,0.073,0.07263801,59.42,BTC-31MAR23-20000-C,16886.22,sell,0.1,,,,
854,236951841,2022-11-30 01:18:31,1,0.073,0.07263801,59.42,BTC-31MAR23-20000-C,16886.22,sell,0.1,,,,
855,236951842,2022-11-30 01:18:37,1,0.073,0.07257837,59.45,BTC-31MAR23-20000-C,16883.49,sell,0.1,,,,
856,236951843,2022-11-30 01:18:41,1,0.073,0.07257073,59.45,BTC-31MAR23-20000-C,16883.14,sell,0.1,,,,
857,236951846,2022-11-30 01:18:41,1,0.073,0.07256036,59.46,BTC-31MAR23-20000-C,16882.55,sell,0.1,,,,
858,236951852,2022-11-30 01:18:45,1,0.073,0.07255471,59.46,BTC-31MAR23-20000-C,16882.05,sell,0.1,,,,
859,236951854,2022-11-30 01:18:45,1,0.073,0.0725294,59.47,BTC-31MAR23-20000-C,16880.59,sell,0.2,,,,
860,236951855,2022-11-30 01:18:45,1,0.073,0.0725294,59.47,BTC-31MAR23-20000-C,16880.59,sell,0.1,,,,
861,236951856,2022-11-30 01:18:45,1,0.073,0.0725294,59.47,BTC-31MAR23-20000-C,16880.59,sell,0.1,,,,
862,236951859,2022-11-30 01:18:46,1,0.073,0.0725294,59.47,BTC-31MAR23-20000-C,16880.59,sell,0.3,,,,
863,236977361,2022-11-30 12:46:59,0,0.0735,0.07278505,60.08,BTC-31MAR23-20000-C,16848.33,buy,0.1,,,,
864,237043912,2022-12-01 00:57:25,0,0.078,0.07875117,59.3,BTC-31MAR23-20000-C,17160.2,buy,5.3,,,,
865,237043913,2022-12-01 00:57:25,1,0.078,0.07875117,59.3,BTC-31MAR23-20000-C,17160.2,buy,0.2,,,,
866,237045102,2022-12-01 01:11:57,2,0.077,0.0777737,59.04,BTC-31MAR23-20000-C,17136.76,sell,0.5,,,,
867,237045418,2022-12-01 01:16:13,3,0.077,0.07780116,58.97,BTC-31MAR23-20000-C,17143.84,sell,0.5,,,,
868,237045423,2022-12-01 01:16:14,3,0.077,0.07780244,59.01,BTC-31MAR23-20000-C,17140.4,sell,0.3,,,,
869,237045772,2022-12-01 01:19:47,3,0.077,0.07765395,59.01,BTC-31MAR23-20000-C,17141.06,sell,0.5,,,,
870,237049609,2022-12-01 02:27:58,2,0.0765,0.07686506,59.08,BTC-31MAR23-20000-C,17118.26,sell,0.5,,,,
871,237051788,2022-12-01 03:06:55,3,0.0765,0.0771015,58.9,BTC-31MAR23-20000-C,17138.13,sell,0.7,,,,
872,237053749,2022-12-01 03:55:49,0,0.0775,0.07708163,59.26,BTC-31MAR23-20000-C,17149.88,buy,0.1,,,,
873,237054161,2022-12-01 04:04:07,2,0.0765,0.07669648,58.97,BTC-31MAR23-20000-C,17134.92,sell,0.6,,,,
874,237054167,2022-12-01 04:04:10,3,0.0765,0.07676139,58.94,BTC-31MAR23-20000-C,17138.31,sell,0.6,,,,
875,237057492,2022-12-01 05:46:08,2,0.0755,0.07585791,58.9,BTC-31MAR23-20000-C,17089.48,sell,0.5,,,,
876,237057512,2022-12-01 05:46:17,3,0.0755,0.07575852,58.93,BTC-31MAR23-20000-C,17087.46,sell,0.5,,,,
877,237063724,2022-12-01 08:21:05,2,0.075,0.07504715,58.81,BTC-31MAR23-20000-C,17081.49,sell,2.0,,,,
878,237075532,2022-12-01 12:53:01,0,0.076,0.07505591,59.13,BTC-31MAR23-20000-C,17130.62,buy,1.6,,,,
879,237075533,2022-12-01 12:53:01,1,0.076,0.07505591,59.13,BTC-31MAR23-20000-C,17130.62,sell,18.2,,,,
880,237075534,2022-12-01 12:53:01,1,0.076,0.07505591,59.13,BTC-31MAR23-20000-C,17130.62,sell,3.2,,,,
881,237075535,2022-12-01 12:53:01,1,0.076,0.07505591,59.13,BTC-31MAR23-20000-C,17130.62,sell,7.0,,,,
882,237139772,2022-12-02 08:02:13,0,0.072,0.0715852,59.08,BTC-31MAR23-20000-C,16943.09,sell,0.4,,,,
883,237149753,2022-12-02 12:16:54,2,0.071,0.07127175,57.8,BTC-31MAR23-20000-C,17038.15,buy,0.2,,,,
884,237151290,2022-12-02 13:00:19,0,0.073,0.07141654,58.74,BTC-31MAR23-20000-C,17036.54,buy,0.1,,,,
885,237212630,2022-12-03 16:21:36,2,0.07,0.06928225,58.1,BTC-31MAR23-20000-C,16965.2,buy,0.1,,,,
886,237238203,2022-12-04 07:36:28,0,0.071,0.07138195,58.45,BTC-31MAR23-20000-C,16998.22,buy,0.2,,,,
887,237238289,2022-12-04 07:39:35,1,0.071,0.07134933,58.44,BTC-31MAR23-20000-C,16997.88,buy,0.2,,,,
888,237278792,2022-12-05 01:55:35,0,0.075,0.07552882,58.05,BTC-31MAR23-20000-C,17275.72,buy,0.3,,,,
889,237279440,2022-12-05 02:05:02,1,0.075,0.07528732,58.09,BTC-31MAR23-20000-C,17280.84,buy,0.2,,,,
890,237288787,2022-12-05 04:22:37,2,0.0745,0.0741901,58.29,BTC-31MAR23-20000-C,17208.33,sell,0.5,,,,
891,237288992,2022-12-05 04:29:54,3,0.0745,0.07425578,58.24,BTC-31MAR23-20000-C,17211.0,sell,0.5,,,,
892,237292201,2022-12-05 04:57:38,0,0.076,0.07622184,57.88,BTC-31MAR23-20000-C,17337.49,buy,0.2,,,,
893,237312432,2022-12-05 09:58:49,2,0.0753,0.07497162,57.95,BTC-31MAR23-20000-C,17314.32,buy,50.0,58113,BTC-CS-31MAR23-20000_25000,,
894,237312434,2022-12-05 09:58:49,0,0.0754,0.07497162,57.99,BTC-31MAR23-20000-C,17314.32,buy,50.0,58114,BTC-CS-31MAR23-20000_25000,,
895,237313839,2022-12-05 10:42:42,2,0.0749,0.07494448,57.7,BTC-31MAR23-20000-C,17321.97,buy,50.0,58118,BTC-CS-31MAR23-20000_25000,,
896,237317579,2022-12-05 12:36:54,0,0.075,0.0739933,58.21,BTC-31MAR23-20000-C,17272.27,buy,8.0,,,,
897,237317580,2022-12-05 12:36:54,1,0.075,0.0739933,58.21,BTC-31MAR23-20000-C,17272.27,buy,2.0,,,,
898,237325447,2022-12-05 15:05:26,2,0.0731,0.07123836,58.82,BTC-31MAR23-20000-C,17101.67,sell,12.5,58131,BTC-CS-31MAR23-20000_25000,,
899,237338706,2022-12-05 19:20:43,2,0.07,0.06795549,58.91,BTC-31MAR23-20000-C,16925.73,sell,12.5,58147,BTC-CS-31MAR23-20000_25000,,
900,237347805,2022-12-06 01:22:57,3,0.07,0.07025378,57.53,BTC-31MAR23-20000-C,17089.57,buy,0.3,,,,
901,237348425,2022-12-06 01:48:45,2,0.0685,0.06939339,57.29,BTC-31MAR23-20000-C,17038.12,sell,1.1,,,,
902,237356974,2022-12-06 08:04:49,2,0.0665,0.06668556,56.55,BTC-31MAR23-20000-C,17018.85,buy,0.1,,,,
903,237366003,2022-12-06 12:50:54,2,0.0665,0.06710402,56.79,BTC-31MAR23-20000-C,16997.8,sell,0.4,,,,
904,237366438,2022-12-06 13:08:59,0,0.067,0.06737984,56.92,BTC-31MAR23-20000-C,17009.41,sell,0.8,,,,
905,237390901,2022-12-07 03:09:04,0,0.0687,0.06882487,57.7,BTC-31MAR23-20000-C,17041.72,sell,80.0,58250,,,
906,237404124,2022-12-07 08:34:04,2,0.064,0.06490423,57.62,BTC-31MAR23-20000-C,16793.29,sell,2.5,,,,
907,237404125,2022-12-07 08:34:04,3,0.064,0.06490423,57.62,BTC-31MAR23-20000-C,16793.29,sell,2.8,,,,
908,237408730,2022-12-07 11:31:52,0,0.065,0.06488877,57.88,BTC-31MAR23-20000-C,16824.18,buy,0.2,,,,
909,237411716,2022-12-07 13:30:40,0,0.0665,0.06568074,58.43,BTC-31MAR23-20000-C,16857.78,buy,1.9,,,,
910,237416420,2022-12-07 16:07:31,0,0.067,0.06641296,58.72,BTC-31MAR23-20000-C,16845.04,sell,3.4,,,,
911,237416438,2022-12-07 16:07:46,2,0.0658,0.06653821,58.17,BTC-31MAR23-20000-C,16842.16,buy,12.5,58307,BTC-RR-31MAR23-15000_20000,,
912,237416586,2022-12-07 16:15:16,0,0.067,0.06643559,58.91,BTC-31MAR23-20000-C,16822.13,sell,3.7,,,,
913,237416665,2022-12-07 16:16:43,1,0.067,0.06654837,58.94,BTC-31MAR23-20000-C,16821.78,buy,0.9,,,,
914,237439212,2022-12-08 07:22:44,2,0.065,0.06496366,58.27,BTC-31MAR23-20000-C,16823.44,buy,0.6,,,,
915,237439717,2022-12-08 07:36:56,3,0.065,0.0647439,58.22,BTC-31MAR23-20000-C,16833.18,buy,1.4,,,,
916,237456277,2022-12-08 15:00:19,3,0.065,0.06490979,57.54,BTC-31MAR23-20000-C,16918.07,buy,0.6,,,,
917,237456619,2022-12-08 15:05:16,3,0.065,0.06499276,57.55,BTC-31MAR23-20000-C,16915.99,buy,0.4,,,,
918,237460893,2022-12-08 15:44:19,0,0.0665,0.06543796,58.29,BTC-31MAR23-20000-C,16923.79,buy,0.1,,,,
919,237460894,2022-12-08 15:44:19,1,0.0665,0.06543796,58.29,BTC-31MAR23-20000-C,16923.79,buy,0.1,,,,
920,237471397,2022-12-08 19:01:18,0,0.0685,0.06887252,56.2,BTC-31MAR23-20000-C,17281.28,buy,0.5,,,,
921,237471771,2022-12-08 19:04:08,2,0.068,0.06839742,56.15,BTC-31MAR23-20000-C,17243.87,buy,0.5,,,,
922,237474816,2022-12-08 19:33:52,3,0.068,0.0682454,56.24,BTC-31MAR23-20000-C,17239.84,buy,0.3,,,,
923,237492600,2022-12-09 05:22:23,2,0.0665,0.06617982,56.11,BTC-31MAR23-20000-C,17206.52,sell,0.1,,,,
924,237504566,2022-12-09 12:39:03,0,0.067,0.06618253,56.01,BTC-31MAR23-20000-C,17254.6,buy,1.0,,,,
925,237505138,2022-12-09 12:41:24,0,0.068,0.06763525,56.02,BTC-31MAR23-20000-C,17310.72,buy,1.0,,,,
926,237519395,2022-12-09 19:45:22,2,0.067,0.06678448,57.07,BTC-31MAR23-20000-C,17138.39,sell,0.2,,,,
927,237532063,2022-12-10 12:05:38,0,0.069,0.06831639,57.92,BTC-31MAR23-20000-C,17169.2,buy,0.4,,,,
928,237542634,2022-12-11 05:36:30,1,0.069,0.0694372,58.03,BTC-31MAR23-20000-C,17183.52,buy,0.6,,,,
929,237548621,2022-12-11 13:50:41,2,0.068,0.06920316,57.87,BTC-31MAR23-20000-C,17140.24,sell,0.1,,,,
930,237551146,2022-12-11 18:56:16,0,0.07,0.07003532,58.52,BTC-31MAR23-20000-C,17197.09,buy,1.0,,,,
931,237574350,2022-12-12 09:43:25,0,0.067,0.06695501,59.21,BTC-31MAR23-20000-C,16964.04,sell,0.8,,,,
932,237575424,2022-12-12 10:45:56,0,0.068,0.06795183,59.38,BTC-31MAR23-20000-C,17002.06,buy,0.1,,,,
933,237576024,2022-12-12 11:38:36,1,0.068,0.06750536,59.56,BTC-31MAR23-20000-C,16982.3,buy,1.8,,,,
934,237577764,2022-12-12 12:37:51,2,0.0675,0.06691807,59.74,BTC-31MAR23-20000-C,16932.62,buy,5.0,,,,
935,237577787,2022-12-12 12:38:03,2,0.067,0.06685966,59.53,BTC-31MAR23-20000-C,16927.33,buy,5.0,,,,
936,237598146,2022-12-13 00:04:14,0,0.0695,0.06974483,58.46,BTC-31MAR23-20000-C,17218.74,buy,0.1,,,,
937,237612784,2022-12-13 09:10:41,0,0.071,0.07014239,59.74,BTC-31MAR23-20000-C,17176.53,buy,1.0,,,,
938,237621188,2022-12-13 10:07:29,0,0.0745,0.07499422,58.99,BTC-31MAR23-20000-C,17447.33,buy,0.3,,,,
939,237624922,2022-12-13 10:48:51,0,0.075,0.0752889,59.61,BTC-31MAR23-20000-C,17417.04,sell,0.8,,,,
940,237625396,2022-12-13 10:55:16,1,0.075,0.07539899,59.6,BTC-31MAR23-20000-C,17409.32,buy,0.2,,,,
941,237629007,2022-12-13 12:09:37,0,0.0762,0.07618396,59.71,BTC-31MAR23-20000-C,17452.28,buy,25.0,58761,BTC-CSR12-31MAR23-20000_24000,,
942,237653007,2022-12-13 13:51:16,0,0.082,0.08176636,58.33,BTC-31MAR23-20000-C,17917.09,buy,3.5,,,,
943,237653008,2022-12-13 13:51:16,1,0.082,0.08176636,58.33,BTC-31MAR23-20000-C,17917.09,buy,0.7,,,,
944,237653359,2022-12-13 13:53:37,2,0.081,0.08126747,58.13,BTC-31MAR23-20000-C,17883.66,buy,0.2,,,,
945,237655556,2022-12-13 14:10:15,3,0.081,0.08136733,57.93,BTC-31MAR23-20000-C,17907.13,buy,0.3,,,,
946,237658154,2022-12-13 14:31:53,0,0.082,0.08147494,58.55,BTC-31MAR23-20000-C,17888.08,sell,0.1,,,,
947,237658156,2022-12-13 14:31:53,1,0.082,0.08147494,58.55,BTC-31MAR23-20000-C,17888.08,sell,0.1,,,,
948,237658158,2022-12-13 14:31:53,1,0.082,0.08147494,58.55,BTC-31MAR23-20000-C,17888.08,sell,0.1,,,,
949,237658160,2022-12-13 14:31:53,1,0.082,0.08147494,58.55,BTC-31MAR23-20000-C,17888.08,sell,0.1,,,,
950,237658161,2022-12-13 14:31:53,1,0.082,0.08147494,58.55,BTC-31MAR23-20000-C,17888.08,sell,0.1,,,,
951,237658166,2022-12-13 14:31:56,1,0.082,0.08144665,58.58,BTC-31MAR23-20000-C,17884.59,sell,0.1,,,,
952,237658167,2022-12-13 14:31:56,1,0.082,0.08144665,58.58,BTC-31MAR23-20000-C,17884.59,sell,0.1,,,,
953,237658183,2022-12-13 14:32:12,1,0.082,0.08143248,58.61,BTC-31MAR23-20000-C,17880.38,sell,0.3,,,,
954,237658617,2022-12-13 14:36:15,2,0.0815,0.08135394,58.53,BTC-31MAR23-20000-C,17866.87,sell,0.1,,,,
955,237658618,2022-12-13 14:36:17,3,0.0815,0.08135472,58.53,BTC-31MAR23-20000-C,17866.27,sell,0.1,,,,
956,237658619,2022-12-13 14:36:17,3,0.0815,0.0813513,58.53,BTC-31MAR23-20000-C,17866.27,sell,0.1,,,,
957,237658620,2022-12-13 14:36:17,3,0.0815,0.0813513,58.53,BTC-31MAR23-20000-C,17866.27,sell,0.1,,,,
958,237658621,2022-12-13 14:36:23,3,0.0815,0.08137128,58.52,BTC-31MAR23-20000-C,17866.39,sell,0.1,,,,
959,237658622,2022-12-13 14:36:23,3,0.0815,0.08137128,58.52,BTC-31MAR23-20000-C,17866.39,sell,0.1,,,,
960,237658623,2022-12-13 14:36:23,3,0.0815,0.08137128,58.52,BTC-31MAR23-20000-C,17866.39,sell,0.1,,,,
961,237658655,2022-12-13 14:36:46,3,0.0815,0.0812259,58.59,BTC-31MAR23-20000-C,17861.27,sell,0.1,,,,
962,237658656,2022-12-13 14:36:46,3,0.0815,0.0812259,58.59,BTC-31MAR23-20000-C,17861.27,sell,0.1,,,,
963,237658664,2022-12-13 14:36:50,3,0.0815,0.08120042,58.61,BTC-31MAR23-20000-C,17859.61,sell,0.1,,,,
964,237661644,2022-12-13 15:22:08,2,0.08,0.07969504,58.51,BTC-31MAR23-20000-C,17777.87,sell,0.1,,,,
965,237677825,2022-12-13 23:36:35,2,0.0795,0.07879455,58.26,BTC-31MAR23-20000-C,17796.39,sell,0.3,,,,
966,237677826,2022-12-13 23:36:35,3,0.0795,0.07879455,58.26,BTC-31MAR23-20000-C,17796.39,sell,0.2,,,,
967,237677827,2022-12-13 23:36:35,3,0.0795,0.07879455,58.26,BTC-31MAR23-20000-C,17796.39,sell,0.2,,,,
968,237677828,2022-12-13 23:36:35,3,0.0795,0.07879455,58.26,BTC-31MAR23-20000-C,17796.39,sell,0.1,,,,
969,237677829,2022-12-13 23:36:35,3,0.0795,0.07879455,58.26,BTC-31MAR23-20000-C,17796.39,sell,0.1,,,,
970,237677830,2022-12-13 23:36:35,3,0.0795,0.07879455,58.26,BTC-31MAR23-20000-C,17796.39,sell,0.1,,,,
971,237693026,2022-12-14 08:34:27,2,0.079,0.07920296,57.7,BTC-31MAR23-20000-C,17824.44,buy,1.0,,,,
