trade_seq,trade_id,timestamp,tick_direction,price,mark_price,iv,instrument_name,index_price,direction,contracts,amount,combo_id,block_trade_id,combo_trade_id,liquidation
1,265559621,2023-09-28 20:15:23,1,0.06,0.05652892,66.07,BTC-27SEP24-60000-C,27119.94,buy,,0.1,,,,
2,265559622,2023-09-28 20:15:23,1,0.06,0.05652892,66.07,BTC-27SEP24-60000-C,27119.94,buy,,0.9,,,,
3,265561618,2023-09-28 21:13:18,2,0.05,0.05669925,62.64,BTC-27SEP24-60000-C,27029.5,buy,,1.0,,,,
4,265614169,2023-09-29 09:17:50,0,0.055,0.05400627,64.61,BTC-27SEP24-60000-C,27053.36,buy,,1.0,,,,
5,265614170,2023-09-29 09:17:50,1,0.055,0.05400627,64.61,BTC-27SEP24-60000-C,27053.36,buy,,0.1,,,,
6,265648874,2023-09-29 18:09:04,2,0.0525,0.05327317,64.25,BTC-27SEP24-60000-C,26769.01,sell,,10.0,,,,
7,265675060,2023-09-30 12:49:52,2,0.051,0.05233296,63.43,BTC-27SEP24-60000-C,26946.84,sell,,1.0,,,,
8,265678595,2023-09-30 15:34:45,2,0.0485,0.04919001,62.36,BTC-27SEP24-60000-C,27020.42,sell,,2.5,,,,
9,265791366,2023-10-02 07:57:55,0,0.0553,0.05509232,62.47,BTC-27SEP24-60000-C,28272.82,buy,,10.0,BTC-CS-27SEP24-55000_60000,,265791364,
10,265796089,2023-10-02 08:25:20,0,0.0565,0.05554761,62.68,BTC-27SEP24-60000-C,28385.65,buy,,0.1,,,,
11,265824420,2023-10-02 13:52:53,0,0.057,0.05794675,62.86,BTC-27SEP24-60000-C,28391.08,sell,,0.5,,,,
12,265913872,2023-10-03 08:07:44,2,0.055,0.05664119,63.69,BTC-27SEP24-60000-C,27574.24,sell,,0.3,,,,
13,265919156,2023-10-03 10:58:16,0,0.057,0.05662374,64.34,BTC-27SEP24-60000-C,27627.9,sell,,1.5,,,,
14,265919176,2023-10-03 11:00:02,1,0.057,0.05661695,64.35,BTC-27SEP24-60000-C,27624.25,sell,,5.7,,,,
15,265919177,2023-10-03 11:00:02,1,0.057,0.05661695,64.35,BTC-27SEP24-60000-C,27624.25,sell,,3.8,,,,
16,265919184,2023-10-03 11:00:08,1,0.057,0.05663308,64.35,BTC-27SEP24-60000-C,27626.71,sell,,0.2,,,,
17,265937422,2023-10-03 14:51:28,2,0.055,0.05548184,64.31,BTC-27SEP24-60000-C,27277.7,sell,,1.0,,,,
18,265937423,2023-10-03 14:51:28,3,0.055,0.05548184,64.31,BTC-27SEP24-60000-C,27277.7,sell,,3.1,,,,
19,265943256,2023-10-03 15:49:34,3,0.055,0.0556023,64.27,BTC-27SEP24-60000-C,27305.85,sell,,1.9,,,,
20,265969351,2023-10-03 21:41:29,3,0.055,0.05544978,64.21,BTC-27SEP24-60000-C,27374.03,sell,,0.1,,,,
21,265969405,2023-10-03 21:45:33,0,0.056,0.05552792,64.53,BTC-27SEP24-60000-C,27384.64,sell,,0.1,,,,
22,266035946,2023-10-04 19:53:10,2,0.0545,0.05552987,63.52,BTC-27SEP24-60000-C,27659.35,sell,,0.1,,,,
23,266035947,2023-10-04 19:53:10,3,0.0545,0.05552987,63.52,BTC-27SEP24-60000-C,27659.35,sell,,0.1,,,,
24,266038092,2023-10-04 20:27:11,0,0.057,0.05631224,64.32,BTC-27SEP24-60000-C,27702.26,buy,,0.3,,,,
25,266144641,2023-10-06 08:29:25,1,0.057,0.05728682,64.63,BTC-27SEP24-60000-C,27658.67,sell,,5.0,,,,
26,266144642,2023-10-06 08:29:25,1,0.057,0.05728682,64.63,BTC-27SEP24-60000-C,27658.67,sell,,1.0,,,,
27,266144904,2023-10-06 08:33:08,1,0.057,0.05642446,64.66,BTC-27SEP24-60000-C,27636.64,sell,,0.4,,,,
28,266145245,2023-10-06 08:42:25,1,0.057,0.05694121,64.67,BTC-27SEP24-60000-C,27638.28,sell,,2.0,,,,
29,266305286,2023-10-09 09:59:40,2,0.055,0.05509371,64.42,BTC-27SEP24-60000-C,27559.91,sell,,1.0,,,,
30,266376434,2023-10-10 04:59:15,2,0.053,0.05445476,63.76,BTC-27SEP24-60000-C,27608.57,sell,,1.0,,,,
31,266451212,2023-10-11 05:30:09,2,0.0525,0.05349917,64.74,BTC-27SEP24-60000-C,27111.87,sell,,15.0,,,,
32,266727769,2023-10-15 22:42:03,2,0.05,0.05134954,64.14,BTC-27SEP24-60000-C,27243.94,sell,,0.1,,,,
33,266727770,2023-10-15 22:42:03,3,0.05,0.05134954,64.14,BTC-27SEP24-60000-C,27243.94,sell,,1.0,,,,
34,266729980,2023-10-15 23:15:05,2,0.0475,0.04934779,63.5,BTC-27SEP24-60000-C,27075.21,sell,,2.9,,,,
35,266920694,2023-10-16 15:19:26,0,0.0535,0.05439028,63.62,BTC-27SEP24-60000-C,28132.72,sell,,0.1,,,,
36,267090900,2023-10-17 21:55:14,0,0.057,0.0555067,64.31,BTC-27SEP24-60000-C,28496.0,buy,,8.0,,,,
37,267166299,2023-10-18 14:14:57,2,0.0539,0.05429443,63.62,BTC-27SEP24-60000-C,28309.92,sell,,15.0,BTC-CS-27SEP24-37000_60000,101612,,
38,267205493,2023-10-19 04:25:22,0,0.0565,0.05444641,64.74,BTC-27SEP24-60000-C,28279.88,buy,,0.1,,,,
39,267205494,2023-10-19 04:25:22,1,0.0565,0.05444641,64.74,BTC-27SEP24-60000-C,28279.88,buy,,0.4,,,,
40,267320570,2023-10-20 04:15:15,0,0.0625,0.06071113,64.99,BTC-27SEP24-60000-C,29224.31,buy,,0.1,,,,
41,267323169,2023-10-20 04:40:13,0,0.063,0.06143064,65.13,BTC-27SEP24-60000-C,29240.87,buy,,0.1,,,,
42,267324940,2023-10-20 04:57:14,2,0.0625,0.06152528,64.81,BTC-27SEP24-60000-C,29325.31,buy,,0.2,,,,
43,267332167,2023-10-20 06:31:03,2,0.06,0.06080873,64.16,BTC-27SEP24-60000-C,29210.13,sell,,1.0,,,,
44,267489728,2023-10-21 14:42:05,0,0.0639,0.06474884,64.48,BTC-27SEP24-60000-C,29812.98,sell,,20.0,BTC-CS-27SEP24-40000_60000,,267489727,
45,267601451,2023-10-23 01:32:34,0,0.0685,0.068661,64.71,BTC-27SEP24-60000-C,30524.8,buy,,0.1,,,,
46,267636869,2023-10-23 04:21:49,0,0.0715,0.06953469,65.46,BTC-27SEP24-60000-C,30635.48,buy,,0.5,,,,
47,267637074,2023-10-23 04:23:42,1,0.0715,0.06952859,65.51,BTC-27SEP24-60000-C,30614.5,buy,,0.4,,,,
48,267741825,2023-10-23 15:08:46,2,0.066,0.06811805,63.43,BTC-27SEP24-60000-C,30850.85,sell,,0.1,,,,
49,267792536,2023-10-23 18:45:55,0,0.0707,0.07119598,65.03,BTC-27SEP24-60000-C,30831.78,buy,,0.2,BTC-CS-27SEP24-38000_60000,,267792534,
50,268010079,2023-10-24 01:47:20,0,0.0845,0.08652905,63.27,BTC-27SEP24-60000-C,33875.63,buy,,0.1,,,,
51,268021487,2023-10-24 02:12:26,0,0.0875,0.08768643,63.14,BTC-27SEP24-60000-C,34413.29,buy,,1.0,,,,
52,268150929,2023-10-24 08:45:35,0,0.0915,0.09125769,64.77,BTC-27SEP24-60000-C,34148.64,sell,,0.1,,,,
53,268164869,2023-10-24 09:44:13,0,0.0945,0.09315219,65.24,BTC-27SEP24-60000-C,34372.69,buy,,1.0,,,,
54,268165140,2023-10-24 09:45:52,0,0.0965,0.09403963,65.8,BTC-27SEP24-60000-C,34376.38,sell,,0.5,,,,
55,268471737,2023-10-25 04:55:50,2,0.0815,0.07921313,62.16,BTC-27SEP24-60000-C,34170.15,buy,,2.2,,,,
56,268555212,2023-10-25 13:46:25,2,0.0795,0.08146754,61.04,BTC-27SEP24-60000-C,34348.4,sell,,0.1,,,,
57,268625556,2023-10-25 18:16:44,0,0.091,0.08960005,63.76,BTC-27SEP24-60000-C,34645.85,sell,,0.2,,,,
58,268625569,2023-10-25 18:17:04,0,0.092,0.08965627,64.05,BTC-27SEP24-60000-C,34646.59,buy,,0.1,,,,
59,268796001,2023-10-26 16:51:59,2,0.088,0.08773859,64.54,BTC-27SEP24-60000-C,33814.19,sell,,1.1,,,,
60,268805438,2023-10-26 17:38:49,2,0.0849,0.0847418,63.56,BTC-27SEP24-60000-C,33841.6,buy,,6.3,,105002,,
61,269009484,2023-10-27 18:01:29,2,0.083,0.08372811,63.26,BTC-27SEP24-60000-C,33614.67,sell,,0.7,,,,
62,269159945,2023-10-30 04:38:01,0,0.0887,0.08856032,63.71,BTC-27SEP24-60000-C,34326.36,buy,,20.0,BTC-CS-27SEP24-40000_60000,105452,,
63,269213670,2023-10-30 14:27:01,2,0.088,0.08883291,62.79,BTC-27SEP24-60000-C,34698.08,buy,,0.5,,,,
64,269260967,2023-10-31 03:52:03,0,0.089,0.08895375,64.09,BTC-27SEP24-60000-C,34250.54,sell,,0.4,,,,
65,269279143,2023-10-31 08:47:36,2,0.085,0.08748814,62.58,BTC-27SEP24-60000-C,34402.34,sell,,0.1,,,,
66,269317755,2023-10-31 17:56:57,0,0.089,0.08859396,63.84,BTC-27SEP24-60000-C,34377.7,sell,,5.0,,,,
67,269333237,2023-10-31 22:10:03,0,0.0925,0.08934783,64.63,BTC-27SEP24-60000-C,34500.67,buy,,0.3,,,,
68,269333238,2023-10-31 22:10:03,1,0.0925,0.08934783,64.63,BTC-27SEP24-60000-C,34500.67,buy,,4.0,,,,
69,269569217,2023-11-02 07:30:14,0,0.1065,0.10356353,66.96,BTC-27SEP24-60000-C,35296.34,buy,,0.1,,,,
70,269569219,2023-11-02 07:30:14,1,0.1065,0.10356389,66.96,BTC-27SEP24-60000-C,35296.34,buy,,0.1,,,,
71,269569223,2023-11-02 07:30:15,1,0.1065,0.10356425,66.96,BTC-27SEP24-60000-C,35296.34,buy,,0.1,,,,
72,269569225,2023-11-02 07:30:15,1,0.1065,0.10356425,66.96,BTC-27SEP24-60000-C,35296.34,buy,,0.1,,,,
73,269569227,2023-11-02 07:30:15,1,0.1065,0.10356425,66.96,BTC-27SEP24-60000-C,35297.32,buy,,0.1,,,,
74,269569229,2023-11-02 07:30:15,1,0.1065,0.10356425,66.96,BTC-27SEP24-60000-C,35297.32,buy,,0.1,,,,
75,269569238,2023-11-02 07:30:26,2,0.106,0.10357484,66.81,BTC-27SEP24-60000-C,35298.68,buy,,0.1,,,,
76,269569240,2023-11-02 07:30:26,3,0.106,0.10357554,66.81,BTC-27SEP24-60000-C,35298.68,buy,,0.1,,,,
77,269786237,2023-11-03 12:13:03,2,0.0975,0.09628156,66.87,BTC-27SEP24-60000-C,34167.64,buy,,0.1,,,,
78,269966312,2023-11-05 19:41:28,0,0.107,0.10807644,68.01,BTC-27SEP24-60000-C,35024.68,sell,,0.1,,,,
79,270077615,2023-11-06 20:03:39,2,0.106,0.10402904,67.92,BTC-27SEP24-60000-C,35033.58,sell,,0.1,,,,
80,270077972,2023-11-06 20:05:39,2,0.1025,0.10356015,66.98,BTC-27SEP24-60000-C,34990.19,sell,,0.3,,,,
81,270101394,2023-11-07 03:25:55,0,0.104,0.10316723,67.53,BTC-27SEP24-60000-C,34914.82,sell,,1.3,,,,
82,270146009,2023-11-07 15:45:22,2,0.0982,0.09902624,66.26,BTC-27SEP24-60000-C,34671.28,buy,,15.0,BTC-CS-27SEP24-60000_120000,107502,,
83,270246865,2023-11-08 09:07:54,0,0.1037,0.10340061,66.67,BTC-27SEP24-60000-C,35327.66,buy,,15.0,,107700,,
84,270252174,2023-11-08 10:33:07,0,0.1042,0.10436608,66.67,BTC-27SEP24-60000-C,35396.6,sell,,15.0,,107720,,
85,270366954,2023-11-09 02:25:08,0,0.11,0.10929748,66.76,BTC-27SEP24-60000-C,36313.64,buy,,10.0,,,,
86,270403623,2023-11-09 05:04:23,0,0.1125,0.11365753,66.95,BTC-27SEP24-60000-C,36645.63,sell,,1.0,,,,
87,270408002,2023-11-09 05:45:11,1,0.1125,0.1143665,67.01,BTC-27SEP24-60000-C,36633.29,buy,,1.0,,,,
88,270411632,2023-11-09 06:18:41,0,0.115,0.11502966,67.52,BTC-27SEP24-60000-C,36757.06,buy,,0.1,,,,
89,270411635,2023-11-09 06:18:41,0,0.1155,0.11502966,67.66,BTC-27SEP24-60000-C,36757.46,buy,,0.1,,,,
90,270411637,2023-11-09 06:18:41,1,0.1155,0.11502966,67.66,BTC-27SEP24-60000-C,36757.46,buy,,0.1,,,,
91,270411639,2023-11-09 06:18:42,2,0.115,0.11502944,67.52,BTC-27SEP24-60000-C,36757.46,buy,,0.1,,,,
92,270412389,2023-11-09 06:23:11,2,0.1145,0.11535431,67.29,BTC-27SEP24-60000-C,36789.03,buy,,0.1,,,,
93,270637959,2023-11-09 21:41:23,3,0.1145,0.11226734,67.89,BTC-27SEP24-60000-C,36513.32,buy,,0.1,,,,
94,270699380,2023-11-10 07:47:42,2,0.1135,0.11094808,67.63,BTC-27SEP24-60000-C,36502.62,buy,,0.1,,,,
95,270707984,2023-11-10 08:09:22,2,0.113,0.1106849,67.62,BTC-27SEP24-60000-C,36438.65,buy,,0.1,,,,
96,270714230,2023-11-10 08:38:54,3,0.113,0.11050453,67.62,BTC-27SEP24-60000-C,36477.99,buy,,0.1,,,,
97,270781721,2023-11-10 18:39:58,0,0.1165,0.1151767,67.03,BTC-27SEP24-60000-C,37277.93,buy,,0.1,,,,
98,270871593,2023-11-11 19:52:23,2,0.112,0.11010243,66.07,BTC-27SEP24-60000-C,37176.76,buy,,0.1,,,,
99,270871597,2023-11-11 19:52:23,3,0.112,0.11010243,66.07,BTC-27SEP24-60000-C,37176.76,buy,,0.1,,,,
100,270887643,2023-11-11 23:10:17,2,0.11,0.10772789,66.12,BTC-27SEP24-60000-C,36839.85,buy,,0.1,,,,
101,270887646,2023-11-11 23:10:17,3,0.11,0.10772599,66.12,BTC-27SEP24-60000-C,36839.85,buy,,0.1,,,,
102,270887648,2023-11-11 23:10:17,3,0.11,0.10772599,66.12,BTC-27SEP24-60000-C,36839.85,buy,,0.1,,,,
103,270887650,2023-11-11 23:10:17,3,0.11,0.10772599,66.12,BTC-27SEP24-60000-C,36839.85,buy,,0.1,,,,
104,270937072,2023-11-12 21:38:57,0,0.111,0.1094911,65.77,BTC-27SEP24-60000-C,37179.58,sell,,3.0,,,,
105,270940023,2023-11-12 22:54:13,1,0.111,0.11089174,65.78,BTC-27SEP24-60000-C,37162.57,sell,,0.1,,,,
106,270941618,2023-11-12 23:17:14,2,0.11,0.11072962,65.59,BTC-27SEP24-60000-C,37113.02,sell,,2.4,,,,
107,270941619,2023-11-12 23:17:14,3,0.11,0.11072962,65.59,BTC-27SEP24-60000-C,37113.02,sell,,0.5,,,,
108,270941715,2023-11-12 23:18:06,3,0.11,0.11057375,65.63,BTC-27SEP24-60000-C,37096.17,sell,,2.4,,,,
109,270942071,2023-11-12 23:19:46,3,0.11,0.11042976,65.67,BTC-27SEP24-60000-C,37068.42,sell,,2.5,,,,
110,270943108,2023-11-12 23:22:07,3,0.11,0.10975309,65.88,BTC-27SEP24-60000-C,36993.71,sell,,2.2,,,,
111,271014791,2023-11-13 16:25:14,0,0.1105,0.1083179,66.0,BTC-27SEP24-60000-C,37003.23,buy,,0.1,,,,
112,271014793,2023-11-13 16:25:14,1,0.1105,0.1083179,66.0,BTC-27SEP24-60000-C,37002.4,buy,,0.1,,,,
113,271014795,2023-11-13 16:25:15,1,0.1105,0.1083179,66.0,BTC-27SEP24-60000-C,37002.4,buy,,0.1,,,,
114,271014798,2023-11-13 16:25:15,1,0.1105,0.10831533,66.0,BTC-27SEP24-60000-C,37002.4,buy,,0.1,,,,
115,271014864,2023-11-13 16:25:16,1,0.1105,0.10831543,66.0,BTC-27SEP24-60000-C,37002.57,buy,,0.1,,,,
116,271014866,2023-11-13 16:25:16,1,0.1105,0.10831543,65.99,BTC-27SEP24-60000-C,37009.63,buy,,0.1,,,,
117,271014868,2023-11-13 16:25:18,1,0.1105,0.10835674,65.99,BTC-27SEP24-60000-C,37008.85,buy,,0.1,,,,
118,271017591,2023-11-13 16:42:51,2,0.11,0.10759949,66.03,BTC-27SEP24-60000-C,36917.9,buy,,0.1,,,,
119,271019204,2023-11-13 17:05:22,2,0.1095,0.10730687,66.0,BTC-27SEP24-60000-C,36843.22,buy,,0.1,,,,
120,271021502,2023-11-13 17:21:04,2,0.1085,0.10616024,66.02,BTC-27SEP24-60000-C,36683.33,buy,,0.1,,,,
121,271161258,2023-11-14 15:48:40,2,0.102,0.10106633,65.1,BTC-27SEP24-60000-C,36209.3,buy,,1.7,,,,
122,271163515,2023-11-14 16:08:10,0,0.1025,0.10109277,65.26,BTC-27SEP24-60000-C,36199.44,sell,,0.1,,,,
123,271168354,2023-11-14 16:35:11,0,0.104,0.10191553,65.38,BTC-27SEP24-60000-C,36336.27,buy,,0.1,,,,
124,271169451,2023-11-14 16:39:27,1,0.104,0.10244042,65.34,BTC-27SEP24-60000-C,36358.09,buy,,0.1,,,,
125,271545359,2023-11-16 14:57:08,0,0.108,0.10585903,66.08,BTC-27SEP24-60000-C,36773.41,sell,,1.4,,,,
126,271608389,2023-11-16 19:33:52,2,0.1,0.10026349,66.04,BTC-27SEP24-60000-C,35597.6,sell,,0.2,,,,
127,271611599,2023-11-16 19:39:07,0,0.1015,0.10012634,66.5,BTC-27SEP24-60000-C,35607.51,buy,,8.0,,,,
128,271611600,2023-11-16 19:39:07,1,0.1015,0.10012634,66.5,BTC-27SEP24-60000-C,35607.51,buy,,2.0,,,,
129,271688210,2023-11-17 04:57:07,0,0.106,0.10543066,66.3,BTC-27SEP24-60000-C,36446.66,sell,,0.1,,,,
130,271688432,2023-11-17 05:01:21,1,0.106,0.10529885,66.33,BTC-27SEP24-60000-C,36431.18,sell,,0.1,,,,
131,271759267,2023-11-17 14:54:52,2,0.1015,0.10199082,66.0,BTC-27SEP24-60000-C,35925.48,sell,,0.1,,,,
132,271888225,2023-11-19 08:49:46,0,0.106,0.10201979,66.35,BTC-27SEP24-60000-C,36656.98,buy,,3.0,,,,
133,272055036,2023-11-20 19:18:14,0,0.11,0.1088323,65.83,BTC-27SEP24-60000-C,37568.21,buy,,0.1,,,,
134,272254703,2023-11-21 22:25:04,2,0.1065,0.10290641,66.69,BTC-27SEP24-60000-C,36710.28,buy,,1.0,,,,
135,272338102,2023-11-22 11:07:13,2,0.1025,0.10151142,65.75,BTC-27SEP24-60000-C,36612.36,sell,,5.0,,,,
136,272457714,2023-11-23 09:14:26,0,0.108,0.10777128,65.54,BTC-27SEP24-60000-C,37497.76,buy,,1.0,,,,
137,272457715,2023-11-23 09:14:26,2,0.1075,0.10777128,65.4,BTC-27SEP24-60000-C,37497.76,buy,,1.0,,,,
138,272457720,2023-11-23 09:14:58,3,0.1075,0.10774979,65.39,BTC-27SEP24-60000-C,37499.77,buy,,1.0,,,,
139,272457721,2023-11-23 09:15:03,3,0.1075,0.10774375,65.39,BTC-27SEP24-60000-C,37500.37,buy,,1.0,,,,
140,272457722,2023-11-23 09:15:07,3,0.1075,0.10770346,65.4,BTC-27SEP24-60000-C,37494.28,buy,,1.0,,,,
141,272457724,2023-11-23 09:15:12,3,0.1075,0.1076955,65.4,BTC-27SEP24-60000-C,37494.26,buy,,1.0,,,,
142,272457725,2023-11-23 09:15:21,3,0.1075,0.10769201,65.4,BTC-27SEP24-60000-C,37494.44,buy,,1.0,,,,
143,272458463,2023-11-23 09:41:14,0,0.108,0.10714689,65.57,BTC-27SEP24-60000-C,37501.96,buy,,1.0,,,,
144,272511595,2023-11-23 20:50:47,2,0.1055,0.10742607,65.22,BTC-27SEP24-60000-C,37297.83,buy,,5.0,,,,
145,272511609,2023-11-23 20:51:10,3,0.1055,0.10736105,65.23,BTC-27SEP24-60000-C,37292.01,buy,,3.1,,,,
146,272511610,2023-11-23 20:51:14,3,0.1055,0.1073624,65.23,BTC-27SEP24-60000-C,37294.85,buy,,1.9,,,,
147,272596298,2023-11-24 13:13:08,0,0.109,0.10814125,65.28,BTC-27SEP24-60000-C,37790.01,sell,,2.0,,,,
148,272644447,2023-11-24 16:31:48,0,0.112,0.11188521,65.36,BTC-27SEP24-60000-C,38125.51,sell,,0.1,,,,
149,272646857,2023-11-24 16:46:31,2,0.1115,0.11132674,65.43,BTC-27SEP24-60000-C,38016.25,sell,,0.1,,,,
150,272876779,2023-11-27 16:00:14,2,0.101,0.10112791,65.41,BTC-27SEP24-60000-C,36754.23,sell,,0.2,,,,
151,273073599,2023-11-29 10:13:24,0,0.109,0.10771485,64.9,BTC-27SEP24-60000-C,38237.96,sell,,0.1,,,,
152,273198928,2023-11-30 16:29:41,2,0.105,0.10312321,65.15,BTC-27SEP24-60000-C,37644.31,buy,,2.2,,,,
153,273198929,2023-11-30 16:29:41,3,0.105,0.10312321,65.15,BTC-27SEP24-60000-C,37644.31,buy,,7.8,,,,
154,273268828,2023-12-01 08:53:09,0,0.108,0.10626729,64.59,BTC-27SEP24-60000-C,38334.93,sell,,0.5,,,,
155,273403763,2023-12-02 10:19:30,2,0.107,0.10543311,63.52,BTC-27SEP24-60000-C,38789.64,sell,,0.1,,,,
156,273403769,2023-12-02 10:20:12,3,0.107,0.10543381,63.52,BTC-27SEP24-60000-C,38789.32,sell,,0.1,,,,
157,273403770,2023-12-02 10:20:14,3,0.107,0.10543306,63.52,BTC-27SEP24-60000-C,38789.32,sell,,0.1,,,,
158,273403771,2023-12-02 10:20:17,3,0.107,0.10543414,63.51,BTC-27SEP24-60000-C,38789.34,sell,,0.1,,,,
159,273403774,2023-12-02 10:20:19,3,0.107,0.10543357,63.51,BTC-27SEP24-60000-C,38789.32,sell,,0.1,,,,
160,273403776,2023-12-02 10:20:30,2,0.1065,0.10542983,63.37,BTC-27SEP24-60000-C,38789.44,sell,,1.0,,,,
161,273403778,2023-12-02 10:20:34,3,0.1065,0.10542653,63.37,BTC-27SEP24-60000-C,38789.47,sell,,1.0,,,,
162,273403779,2023-12-02 10:20:37,3,0.1065,0.10542451,63.37,BTC-27SEP24-60000-C,38789.37,sell,,1.0,,,,
163,273403780,2023-12-02 10:20:39,3,0.1065,0.10542623,63.37,BTC-27SEP24-60000-C,38789.27,sell,,1.0,,,,
164,273403781,2023-12-02 10:20:41,3,0.1065,0.10542365,63.37,BTC-27SEP24-60000-C,38789.27,sell,,1.0,,,,
165,273403782,2023-12-02 10:20:45,2,0.106,0.10542023,63.22,BTC-27SEP24-60000-C,38789.27,sell,,1.0,,,,
166,273403783,2023-12-02 10:20:47,3,0.106,0.10541994,63.22,BTC-27SEP24-60000-C,38789.28,sell,,1.0,,,,
167,273403786,2023-12-02 10:20:50,3,0.106,0.10541789,63.22,BTC-27SEP24-60000-C,38789.27,sell,,1.0,,,,
168,273403787,2023-12-02 10:20:54,3,0.106,0.10541306,63.22,BTC-27SEP24-60000-C,38789.28,sell,,1.0,,,,
169,273403791,2023-12-02 10:20:56,3,0.106,0.10542305,63.21,BTC-27SEP24-60000-C,38791.62,sell,,1.0,,,,
170,273403815,2023-12-02 10:21:17,3,0.106,0.10539698,63.21,BTC-27SEP24-60000-C,38796.83,sell,,0.5,,,,
171,273430508,2023-12-02 19:10:43,0,0.11,0.10936175,63.14,BTC-27SEP24-60000-C,39450.44,buy,,1.0,,,,
172,273625461,2023-12-04 05:45:53,0,0.128,0.12462906,64.41,BTC-27SEP24-60000-C,41428.91,buy,,5.0,,,,
173,273625462,2023-12-04 05:45:53,0,0.1285,0.12462906,64.55,BTC-27SEP24-60000-C,41428.91,buy,,5.0,,,,
174,273718934,2023-12-04 14:35:56,2,0.124,0.12501644,63.36,BTC-27SEP24-60000-C,41470.02,buy,,1.0,,,,
175,273744564,2023-12-04 16:54:17,2,0.1239,0.1245157,63.24,BTC-27SEP24-60000-C,41543.12,sell,,0.8,BTC-CS-27SEP24-45000_60000,,273744563,
176,273749509,2023-12-04 17:18:24,2,0.1235,0.12479206,63.04,BTC-27SEP24-60000-C,41574.86,buy,,0.2,,,,
177,273805244,2023-12-05 04:15:50,0,0.126,0.12665859,63.51,BTC-27SEP24-60000-C,41757.68,sell,,0.2,,,,
178,273870971,2023-12-05 15:44:05,0,0.129,0.12835197,63.22,BTC-27SEP24-60000-C,42377.38,sell,,0.2,,,,
179,273876997,2023-12-05 16:19:16,2,0.1275,0.12794571,63.0,BTC-27SEP24-60000-C,42293.58,sell,,0.8,,,,
180,273990670,2023-12-05 20:14:35,0,0.135,0.13714555,62.43,BTC-27SEP24-60000-C,43694.19,buy,,5.0,,,,
181,274008221,2023-12-05 21:52:58,0,0.137,0.13754298,62.19,BTC-27SEP24-60000-C,44098.09,buy,,0.1,,,,
182,274024610,2023-12-05 22:54:48,0,0.14,0.13831634,62.58,BTC-27SEP24-60000-C,44358.02,buy,,0.1,,,,
183,274041300,2023-12-06 00:43:44,2,0.139,0.13809735,62.98,BTC-27SEP24-60000-C,43989.98,sell,,0.1,,,,
184,274041747,2023-12-06 00:48:34,3,0.139,0.13858382,62.97,BTC-27SEP24-60000-C,44004.41,sell,,0.1,,,,
185,274135845,2023-12-06 14:27:52,0,0.14,0.13812668,62.9,BTC-27SEP24-60000-C,44264.61,buy,,2.2,,,,
186,274633381,2023-12-10 19:18:26,2,0.1285,0.12546559,60.99,BTC-27SEP24-60000-C,43802.47,buy,,0.2,,,,
187,274768156,2023-12-11 07:21:19,2,0.123,0.12368883,62.6,BTC-27SEP24-60000-C,42193.77,sell,,0.2,,,,
188,274773646,2023-12-11 07:59:36,2,0.122,0.12068297,62.47,BTC-27SEP24-60000-C,42127.19,buy,,0.4,,,,
189,274793559,2023-12-11 11:05:18,0,0.123,0.12261972,62.13,BTC-27SEP24-60000-C,42425.85,sell,,0.1,,,,
190,274908354,2023-12-11 19:26:27,2,0.111,0.10988294,62.2,BTC-27SEP24-60000-C,40549.47,sell,,0.8,,,,
191,274911635,2023-12-11 19:35:44,0,0.1115,0.10947098,62.37,BTC-27SEP24-60000-C,40523.16,buy,,0.3,,,,
192,274934687,2023-12-11 21:16:20,0,0.113,0.11325346,61.52,BTC-27SEP24-60000-C,41179.6,buy,,1.0,,,,
193,274947225,2023-12-11 23:03:58,0,0.114,0.11411879,61.73,BTC-27SEP24-60000-C,41208.95,sell,,0.1,,,,
194,275060256,2023-12-12 16:38:59,2,0.1125,0.11089358,61.38,BTC-27SEP24-60000-C,41193.96,buy,0.4,0.4,,,,
195,275060257,2023-12-12 16:38:59,3,0.1125,0.11089358,61.38,BTC-27SEP24-60000-C,41193.96,buy,5.0,5.0,,,,
196,275152009,2023-12-13 07:08:09,2,0.1095,0.10929112,60.82,BTC-27SEP24-60000-C,41045.45,buy,1.0,1.0,,,,
197,275235373,2023-12-13 20:45:21,0,0.1205,0.12178215,60.68,BTC-27SEP24-60000-C,42781.15,buy,0.5,0.5,,,,
198,275239764,2023-12-13 21:31:44,0,0.1225,0.12142015,61.19,BTC-27SEP24-60000-C,42820.67,buy,5.0,5.0,,,,
199,275242724,2023-12-13 21:53:43,0,0.123,0.122152,61.12,BTC-27SEP24-60000-C,42937.37,buy,0.1,0.1,,,,
200,275300047,2023-12-14 08:13:41,2,0.12,0.12064143,60.34,BTC-27SEP24-60000-C,42945.15,buy,0.1,0.1,,,,
201,275300048,2023-12-14 08:13:41,0,0.1205,0.12064143,60.49,BTC-27SEP24-60000-C,42945.15,buy,0.1,0.1,,,,
202,275300049,2023-12-14 08:13:41,1,0.1205,0.12064143,60.49,BTC-27SEP24-60000-C,42945.15,buy,0.1,0.1,,,,
203,275300057,2023-12-14 08:14:06,2,0.12,0.12054722,60.34,BTC-27SEP24-60000-C,42945.32,buy,0.1,0.1,,,,
204,275300094,2023-12-14 08:14:21,3,0.12,0.12049938,60.34,BTC-27SEP24-60000-C,42946.68,buy,0.1,0.1,,,,
205,275303275,2023-12-14 08:47:18,0,0.122,0.12192482,61.01,BTC-27SEP24-60000-C,42883.81,sell,10.0,10.0,,,,
206,275472926,2023-12-15 08:35:52,2,0.1175,0.11622109,60.11,BTC-27SEP24-60000-C,42747.88,buy,0.1,0.1,,,,
207,275478276,2023-12-15 09:49:52,0,0.1185,0.11776524,60.09,BTC-27SEP24-60000-C,42881.96,sell,2.5,2.5,,,,
208,275545413,2023-12-15 18:16:21,2,0.1095,0.11181355,59.37,BTC-27SEP24-60000-C,41893.15,sell,1.0,1.0,,,,
209,275856364,2023-12-18 20:01:07,2,0.109,0.10872585,59.81,BTC-27SEP24-60000-C,41749.3,buy,0.1,0.1,,,,
210,275945166,2023-12-19 11:02:53,0,0.1225,0.12005466,61.12,BTC-27SEP24-60000-C,43142.41,buy,0.1,0.1,,,,
211,276122048,2023-12-20 15:07:46,0,0.1285,0.1266634,61.21,BTC-27SEP24-60000-C,44026.08,buy,0.1,0.1,,,,
212,276262750,2023-12-21 13:54:21,0,0.129,0.12777686,60.82,BTC-27SEP24-60000-C,44208.62,buy,0.1,0.1,,,,
213,276262751,2023-12-21 13:54:21,1,0.129,0.12777686,60.82,BTC-27SEP24-60000-C,44208.62,buy,1.3,1.3,,,,
214,276506231,2023-12-23 18:58:29,2,0.125,0.12605707,60.48,BTC-27SEP24-60000-C,43834.38,sell,0.1,0.1,,,,
215,276532667,2023-12-24 11:12:46,0,0.126,0.12661918,61.26,BTC-27SEP24-60000-C,43590.55,sell,0.4,0.4,,,,
216,276535570,2023-12-24 13:50:42,0,0.128,0.12431792,61.55,BTC-27SEP24-60000-C,43742.72,buy,0.1,0.1,,,,
217,276660126,2023-12-26 05:11:04,2,0.119,0.11916856,60.12,BTC-27SEP24-60000-C,43218.36,sell,0.5,0.5,,,,
218,276774321,2023-12-27 00:18:13,0,0.12,0.11806485,62.02,BTC-27SEP24-60000-C,42461.58,buy,0.1,0.1,,,,
219,276774322,2023-12-27 00:18:13,1,0.12,0.11806485,62.02,BTC-27SEP24-60000-C,42461.58,sell,0.2,0.2,,,,
220,277114948,2023-12-29 08:21:36,0,0.1235,0.12229869,63.0,BTC-27SEP24-60000-C,42431.81,buy,0.1,0.1,,,,
221,277264623,2023-12-30 11:44:55,2,0.1225,0.12032289,63.39,BTC-27SEP24-60000-C,41874.95,buy,3.0,3.0,,,,
222,277272501,2023-12-30 13:46:34,2,0.1155,0.11776112,61.09,BTC-27SEP24-60000-C,41949.07,buy,0.1,0.1,,,,
223,277333902,2023-12-31 10:35:53,0,0.128,0.12987002,62.62,BTC-27SEP24-60000-C,42687.8,sell,0.1,0.1,,,,
224,277545583,2024-01-02 04:56:57,0,0.151,0.15226429,63.56,BTC-27SEP24-60000-C,45236.4,buy,0.2,0.2,,,,
225,277545793,2024-01-02 05:00:21,1,0.151,0.15216265,63.58,BTC-27SEP24-60000-C,45225.44,buy,0.2,0.2,,,,
226,277669546,2024-01-02 18:17:58,2,0.1455,0.14597889,62.4,BTC-27SEP24-60000-C,44979.25,sell,0.1,0.1,,,,
227,277677827,2024-01-02 19:25:36,3,0.1455,0.14601465,62.46,BTC-27SEP24-60000-C,44989.33,sell,0.3,0.3,,,,
228,277798528,2024-01-03 12:01:26,2,0.131,0.13061616,62.68,BTC-27SEP24-60000-C,43195.2,sell,0.4,0.4,,,,
229,277869065,2024-01-03 12:48:10,2,0.1275,0.13077185,63.56,BTC-27SEP24-60000-C,42463.39,sell,2.5,2.5,,,,
230,277928106,2024-01-03 16:01:44,0,0.133,0.13357421,64.05,BTC-27SEP24-60000-C,43093.43,buy,0.1,0.1,,,,
231,277934089,2024-01-03 16:05:11,0,0.137,0.1359046,64.56,BTC-27SEP24-60000-C,43366.39,sell,1.0,1.0,,,,
232,278017192,2024-01-04 01:25:30,2,0.1335,0.13081864,65.07,BTC-27SEP24-60000-C,42726.02,buy,0.1,0.1,,,,
233,278159111,2024-01-04 20:44:33,0,0.1405,0.14114181,63.76,BTC-27SEP24-60000-C,44393.34,buy,1.0,1.0,,,,
234,278184870,2024-01-04 22:56:38,0,0.145,0.14335441,65.17,BTC-27SEP24-60000-C,44334.7,sell,0.2,0.2,,,,
235,278193314,2024-01-05 00:38:15,2,0.1415,0.14155148,64.78,BTC-27SEP24-60000-C,44051.52,sell,0.1,0.1,,,,
236,278193315,2024-01-05 00:38:15,3,0.1415,0.14155148,64.78,BTC-27SEP24-60000-C,44051.52,sell,0.1,0.1,,,,
237,278615726,2024-01-08 09:52:27,2,0.1335,0.1348768,64.71,BTC-27SEP24-60000-C,43804.91,sell,0.1,0.1,,,,
238,278615727,2024-01-08 09:52:27,3,0.1335,0.1348768,64.71,BTC-27SEP24-60000-C,43804.91,sell,2.2,2.2,,,,
239,278722093,2024-01-08 18:21:58,0,0.1505,0.14984112,65.34,BTC-27SEP24-60000-C,45910.42,buy,0.6,0.6,,,,
240,278769104,2024-01-08 20:24:51,0,0.151,0.15307544,63.68,BTC-27SEP24-60000-C,46941.18,sell,77.6,77.6,BTC-CCAL-27SEP24_28JUN24-60000,120349,,
241,278772827,2024-01-08 20:52:10,0,0.152,0.15209431,64.06,BTC-27SEP24-60000-C,46901.15,buy,0.3,0.3,,,,
242,278942462,2024-01-09 20:10:10,2,0.142,0.14260882,61.23,BTC-27SEP24-60000-C,46891.55,buy,6.5,6.5,,,,
243,278942532,2024-01-09 20:10:51,3,0.142,0.14251472,61.22,BTC-27SEP24-60000-C,46889.76,buy,10.0,10.0,,,,
244,278942546,2024-01-09 20:11:01,3,0.142,0.14247959,61.22,BTC-27SEP24-60000-C,46887.76,buy,2.9,2.9,,,,
245,278942547,2024-01-09 20:11:01,3,0.142,0.14247959,61.22,BTC-27SEP24-60000-C,46887.76,buy,0.6,0.6,,,,
246,279059167,2024-01-10 06:29:09,2,0.1375,0.13610293,61.79,BTC-27SEP24-60000-C,45995.11,sell,1.0,1.0,,,,
247,279442994,2024-01-11 06:12:31,2,0.133,0.133082,61.21,BTC-27SEP24-60000-C,45757.33,buy,0.1,0.1,,,,
248,279459665,2024-01-11 08:21:24,0,0.147,0.14402339,64.37,BTC-27SEP24-60000-C,46231.3,buy,0.1,0.1,,,,
249,279598543,2024-01-11 15:38:45,1,0.147,0.1477625,62.02,BTC-27SEP24-60000-C,47463.27,sell,0.4,0.4,,,,
250,279917193,2024-01-12 16:59:37,2,0.111,0.11220367,59.7,BTC-27SEP24-60000-C,43500.7,buy,0.7,0.7,,,,
251,280095915,2024-01-13 11:26:10,2,0.1045,0.10645863,59.85,BTC-27SEP24-60000-C,42701.85,buy,1.0,1.0,,,,
252,280106529,2024-01-13 13:27:36,0,0.107,0.10697962,60.5,BTC-27SEP24-60000-C,42765.1,sell,0.1,0.1,,,,
253,280285372,2024-01-15 10:51:45,0,0.108,0.10557213,61.69,BTC-27SEP24-60000-C,42595.71,buy,170.0,170.0,,121998,,
254,280343735,2024-01-15 18:07:30,2,0.1055,0.10530281,60.4,BTC-27SEP24-60000-C,42754.09,sell,1.0,1.0,,,,
255,280402550,2024-01-16 08:57:36,0,0.1078,0.106213,60.67,BTC-27SEP24-60000-C,42967.25,buy,170.0,170.0,,122098,,
256,280422465,2024-01-16 13:53:40,2,0.105,0.10562639,60.11,BTC-27SEP24-60000-C,42735.5,sell,1.0,1.0,,,,
257,280473842,2024-01-16 18:14:33,0,0.108,0.10727605,60.21,BTC-27SEP24-60000-C,43141.79,sell,0.1,0.1,,,,
258,280579659,2024-01-17 16:47:02,2,0.0995,0.09988973,59.6,BTC-27SEP24-60000-C,42243.46,sell,0.1,0.1,,,,
259,280616299,2024-01-18 02:00:35,2,0.0975,0.09908312,58.3,BTC-27SEP24-60000-C,42553.01,buy,0.3,0.3,,,,
260,280650374,2024-01-18 12:46:17,2,0.0929,0.09285819,57.19,BTC-27SEP24-60000-C,42411.68,buy,15.0,15.0,BTC-CCAL-27SEP24_29MAR24-60000,122500,,
261,280851517,2024-01-19 12:59:24,2,0.0845,0.08423764,57.25,BTC-27SEP24-60000-C,41293.52,sell,0.1,0.1,,,,
262,280882474,2024-01-19 16:30:42,2,0.08,0.08030338,57.49,BTC-27SEP24-60000-C,40485.84,sell,1.0,1.0,,,,
263,280958643,2024-01-20 08:22:18,0,0.084,0.08847392,56.6,BTC-27SEP24-60000-C,41581.13,sell,0.2,0.2,,,,
264,281022640,2024-01-22 02:07:46,2,0.082,0.08210643,56.7,BTC-27SEP24-60000-C,41296.71,buy,0.1,0.1,,,,
265,281022644,2024-01-22 02:08:01,3,0.082,0.08211897,56.7,BTC-27SEP24-60000-C,41295.26,buy,0.1,0.1,,,,
266,281034500,2024-01-22 04:57:42,2,0.078,0.07797155,56.6,BTC-27SEP24-60000-C,40798.53,sell,0.1,0.1,,,,
267,281038153,2024-01-22 05:19:33,2,0.0765,0.0783366,55.98,BTC-27SEP24-60000-C,40882.68,sell,0.1,0.1,,,,
268,281043799,2024-01-22 07:02:33,0,0.0805,0.08051005,56.7,BTC-27SEP24-60000-C,41144.65,buy,0.1,0.1,,,,
269,281043800,2024-01-22 07:02:40,1,0.0805,0.08051574,56.7,BTC-27SEP24-60000-C,41144.51,buy,0.1,0.1,,,,
270,281061184,2024-01-22 10:08:41,2,0.0785,0.07827694,56.84,BTC-27SEP24-60000-C,40784.62,buy,0.1,0.1,,,,
271,281061477,2024-01-22 10:13:58,2,0.078,0.07806669,56.71,BTC-27SEP24-60000-C,40738.68,buy,0.1,0.1,,,,
272,281082847,2024-01-22 13:25:44,0,0.079,0.078801,56.71,BTC-27SEP24-60000-C,41000.62,buy,0.1,0.1,,,,
273,281082850,2024-01-22 13:25:50,1,0.079,0.07878185,56.72,BTC-27SEP24-60000-C,40999.15,buy,0.1,0.1,,,,
274,281082858,2024-01-22 13:25:55,0,0.0795,0.07882993,56.88,BTC-27SEP24-60000-C,41010.59,buy,2.8,2.8,,,,
275,281099467,2024-01-22 15:35:00,2,0.076,0.07581804,57.03,BTC-27SEP24-60000-C,40418.02,buy,0.1,0.1,,,,
276,281130684,2024-01-22 18:57:46,0,0.0765,0.07675232,57.27,BTC-27SEP24-60000-C,40336.69,sell,0.1,0.1,,,,
277,281133952,2024-01-22 19:09:15,2,0.075,0.07623876,56.8,BTC-27SEP24-60000-C,40320.0,buy,0.1,0.1,,,,
278,281160069,2024-01-22 19:57:18,2,0.072,0.07403576,57.02,BTC-27SEP24-60000-C,39753.71,sell,0.1,0.1,,,,
279,281160143,2024-01-22 19:57:34,3,0.072,0.07375893,57.1,BTC-27SEP24-60000-C,39709.77,buy,3.3,3.3,,,,
280,281160144,2024-01-22 19:57:34,3,0.072,0.07375893,57.1,BTC-27SEP24-60000-C,39709.77,buy,0.2,0.2,,,,
281,281160147,2024-01-22 19:57:38,3,0.072,0.07379043,57.09,BTC-27SEP24-60000-C,39717.81,buy,1.4,1.4,,,,
282,281236726,2024-01-23 08:43:52,3,0.072,0.072232,57.45,BTC-27SEP24-60000-C,39542.11,buy,0.1,0.1,,,,
283,281236965,2024-01-23 08:45:40,3,0.072,0.07186853,57.59,BTC-27SEP24-60000-C,39470.71,buy,0.2,0.2,,,,
284,281236977,2024-01-23 08:45:44,3,0.072,0.07188453,57.58,BTC-27SEP24-60000-C,39479.86,buy,0.2,0.2,,,,
285,281237155,2024-01-23 08:46:42,3,0.072,0.07198039,57.54,BTC-27SEP24-60000-C,39495.21,buy,0.1,0.1,,,,
286,281301803,2024-01-23 13:45:18,0,0.074,0.07317649,59.41,BTC-27SEP24-60000-C,38947.61,sell,0.6,0.6,,,,
287,281348692,2024-01-23 18:14:46,0,0.0745,0.07529905,58.43,BTC-27SEP24-60000-C,39488.28,buy,0.1,0.1,,,,
288,281400741,2024-01-24 04:23:44,1,0.0745,0.07414878,58.04,BTC-27SEP24-60000-C,39631.57,buy,0.3,0.3,,,,
289,281400742,2024-01-24 04:23:44,1,0.0745,0.07414878,58.04,BTC-27SEP24-60000-C,39631.57,buy,0.2,0.2,,,,
290,281400743,2024-01-24 04:23:44,1,0.0745,0.07414878,58.04,BTC-27SEP24-60000-C,39631.57,buy,10.0,10.0,,,,
291,281400744,2024-01-24 04:23:44,1,0.0745,0.07414878,58.04,BTC-27SEP24-60000-C,39631.57,buy,10.0,10.0,,,,
292,281401075,2024-01-24 04:33:39,2,0.074,0.07406356,57.81,BTC-27SEP24-60000-C,39670.38,buy,0.2,0.2,,,,
293,281401076,2024-01-24 04:33:39,3,0.074,0.07406356,57.81,BTC-27SEP24-60000-C,39670.38,buy,0.3,0.3,,,,
294,281414668,2024-01-24 08:17:43,0,0.075,0.07485763,57.74,BTC-27SEP24-60000-C,39892.94,buy,0.3,0.3,,,,
295,281414669,2024-01-24 08:17:43,1,0.075,0.07485763,57.74,BTC-27SEP24-60000-C,39892.94,buy,0.2,0.2,,,,
296,281415143,2024-01-24 08:24:52,1,0.075,0.07500878,57.64,BTC-27SEP24-60000-C,39939.39,buy,0.3,0.3,,,,
297,281415144,2024-01-24 08:24:52,1,0.075,0.07500878,57.64,BTC-27SEP24-60000-C,39939.39,buy,0.2,0.2,,,,
298,281425037,2024-01-24 10:41:59,0,0.0765,0.07651651,57.61,BTC-27SEP24-60000-C,40223.08,buy,0.2,0.2,,,,
299,281425038,2024-01-24 10:41:59,1,0.0765,0.07651651,57.61,BTC-27SEP24-60000-C,40223.08,buy,0.3,0.3,,,,
300,281433950,2024-01-24 12:17:45,1,0.0765,0.07612052,57.68,BTC-27SEP24-60000-C,40202.35,buy,0.2,0.2,,,,
301,281433951,2024-01-24 12:17:45,1,0.0765,0.07612052,57.68,BTC-27SEP24-60000-C,40202.35,buy,0.3,0.3,,,,
302,281433956,2024-01-24 12:18:02,1,0.0765,0.07606219,57.7,BTC-27SEP24-60000-C,40193.01,buy,0.3,0.3,,,,
303,281434063,2024-01-24 12:21:19,1,0.0765,0.07613538,57.7,BTC-27SEP24-60000-C,40205.09,buy,0.2,0.2,,,,
304,281434119,2024-01-24 12:23:45,1,0.0765,0.07621624,57.67,BTC-27SEP24-60000-C,40220.18,buy,0.1,0.1,,,,
305,281436934,2024-01-24 12:57:41,2,0.0755,0.07545458,57.72,BTC-27SEP24-60000-C,39996.03,buy,0.2,0.2,,,,
306,281436935,2024-01-24 12:57:41,3,0.0755,0.07545458,57.72,BTC-27SEP24-60000-C,39996.03,buy,0.2,0.2,,,,
307,281442917,2024-01-24 14:03:05,2,0.0745,0.07462045,57.6,BTC-27SEP24-60000-C,39900.81,sell,0.1,0.1,,,,
308,281442948,2024-01-24 14:03:39,3,0.0745,0.07468903,57.58,BTC-27SEP24-60000-C,39911.0,buy,0.1,0.1,,,,
309,281442951,2024-01-24 14:03:41,0,0.075,0.07469902,57.75,BTC-27SEP24-60000-C,39912.36,buy,0.3,0.3,,,,
310,281442952,2024-01-24 14:03:41,1,0.075,0.07469902,57.75,BTC-27SEP24-60000-C,39912.36,buy,0.2,0.2,,,,
311,281442953,2024-01-24 14:03:41,1,0.075,0.07469902,57.75,BTC-27SEP24-60000-C,39912.36,buy,0.2,0.2,,,,
312,281442954,2024-01-24 14:03:41,1,0.075,0.07469902,57.75,BTC-27SEP24-60000-C,39912.36,buy,0.2,0.2,,,,
313,281442959,2024-01-24 14:03:48,1,0.075,0.07468338,57.76,BTC-27SEP24-60000-C,39907.99,buy,0.2,0.2,,,,
314,281442991,2024-01-24 14:04:17,1,0.075,0.07467785,57.77,BTC-27SEP24-60000-C,39901.3,buy,0.2,0.2,,,,
315,281445965,2024-01-24 14:29:43,1,0.075,0.07514263,57.7,BTC-27SEP24-60000-C,39943.23,buy,0.3,0.3,,,,
316,281445966,2024-01-24 14:29:43,1,0.075,0.07514263,57.7,BTC-27SEP24-60000-C,39943.23,buy,0.3,0.3,,,,
317,281445967,2024-01-24 14:29:43,1,0.075,0.07514263,57.7,BTC-27SEP24-60000-C,39943.23,buy,0.2,0.2,,,,
318,281445968,2024-01-24 14:29:43,1,0.075,0.07514263,57.7,BTC-27SEP24-60000-C,39943.23,buy,0.2,0.2,,,,
319,281445970,2024-01-24 14:29:52,1,0.075,0.07506891,57.7,BTC-27SEP24-60000-C,39944.35,buy,0.3,0.3,,,,
320,281445971,2024-01-24 14:29:52,1,0.075,0.07506891,57.7,BTC-27SEP24-60000-C,39944.35,buy,0.2,0.2,,,,
321,281445972,2024-01-24 14:29:52,1,0.075,0.07506891,57.7,BTC-27SEP24-60000-C,39944.35,buy,0.2,0.2,,,,
322,281445974,2024-01-24 14:29:54,1,0.075,0.07506872,57.7,BTC-27SEP24-60000-C,39943.9,buy,0.3,0.3,,,,
323,281446027,2024-01-24 14:30:32,1,0.075,0.07503902,57.72,BTC-27SEP24-60000-C,39932.72,buy,0.3,0.3,,,,
324,281446029,2024-01-24 14:30:33,1,0.075,0.07503969,57.72,BTC-27SEP24-60000-C,39932.81,buy,0.3,0.3,,,,
325,281446201,2024-01-24 14:31:41,0,0.0755,0.07547317,57.7,BTC-27SEP24-60000-C,40039.25,buy,0.2,0.2,,,,
326,281446202,2024-01-24 14:31:41,1,0.0755,0.07547317,57.7,BTC-27SEP24-60000-C,40039.25,buy,0.2,0.2,,,,
327,281446348,2024-01-24 14:32:19,1,0.0755,0.07553842,57.71,BTC-27SEP24-60000-C,40034.52,buy,0.2,0.2,,,,
328,281446349,2024-01-24 14:32:19,1,0.0755,0.07553842,57.71,BTC-27SEP24-60000-C,40034.52,buy,0.2,0.2,,,,
329,281446354,2024-01-24 14:32:22,1,0.0755,0.07553825,57.7,BTC-27SEP24-60000-C,40038.72,buy,0.3,0.3,,,,
330,281446375,2024-01-24 14:32:32,1,0.0755,0.07555904,57.7,BTC-27SEP24-60000-C,40039.61,buy,0.3,0.3,,,,
331,281446740,2024-01-24 14:32:52,0,0.076,0.07599063,57.71,BTC-27SEP24-60000-C,40127.14,buy,0.3,0.3,,,,
332,281446741,2024-01-24 14:32:52,1,0.076,0.07599063,57.71,BTC-27SEP24-60000-C,40127.14,buy,0.3,0.3,,,,
333,281446742,2024-01-24 14:32:52,1,0.076,0.07599063,57.71,BTC-27SEP24-60000-C,40127.14,buy,0.2,0.2,,,,
334,281446743,2024-01-24 14:32:52,1,0.076,0.07599063,57.71,BTC-27SEP24-60000-C,40127.14,buy,0.2,0.2,,,,
335,281447525,2024-01-24 14:35:01,2,0.0755,0.07546424,57.74,BTC-27SEP24-60000-C,40004.79,buy,0.3,0.3,,,,
336,281447526,2024-01-24 14:35:01,3,0.0755,0.07546424,57.74,BTC-27SEP24-60000-C,40004.79,buy,0.3,0.3,,,,
337,281447541,2024-01-24 14:35:06,3,0.0755,0.07541426,57.74,BTC-27SEP24-60000-C,40008.58,buy,0.3,0.3,,,,
338,281449754,2024-01-24 14:49:46,2,0.0745,0.07463019,57.6,BTC-27SEP24-60000-C,39893.85,buy,0.2,0.2,,,,
339,281449755,2024-01-24 14:49:46,3,0.0745,0.07463019,57.6,BTC-27SEP24-60000-C,39893.85,buy,0.3,0.3,,,,
340,281449756,2024-01-24 14:49:46,3,0.0745,0.07463019,57.6,BTC-27SEP24-60000-C,39893.85,buy,0.2,0.2,,,,
341,281450561,2024-01-24 15:00:19,3,0.0745,0.07460081,57.69,BTC-27SEP24-60000-C,39879.91,buy,0.3,0.3,,,,
342,281451273,2024-01-24 15:08:29,3,0.0745,0.07456068,57.72,BTC-27SEP24-60000-C,39875.21,buy,0.2,0.2,,,,
343,281451274,2024-01-24 15:08:29,3,0.0745,0.07456068,57.72,BTC-27SEP24-60000-C,39875.21,buy,0.3,0.3,,,,
344,281452494,2024-01-24 15:23:38,0,0.075,0.07502998,57.61,BTC-27SEP24-60000-C,40017.45,buy,0.2,0.2,,,,
345,281452986,2024-01-24 15:25:51,1,0.075,0.07471291,57.71,BTC-27SEP24-60000-C,39943.17,buy,0.2,0.2,,,,
346,281459250,2024-01-24 16:57:44,0,0.076,0.07579768,57.63,BTC-27SEP24-60000-C,40155.75,buy,0.2,0.2,,,,
347,281459251,2024-01-24 16:57:44,1,0.076,0.07579768,57.63,BTC-27SEP24-60000-C,40155.75,buy,0.2,0.2,,,,
348,281459307,2024-01-24 16:58:11,1,0.076,0.0757996,57.63,BTC-27SEP24-60000-C,40154.35,buy,0.2,0.2,,,,
349,281459308,2024-01-24 16:58:11,1,0.076,0.0757996,57.63,BTC-27SEP24-60000-C,40154.35,buy,0.2,0.2,,,,
350,281460549,2024-01-24 17:23:26,0,0.0769,0.07574597,58.06,BTC-27SEP24-60000-C,40086.03,buy,25.0,25.0,BTC-CS-27SEP24-60000_80000,123550,,
351,281460863,2024-01-24 17:30:38,2,0.0755,0.07558485,57.61,BTC-27SEP24-60000-C,40057.74,buy,0.2,0.2,,,,
352,281460868,2024-01-24 17:30:41,3,0.0755,0.07560661,57.6,BTC-27SEP24-60000-C,40061.54,buy,0.2,0.2,,,,
353,281463314,2024-01-24 18:12:54,2,0.075,0.07494311,57.64,BTC-27SEP24-60000-C,39957.63,buy,0.2,0.2,,,,
354,281463322,2024-01-24 18:12:57,3,0.075,0.07499485,57.62,BTC-27SEP24-60000-C,39966.5,buy,0.2,0.2,,,,
355,281470379,2024-01-24 19:22:48,2,0.0745,0.07425979,57.82,BTC-27SEP24-60000-C,39776.5,buy,0.2,0.2,,,,
356,281474808,2024-01-24 20:26:13,3,0.0745,0.0741466,57.79,BTC-27SEP24-60000-C,39824.32,buy,0.2,0.2,,,,
357,281474809,2024-01-24 20:26:13,3,0.0745,0.0741466,57.79,BTC-27SEP24-60000-C,39824.32,buy,0.2,0.2,,,,
358,281474870,2024-01-24 20:27:55,3,0.0745,0.0741746,57.79,BTC-27SEP24-60000-C,39831.76,buy,0.2,0.2,,,,
359,281480205,2024-01-24 21:00:37,2,0.0735,0.07345866,58.05,BTC-27SEP24-60000-C,39507.22,buy,0.2,0.2,,,,
360,281482516,2024-01-24 21:27:48,0,0.074,0.07376808,57.84,BTC-27SEP24-60000-C,39683.95,buy,0.2,0.2,,,,
361,281485030,2024-01-24 22:18:25,2,0.0735,0.07347807,57.4,BTC-27SEP24-60000-C,39819.25,buy,0.2,0.2,,,,
362,281485051,2024-01-24 22:18:35,3,0.0735,0.07348187,57.4,BTC-27SEP24-60000-C,39816.32,buy,0.2,0.2,,,,
363,281494350,2024-01-25 01:54:47,0,0.0745,0.07454641,57.51,BTC-27SEP24-60000-C,39939.79,buy,0.2,0.2,,,,
364,281494391,2024-01-25 01:55:06,1,0.0745,0.07458307,57.5,BTC-27SEP24-60000-C,39943.68,buy,0.2,0.2,,,,
365,281511909,2024-01-25 09:20:56,0,0.0762,0.07443953,57.78,BTC-27SEP24-60000-C,40093.55,buy,13.0,13.0,BTC-CS-27SEP24-60000_75000,123590,,
366,281511910,2024-01-25 09:20:56,2,0.0755,0.07443953,57.54,BTC-27SEP24-60000-C,40093.55,buy,22.0,22.0,BTC-CS-27SEP24-60000_75000,123591,,
367,281513331,2024-01-25 10:04:26,2,0.074,0.07368741,57.14,BTC-27SEP24-60000-C,40020.82,buy,0.2,0.2,,,,
368,281513345,2024-01-25 10:05:26,2,0.0735,0.0736002,57.0,BTC-27SEP24-60000-C,40005.51,buy,0.2,0.2,,,,
369,281516094,2024-01-25 11:11:20,0,0.0745,0.07445963,57.12,BTC-27SEP24-60000-C,40109.45,buy,0.2,0.2,,,,
370,281517150,2024-01-25 11:18:31,1,0.0745,0.07458756,57.01,BTC-27SEP24-60000-C,40143.47,buy,0.2,0.2,,,,
371,281529037,2024-01-25 14:14:51,0,0.0748,0.0740577,57.55,BTC-27SEP24-60000-C,39938.85,buy,25.0,25.0,BTC-CS-27SEP24-60000_75000,123652,,
372,281546679,2024-01-25 17:47:46,2,0.0725,0.07273734,57.08,BTC-27SEP24-60000-C,39780.66,buy,0.1,0.1,,,,
373,281616568,2024-01-26 10:08:20,0,0.074,0.07366914,57.01,BTC-27SEP24-60000-C,40126.06,sell,3.2,3.2,,,,
374,281616569,2024-01-26 10:08:20,1,0.074,0.07366914,57.01,BTC-27SEP24-60000-C,40126.06,sell,0.7,0.7,,,,
375,281616570,2024-01-26 10:08:23,1,0.074,0.07367569,57.01,BTC-27SEP24-60000-C,40126.67,sell,3.2,3.2,,,,
376,281616571,2024-01-26 10:08:23,1,0.074,0.07367569,57.01,BTC-27SEP24-60000-C,40126.67,sell,0.6,0.6,,,,
377,281616572,2024-01-26 10:08:27,1,0.074,0.07368818,57.01,BTC-27SEP24-60000-C,40127.62,sell,3.2,3.2,,,,
378,281616573,2024-01-26 10:08:27,1,0.074,0.07368818,57.01,BTC-27SEP24-60000-C,40127.62,sell,0.6,0.6,,,,
379,281616574,2024-01-26 10:08:27,1,0.074,0.07368818,57.01,BTC-27SEP24-60000-C,40127.62,sell,0.1,0.1,,,,
380,281616752,2024-01-26 10:09:34,1,0.074,0.07387658,56.98,BTC-27SEP24-60000-C,40144.88,sell,5.0,5.0,,,,
381,281616757,2024-01-26 10:09:37,1,0.074,0.07387145,56.98,BTC-27SEP24-60000-C,40145.4,sell,3.4,3.4,,,,
382,281641098,2024-01-26 11:44:10,0,0.0805,0.07933362,56.94,BTC-27SEP24-60000-C,41262.28,sell,0.1,0.1,,,,
383,281641700,2024-01-26 11:45:28,1,0.0805,0.0792375,57.0,BTC-27SEP24-60000-C,41223.99,sell,0.1,0.1,,,,
384,281642358,2024-01-26 11:48:30,2,0.08,0.07915459,56.95,BTC-27SEP24-60000-C,41172.89,sell,0.1,0.1,,,,
385,281642434,2024-01-26 11:49:19,3,0.08,0.0791004,56.98,BTC-27SEP24-60000-C,41155.67,sell,0.1,0.1,,,,
386,281642594,2024-01-26 11:50:22,3,0.08,0.07913448,56.98,BTC-27SEP24-60000-C,41158.24,sell,0.1,0.1,,,,
387,281642788,2024-01-26 11:52:35,3,0.08,0.0792694,56.93,BTC-27SEP24-60000-C,41192.4,sell,0.2,0.2,,,,
388,281642902,2024-01-26 11:53:36,3,0.08,0.07928884,56.93,BTC-27SEP24-60000-C,41206.21,sell,0.1,0.1,,,,
389,281643158,2024-01-26 11:54:44,0,0.0805,0.0794256,57.04,BTC-27SEP24-60000-C,41231.17,sell,0.2,0.2,,,,
390,281643405,2024-01-26 11:55:45,1,0.0805,0.07960663,56.98,BTC-27SEP24-60000-C,41264.33,sell,0.2,0.2,,,,
391,281643747,2024-01-26 11:57:04,1,0.0805,0.07975865,56.92,BTC-27SEP24-60000-C,41281.44,sell,0.2,0.2,,,,
392,281643941,2024-01-26 11:57:58,1,0.0805,0.07964239,56.96,BTC-27SEP24-60000-C,41247.44,sell,0.1,0.1,,,,
393,281644206,2024-01-26 11:59:15,1,0.0805,0.07974467,56.94,BTC-27SEP24-60000-C,41263.32,sell,0.3,0.3,,,,
394,281646294,2024-01-26 12:01:53,0,0.081,0.0797413,57.09,BTC-27SEP24-60000-C,41266.36,sell,0.3,0.3,,,,
395,281665093,2024-01-26 14:47:38,2,0.0803,0.07984178,56.82,BTC-27SEP24-60000-C,41294.63,buy,50.0,50.0,BTC-CS-27SEP24-60000_75000,123899,,
396,281675797,2024-01-26 15:58:04,0,0.0807,0.0803386,56.78,BTC-27SEP24-60000-C,41374.09,buy,13.0,13.0,BTC-CS-27SEP24-60000_75000,123907,,
397,281691839,2024-01-26 16:53:58,0,0.0846,0.08295508,56.92,BTC-27SEP24-60000-C,41940.72,buy,12.5,12.5,BTC-CS-27SEP24-60000_80000,123930,,
398,281782232,2024-01-27 20:43:15,2,0.0805,0.08112136,55.55,BTC-27SEP24-60000-C,42034.14,buy,0.8,0.8,,,,
399,281785804,2024-01-27 21:53:26,0,0.0835,0.08230214,56.28,BTC-27SEP24-60000-C,42140.77,sell,0.1,0.1,,,,
400,281785943,2024-01-27 21:55:23,2,0.083,0.08252473,56.1,BTC-27SEP24-60000-C,42145.63,sell,0.2,0.2,,,,
401,281949721,2024-01-29 16:30:51,0,0.087,0.08776489,56.03,BTC-27SEP24-60000-C,42949.54,buy,0.1,0.1,,,,
402,281956035,2024-01-29 16:51:51,0,0.0895,0.09006222,56.22,BTC-27SEP24-60000-C,43258.94,buy,0.1,0.1,,,,
403,281956786,2024-01-29 16:53:17,0,0.09,0.09044204,56.3,BTC-27SEP24-60000-C,43300.35,buy,0.1,0.1,,,,
404,281996846,2024-01-30 01:30:14,0,0.0905,0.09159464,56.16,BTC-27SEP24-60000-C,43460.16,buy,0.1,0.1,,,,
405,281997316,2024-01-30 01:33:53,1,0.0905,0.091817,56.08,BTC-27SEP24-60000-C,43498.1,buy,0.1,0.1,,,,
406,282006293,2024-01-30 02:44:24,0,0.092,0.09342932,56.16,BTC-27SEP24-60000-C,43691.82,buy,0.1,0.1,,,,
407,282006553,2024-01-30 02:46:07,0,0.0925,0.09394395,56.15,BTC-27SEP24-60000-C,43774.27,buy,0.1,0.1,,,,
408,282020585,2024-01-30 07:42:42,2,0.092,0.0913252,56.85,BTC-27SEP24-60000-C,43371.01,sell,0.5,0.5,,,,
409,282020667,2024-01-30 07:44:23,2,0.0915,0.0913922,56.69,BTC-27SEP24-60000-C,43366.6,sell,0.2,0.2,,,,
410,282023469,2024-01-30 08:04:37,2,0.0895,0.09080439,56.32,BTC-27SEP24-60000-C,43263.2,buy,1.0,1.0,,,,
411,282023473,2024-01-30 08:04:41,3,0.0895,0.09079452,56.32,BTC-27SEP24-60000-C,43262.55,buy,1.0,1.0,,,,
412,282023477,2024-01-30 08:04:44,3,0.0895,0.09077326,56.33,BTC-27SEP24-60000-C,43260.86,buy,1.0,1.0,,,,
413,282023510,2024-01-30 08:04:51,3,0.0895,0.09082644,56.31,BTC-27SEP24-60000-C,43272.46,buy,1.0,1.0,,,,
414,282023538,2024-01-30 08:04:57,3,0.0895,0.09078895,56.32,BTC-27SEP24-60000-C,43270.27,buy,1.0,1.0,,,,
415,282023738,2024-01-30 08:06:35,0,0.09,0.0906334,56.51,BTC-27SEP24-60000-C,43262.67,buy,1.0,1.0,,,,
416,282024363,2024-01-30 08:14:27,0,0.091,0.09125897,56.63,BTC-27SEP24-60000-C,43335.47,buy,1.0,1.0,,,,
417,282027121,2024-01-30 09:00:55,0,0.0929,0.0919749,56.98,BTC-27SEP24-60000-C,43429.49,buy,13.0,13.0,BTC-CS-27SEP24-60000_75000,124164,,
418,282027124,2024-01-30 09:00:56,2,0.0928,0.0919749,56.94,BTC-27SEP24-60000-C,43429.49,buy,25.0,25.0,BTC-CS-27SEP24-60000_75000,124165,,
419,282042173,2024-01-30 12:29:43,2,0.0925,0.09236127,56.71,BTC-27SEP24-60000-C,43500.94,sell,1.0,1.0,,,,
420,282068234,2024-01-30 15:27:24,2,0.0924,0.09229764,56.59,BTC-27SEP24-60000-C,43583.6,buy,15.0,15.0,BTC-CDIAG-27SEP24_28JUN24-60000_90000,124231,,
421,282069218,2024-01-30 15:30:42,2,0.092,0.09184173,56.61,BTC-27SEP24-60000-C,43502.46,buy,15.0,15.0,BTC-CDIAG-27SEP24_28JUN24-60000_90000,124232,,
422,282155565,2024-01-31 09:46:33,2,0.0895,0.08961843,57.14,BTC-27SEP24-60000-C,42840.76,buy,25.0,25.0,BTC-CS-27SEP24-44000_60000,124309,,
423,282173529,2024-01-31 12:15:58,2,0.088,0.08860939,57.32,BTC-27SEP24-60000-C,42546.18,sell,3.0,3.0,,,,
424,282174426,2024-01-31 12:31:31,0,0.0885,0.08909995,57.33,BTC-27SEP24-60000-C,42634.07,sell,20.0,20.0,BTC-CDIAG-27DEC24_27SEP24-95000_60000,124317,,
425,282178514,2024-01-31 13:36:44,0,0.09,0.09045145,57.37,BTC-27SEP24-60000-C,42857.49,buy,2.0,2.0,,,,
426,282215598,2024-01-31 17:58:10,0,0.095,0.09484396,57.33,BTC-27SEP24-60000-C,43617.6,buy,0.2,0.2,,,,
427,282757289,2024-02-06 12:13:10,2,0.082,0.08245394,55.67,BTC-27SEP24-60000-C,42821.75,buy,1.4,1.4,,,,
428,282880297,2024-02-07 20:35:47,0,0.087,0.08866882,54.97,BTC-27SEP24-60000-C,44058.99,buy,0.2,0.2,,,,
429,282880797,2024-02-07 20:38:38,0,0.0875,0.08890579,55.01,BTC-27SEP24-60000-C,44143.54,sell,0.1,0.1,,,,
430,282883834,2024-02-07 20:50:50,0,0.0885,0.08957153,55.16,BTC-27SEP24-60000-C,44228.52,buy,0.1,0.1,,,,
431,282884095,2024-02-07 20:52:24,1,0.0885,0.08942232,55.19,BTC-27SEP24-60000-C,44211.5,buy,0.1,0.1,,,,
432,282942853,2024-02-08 07:52:23,0,0.0905,0.09296623,55.2,BTC-27SEP24-60000-C,44513.5,sell,0.1,0.1,,,,
433,282942897,2024-02-08 07:53:19,1,0.0905,0.09282784,55.21,BTC-27SEP24-60000-C,44508.11,sell,0.1,0.1,,,,
434,282950840,2024-02-08 08:49:24,0,0.092,0.09371728,55.21,BTC-27SEP24-60000-C,44711.9,sell,0.1,0.1,,,,
435,282951056,2024-02-08 08:50:31,1,0.092,0.09361422,55.22,BTC-27SEP24-60000-C,44706.69,sell,0.1,0.1,,,,
436,282978720,2024-02-08 13:58:11,0,0.094,0.09505735,55.47,BTC-27SEP24-60000-C,44956.43,buy,0.1,0.1,,,,
437,282979585,2024-02-08 14:00:21,1,0.094,0.09512461,55.45,BTC-27SEP24-60000-C,44971.36,buy,0.1,0.1,,,,
438,282999402,2024-02-08 15:24:12,0,0.096,0.09793111,55.36,BTC-27SEP24-60000-C,45305.86,buy,0.1,0.1,,,,
439,282999436,2024-02-08 15:24:14,0,0.0965,0.09794791,55.51,BTC-27SEP24-60000-C,45312.31,buy,0.1,0.1,,,,
440,282999727,2024-02-08 15:26:22,1,0.0965,0.09811383,55.42,BTC-27SEP24-60000-C,45336.63,sell,0.1,0.1,,,,
441,283006174,2024-02-08 16:00:15,0,0.101,0.09819303,56.71,BTC-27SEP24-60000-C,45458.16,buy,8.0,8.0,,,,
442,283006175,2024-02-08 16:00:15,1,0.101,0.09819303,56.71,BTC-27SEP24-60000-C,45458.16,buy,2.8,2.8,,,,
443,283006176,2024-02-08 16:00:15,1,0.101,0.09819303,56.71,BTC-27SEP24-60000-C,45458.16,sell,11.2,11.2,,,,
444,283006177,2024-02-08 16:00:15,1,0.101,0.09819303,56.71,BTC-27SEP24-60000-C,45458.16,sell,3.0,3.0,,,,
445,283007934,2024-02-08 16:10:53,2,0.098,0.09871759,55.87,BTC-27SEP24-60000-C,45368.85,sell,2.0,2.0,,,,
446,283024419,2024-02-08 18:02:18,2,0.0965,0.09665506,56.06,BTC-27SEP24-60000-C,45049.7,buy,1.0,1.0,,,,
447,283143784,2024-02-09 09:39:55,0,0.1115,0.10931991,57.64,BTC-27SEP24-60000-C,46577.6,buy,1.0,1.0,,,,
448,283151107,2024-02-09 10:58:32,0,0.1135,0.11104544,57.88,BTC-27SEP24-60000-C,46779.26,buy,11.0,11.0,,,,
449,283151112,2024-02-09 10:58:32,1,0.1135,0.11104544,57.88,BTC-27SEP24-60000-C,46779.26,sell,11.0,11.0,,,,
450,283196489,2024-02-09 14:18:06,0,0.121,0.11735922,59.04,BTC-27SEP24-60000-C,47353.12,buy,11.0,11.0,,,,
451,283196490,2024-02-09 14:18:06,1,0.121,0.11735922,59.04,BTC-27SEP24-60000-C,47353.12,buy,8.0,8.0,,,,
452,283196492,2024-02-09 14:18:06,1,0.121,0.11735922,59.04,BTC-27SEP24-60000-C,47353.12,sell,1.0,1.0,,,,
453,283196493,2024-02-09 14:18:06,1,0.121,0.11735922,59.04,BTC-27SEP24-60000-C,47353.12,sell,9.0,9.0,,,,
454,283213004,2024-02-09 15:12:16,2,0.1165,0.11787747,58.5,BTC-27SEP24-60000-C,46958.41,sell,0.5,0.5,,,,
455,283239943,2024-02-09 17:51:52,0,0.1225,0.12199647,58.87,BTC-27SEP24-60000-C,47641.44,sell,2.0,2.0,,,,
456,283244136,2024-02-09 18:07:31,0,0.124,0.12284812,59.14,BTC-27SEP24-60000-C,47748.33,sell,3.2,3.2,,,,
457,283244137,2024-02-09 18:07:31,1,0.124,0.12284812,59.14,BTC-27SEP24-60000-C,47748.33,sell,1.8,1.8,,,,
458,283364299,2024-02-11 03:11:32,1,0.124,0.12371561,59.07,BTC-27SEP24-60000-C,47890.94,buy,0.1,0.1,,,,
459,283446870,2024-02-11 20:09:18,0,0.129,0.12921718,59.61,BTC-27SEP24-60000-C,48256.05,buy,0.1,0.1,,,,
460,283490238,2024-02-12 06:48:50,2,0.1285,0.12947211,60.25,BTC-27SEP24-60000-C,47871.36,sell,0.4,0.4,,,,
461,283507681,2024-02-12 10:17:18,0,0.1305,0.12931306,60.65,BTC-27SEP24-60000-C,47999.02,sell,0.1,0.1,,,,
462,283518109,2024-02-12 13:39:36,0,0.132,0.12944018,61.23,BTC-27SEP24-60000-C,47914.25,sell,11.0,11.0,,,,
463,283518113,2024-02-12 13:39:36,1,0.132,0.12944018,61.23,BTC-27SEP24-60000-C,47914.25,sell,28.0,28.0,,,,
464,283559893,2024-02-12 15:49:08,0,0.1498,0.14940767,62.6,BTC-27SEP24-60000-C,49727.11,sell,6.3,6.3,,125492,,
465,283649708,2024-02-12 22:42:20,2,0.148,0.14799687,61.29,BTC-27SEP24-60000-C,50043.66,buy,0.1,0.1,,,,
466,283899305,2024-02-14 11:26:47,0,0.158,0.15760984,61.62,BTC-27SEP24-60000-C,51385.53,buy,0.2,0.2,,,,
467,283900000,2024-02-14 11:28:51,1,0.158,0.15750871,61.61,BTC-27SEP24-60000-C,51392.86,buy,0.2,0.2,,,,
468,283900021,2024-02-14 11:28:55,1,0.158,0.15750165,61.61,BTC-27SEP24-60000-C,51392.04,buy,0.2,0.2,,,,
469,283900360,2024-02-14 11:29:07,2,0.1575,0.15748111,61.46,BTC-27SEP24-60000-C,51389.65,buy,0.2,0.2,,,,
470,283900395,2024-02-14 11:29:11,3,0.1575,0.15751107,61.45,BTC-27SEP24-60000-C,51393.76,buy,0.2,0.2,,,,
471,283900412,2024-02-14 11:29:13,3,0.1575,0.15753678,61.44,BTC-27SEP24-60000-C,51397.21,buy,0.2,0.2,,,,
472,283901019,2024-02-14 11:31:10,0,0.158,0.15737098,61.65,BTC-27SEP24-60000-C,51374.96,buy,0.2,0.2,,,,
473,283901154,2024-02-14 11:31:28,2,0.1575,0.15717462,61.54,BTC-27SEP24-60000-C,51354.13,buy,0.2,0.2,,,,
474,283901242,2024-02-14 11:31:56,3,0.1575,0.15711308,61.56,BTC-27SEP24-60000-C,51348.51,buy,0.2,0.2,,,,
475,283901785,2024-02-14 11:33:53,3,0.1575,0.15699506,61.61,BTC-27SEP24-60000-C,51312.89,buy,0.2,0.2,,,,
476,283939643,2024-02-14 13:57:22,0,0.1665,0.16295201,63.3,BTC-27SEP24-60000-C,51748.65,sell,30.0,30.0,,,,
477,284169209,2024-02-15 14:31:46,0,0.1695,0.16956574,62.21,BTC-27SEP24-60000-C,52691.84,buy,0.4,0.4,,,,
478,284175006,2024-02-15 14:42:05,2,0.169,0.16846818,62.14,BTC-27SEP24-60000-C,52654.14,buy,0.4,0.4,,,,
479,284175633,2024-02-15 14:44:21,2,0.1685,0.16853765,61.91,BTC-27SEP24-60000-C,52690.27,buy,0.4,0.4,,,,
480,284177329,2024-02-15 14:47:50,0,0.1705,0.16930387,62.33,BTC-27SEP24-60000-C,52772.57,buy,0.2,0.2,,,,
481,284179914,2024-02-15 14:53:45,0,0.1715,0.17062563,62.68,BTC-27SEP24-60000-C,52768.74,buy,0.2,0.2,,,,
482,284179915,2024-02-15 14:53:45,1,0.1715,0.17062563,62.68,BTC-27SEP24-60000-C,52768.74,sell,0.7,0.7,,,,
483,284185073,2024-02-15 15:05:23,2,0.169,0.16910037,62.72,BTC-27SEP24-60000-C,52407.81,buy,0.2,0.2,,,,
484,284185074,2024-02-15 15:05:23,3,0.169,0.16910037,62.72,BTC-27SEP24-60000-C,52407.81,buy,0.4,0.4,,,,
485,284185085,2024-02-15 15:05:24,3,0.169,0.16895475,62.76,BTC-27SEP24-60000-C,52392.07,sell,0.2,0.2,,,,
486,284186928,2024-02-15 15:09:16,0,0.1695,0.1698622,62.66,BTC-27SEP24-60000-C,52508.45,sell,0.6,0.6,,,,
487,284189020,2024-02-15 15:15:29,1,0.1695,0.16971109,62.7,BTC-27SEP24-60000-C,52475.15,sell,0.2,0.2,,,,
488,284191166,2024-02-15 15:21:39,2,0.1685,0.16869459,62.71,BTC-27SEP24-60000-C,52324.98,buy,0.2,0.2,,,,
489,284192517,2024-02-15 15:27:37,2,0.168,0.16828259,62.71,BTC-27SEP24-60000-C,52253.7,sell,0.2,0.2,,,,
490,284194590,2024-02-15 15:31:39,2,0.1665,0.1668798,62.7,BTC-27SEP24-60000-C,52052.68,sell,0.2,0.2,,,,
491,284196093,2024-02-15 15:32:31,2,0.166,0.16629262,62.7,BTC-27SEP24-60000-C,51980.12,buy,0.2,0.2,,,,
492,284199347,2024-02-15 15:36:44,3,0.166,0.1658688,62.84,BTC-27SEP24-60000-C,51933.32,sell,0.2,0.2,,,,
493,284199348,2024-02-15 15:36:44,3,0.166,0.1658688,62.84,BTC-27SEP24-60000-C,51933.32,sell,0.4,0.4,,,,
494,284201475,2024-02-15 15:44:10,3,0.166,0.16603377,62.81,BTC-27SEP24-60000-C,51964.33,sell,0.4,0.4,,,,
495,284211500,2024-02-15 16:24:40,3,0.166,0.16560898,62.29,BTC-27SEP24-60000-C,52181.54,buy,0.4,0.4,,,,
496,284211565,2024-02-15 16:25:06,3,0.166,0.16553369,62.3,BTC-27SEP24-60000-C,52178.88,buy,0.4,0.4,,,,
497,284211699,2024-02-15 16:26:08,2,0.1655,0.16528534,62.21,BTC-27SEP24-60000-C,52144.02,buy,0.4,0.4,,,,
498,284211820,2024-02-15 16:26:55,3,0.1655,0.1654674,62.14,BTC-27SEP24-60000-C,52173.26,buy,0.4,0.4,,,,
499,284211852,2024-02-15 16:27:09,3,0.1655,0.16561419,62.11,BTC-27SEP24-60000-C,52187.95,buy,0.4,0.4,,,,
500,284212136,2024-02-15 16:28:26,0,0.166,0.16583632,62.18,BTC-27SEP24-60000-C,52222.18,buy,0.4,0.4,,,,
501,284212560,2024-02-15 16:29:16,0,0.1665,0.16640264,62.15,BTC-27SEP24-60000-C,52301.42,buy,0.4,0.4,,,,
502,284212595,2024-02-15 16:29:28,1,0.1665,0.16642164,62.14,BTC-27SEP24-60000-C,52306.07,buy,0.4,0.4,,,,
503,284212913,2024-02-15 16:31:15,1,0.1665,0.16641497,62.12,BTC-27SEP24-60000-C,52314.06,buy,0.4,0.4,,,,
504,284213969,2024-02-15 16:35:34,2,0.166,0.16614189,61.99,BTC-27SEP24-60000-C,52279.89,buy,0.4,0.4,,,,
505,284214041,2024-02-15 16:35:52,0,0.1665,0.16614522,62.16,BTC-27SEP24-60000-C,52284.21,buy,0.4,0.4,,,,
506,284214088,2024-02-15 16:36:09,2,0.166,0.16578604,62.11,BTC-27SEP24-60000-C,52233.61,buy,0.4,0.4,,,,
507,284214185,2024-02-15 16:36:49,2,0.1655,0.16567716,62.0,BTC-27SEP24-60000-C,52207.43,sell,0.4,0.4,,,,
508,284214622,2024-02-15 16:39:18,0,0.166,0.16598372,62.01,BTC-27SEP24-60000-C,52283.53,buy,0.4,0.4,,,,
509,284353806,2024-02-16 12:16:32,0,0.1665,0.16622163,61.78,BTC-27SEP24-60000-C,52279.89,buy,2.0,2.0,,,,
510,284391602,2024-02-16 15:33:37,2,0.1605,0.16388595,61.01,BTC-27SEP24-60000-C,51777.37,buy,1.5,1.5,BTC-RR-27SEP24-52000_60000,,284391599,
511,284391636,2024-02-16 15:33:38,0,0.165,0.16393,62.39,BTC-27SEP24-60000-C,51807.47,sell,1.5,1.5,,,,M
512,284580850,2024-02-18 06:03:37,2,0.16,0.16110497,61.58,BTC-27SEP24-60000-C,51676.32,buy,0.1,0.1,,,,
513,284618868,2024-02-18 17:22:54,0,0.1705,0.16274727,64.26,BTC-27SEP24-60000-C,51902.41,buy,0.2,0.2,,,,
514,284618909,2024-02-18 17:24:13,1,0.1705,0.16261533,64.28,BTC-27SEP24-60000-C,51894.38,buy,0.1,0.1,,,,
515,284685301,2024-02-19 08:42:54,2,0.168,0.16705716,62.32,BTC-27SEP24-60000-C,52241.66,sell,0.5,0.5,,,,
516,284766122,2024-02-19 22:26:46,2,0.1664,0.16577544,62.49,BTC-27SEP24-60000-C,51952.4,buy,1.4,1.4,BTC-CS-27SEP24-60000_75000,,284766120,
517,284801315,2024-02-20 05:47:02,2,0.165,0.16775734,62.23,BTC-27SEP24-60000-C,51948.4,sell,0.2,0.2,,,,
518,284801451,2024-02-20 05:49:09,0,0.166,0.16750554,62.63,BTC-27SEP24-60000-C,51916.45,buy,0.2,0.2,,,,
519,284831503,2024-02-20 11:13:26,0,0.167,0.16926136,61.97,BTC-27SEP24-60000-C,52279.46,sell,0.1,0.1,,,,
520,284903642,2024-02-20 17:00:27,2,0.163,0.16274388,63.21,BTC-27SEP24-60000-C,51371.7,sell,0.1,0.1,,,,
521,285010546,2024-02-21 09:49:15,2,0.159,0.16016147,62.23,BTC-27SEP24-60000-C,51287.73,sell,0.2,0.2,,,,
522,285042922,2024-02-21 12:31:56,2,0.158,0.15814507,62.32,BTC-27SEP24-60000-C,51179.24,sell,0.5,0.5,,,,
523,285047580,2024-02-21 13:01:26,3,0.158,0.15916148,61.97,BTC-27SEP24-60000-C,51337.45,sell,0.2,0.2,,,,
524,285282597,2024-02-22 23:12:13,0,0.161,0.15940748,62.9,BTC-27SEP24-60000-C,51317.51,sell,0.3,0.3,,,,
525,285351852,2024-02-23 12:08:35,2,0.156,0.15673908,62.23,BTC-27SEP24-60000-C,51103.14,sell,0.1,0.1,,,,
526,285420909,2024-02-24 00:01:35,2,0.152,0.15333567,61.67,BTC-27SEP24-60000-C,50757.27,buy,0.3,0.3,,,,
527,285453236,2024-02-24 13:51:22,0,0.157,0.15450537,62.39,BTC-27SEP24-60000-C,51128.62,buy,0.1,0.1,,,,
528,285534851,2024-02-25 17:01:58,2,0.1565,0.15814296,61.7,BTC-27SEP24-60000-C,51377.0,buy,0.5,0.5,,,,
529,285758984,2024-02-26 21:54:25,0,0.1855,0.18469618,63.17,BTC-27SEP24-60000-C,54573.56,sell,0.4,0.4,,,,
530,285880148,2024-02-27 06:11:45,0,0.197,0.19816344,62.57,BTC-27SEP24-60000-C,56259.81,sell,1.0,1.0,,,,
531,285885304,2024-02-27 06:43:51,0,0.199,0.19828372,62.88,BTC-27SEP24-60000-C,56417.88,buy,0.9,0.9,,,,
532,285885305,2024-02-27 06:43:51,1,0.199,0.19828372,62.88,BTC-27SEP24-60000-C,56417.88,buy,2.0,2.0,,,,
533,285925613,2024-02-27 10:04:39,2,0.197,0.19654247,62.0,BTC-27SEP24-60000-C,56524.59,buy,4.0,4.0,,,,
534,285959264,2024-02-27 12:52:17,0,0.2044,0.20418314,62.71,BTC-27SEP24-60000-C,57306.38,buy,9.0,9.0,,127979,,
535,286042972,2024-02-27 19:44:06,0,0.205,0.20192571,63.13,BTC-27SEP24-60000-C,57234.88,buy,3.0,3.0,,,,
536,286042973,2024-02-27 19:44:06,1,0.205,0.20192571,63.13,BTC-27SEP24-60000-C,57234.88,buy,2.4,2.4,,,,
537,286062452,2024-02-27 21:57:58,2,0.1985,0.19815494,62.33,BTC-27SEP24-60000-C,56676.5,sell,0.1,0.1,,,,
538,286226900,2024-02-28 13:25:07,0,0.2225,0.22125856,61.12,BTC-27SEP24-60000-C,60441.16,buy,2.0,2.0,,,,
539,286241183,2024-02-28 13:47:27,2,0.22,0.22279909,60.28,BTC-27SEP24-60000-C,60371.85,buy,0.5,0.5,,,,
540,286276295,2024-02-28 14:38:00,0,0.2205,0.21990655,61.53,BTC-27SEP24-60000-C,60127.38,sell,0.1,0.1,,,,
541,286311069,2024-02-28 15:19:17,0,0.225,0.22813229,60.58,BTC-27SEP24-60000-C,61187.19,sell,0.4,0.4,,,,
542,286320362,2024-02-28 15:31:17,0,0.2275,0.22693295,62.14,BTC-27SEP24-60000-C,60979.2,sell,0.1,0.1,,,,
543,286321573,2024-02-28 15:32:42,0,0.229,0.22731516,62.49,BTC-27SEP24-60000-C,61072.02,sell,0.2,0.2,,,,
544,286496966,2024-02-28 18:19:12,1,0.229,0.22711713,64.68,BTC-27SEP24-60000-C,60374.83,buy,2.3,2.3,,,,
545,286522857,2024-02-28 18:48:00,0,0.23,0.22784553,63.69,BTC-27SEP24-60000-C,60870.98,sell,0.5,0.5,,,,
546,286772261,2024-02-29 11:44:48,0,0.2475,0.25119396,64.26,BTC-27SEP24-60000-C,62889.11,sell,0.3,0.3,,,,
547,286785115,2024-02-29 13:00:51,0,0.249,0.24927756,65.46,BTC-27SEP24-60000-C,62674.39,buy,0.2,0.2,,,,
548,286785306,2024-02-29 13:02:50,0,0.2495,0.24954563,65.62,BTC-27SEP24-60000-C,62670.85,buy,0.2,0.2,,,,
549,287285313,2024-03-02 19:31:26,2,0.243,0.24259242,64.96,BTC-27SEP24-60000-C,62122.37,buy,3.0,3.0,,,,
550,287381422,2024-03-03 15:59:18,0,0.2525,0.24959317,67.44,BTC-27SEP24-60000-C,62206.6,buy,0.1,0.1,,,,
551,287381423,2024-03-03 15:59:18,1,0.2525,0.24959317,67.44,BTC-27SEP24-60000-C,62206.6,buy,2.3,2.3,,,,
552,287475020,2024-03-04 01:15:38,0,0.263,0.26388723,67.42,BTC-27SEP24-60000-C,63465.07,buy,1.5,1.5,,,,
553,287557256,2024-03-04 08:36:35,0,0.278,0.27801053,68.51,BTC-27SEP24-60000-C,64999.29,sell,0.2,0.2,,,,
554,287568901,2024-03-04 08:53:08,0,0.2795,0.28016503,68.39,BTC-27SEP24-60000-C,65277.54,buy,0.1,0.1,,,,
555,287568990,2024-03-04 08:53:28,1,0.2795,0.28034173,68.4,BTC-27SEP24-60000-C,65256.66,buy,0.1,0.1,,,,
556,287636123,2024-03-04 12:06:13,0,0.2824,0.28239448,69.68,BTC-27SEP24-60000-C,65112.64,sell,0.7,0.7,BTC-CBUT-27SEP24-60000_120000_180000,,287636122,
557,287636503,2024-03-04 12:08:46,0,0.2848,0.28245692,70.67,BTC-27SEP24-60000-C,65083.33,sell,0.3,0.3,BTC-CBUT-27SEP24-60000_120000_180000,,287636501,
558,287660176,2024-03-04 13:44:24,0,0.287,0.28761133,69.83,BTC-27SEP24-60000-C,65621.49,buy,0.3,0.3,,,,
559,287688671,2024-03-04 14:35:24,0,0.2875,0.28810979,70.09,BTC-27SEP24-60000-C,65734.64,buy,0.1,0.1,,,,
560,287879933,2024-03-04 23:10:55,0,0.3005,0.30169835,68.89,BTC-27SEP24-60000-C,68393.28,buy,0.1,0.1,,,,
561,287907433,2024-03-05 00:26:31,2,0.2995,0.30166379,68.86,BTC-27SEP24-60000-C,68170.75,sell,1.0,1.0,,,,
562,287907448,2024-03-05 00:26:32,3,0.2995,0.30164615,68.86,BTC-27SEP24-60000-C,68145.3,buy,4.8,4.8,,,,
563,287907575,2024-03-05 00:27:23,2,0.299,0.30108965,68.87,BTC-27SEP24-60000-C,68090.75,sell,3.0,3.0,,,,
564,287907576,2024-03-05 00:27:23,3,0.299,0.30108965,68.87,BTC-27SEP24-60000-C,68090.75,sell,0.3,0.3,,,,
565,288097646,2024-03-05 10:35:10,2,0.2965,0.29780076,69.7,BTC-27SEP24-60000-C,67129.26,buy,0.1,0.1,,,,
566,288264242,2024-03-05 16:09:18,2,0.287,0.286741,70.0,BTC-27SEP24-60000-C,65797.99,buy,0.1,0.1,,,,
567,288274123,2024-03-05 16:14:21,2,0.282,0.28383783,69.24,BTC-27SEP24-60000-C,65396.74,buy,0.1,0.1,,,,
568,288288638,2024-03-05 16:28:58,0,0.2845,0.28443754,69.53,BTC-27SEP24-60000-C,65680.02,sell,0.1,0.1,,,,
569,288761247,2024-03-06 08:28:24,0,0.289,0.28987201,68.98,BTC-27SEP24-60000-C,67199.96,buy,0.1,0.1,,,,
570,288772324,2024-03-06 08:59:15,2,0.286,0.28725574,68.72,BTC-27SEP24-60000-C,66860.73,buy,12.0,12.0,,,,
571,288772325,2024-03-06 08:59:15,3,0.286,0.28725574,68.72,BTC-27SEP24-60000-C,66860.73,buy,0.9,0.9,,,,
572,288812495,2024-03-06 11:38:41,3,0.286,0.28741085,68.59,BTC-27SEP24-60000-C,66818.09,buy,3.0,3.0,,,,
573,288954455,2024-03-06 18:02:49,0,0.295,0.29540414,69.87,BTC-27SEP24-60000-C,67465.39,buy,0.1,0.1,,,,
574,288961536,2024-03-06 18:27:59,2,0.2925,0.29477378,69.27,BTC-27SEP24-60000-C,67160.8,sell,1.0,1.0,,,,
575,288961565,2024-03-06 18:28:09,0,0.293,0.29479695,69.47,BTC-27SEP24-60000-C,67163.3,sell,1.0,1.0,,,,
576,289448644,2024-03-08 15:02:49,0,0.2985,0.29797609,68.83,BTC-27SEP24-60000-C,68721.96,sell,0.6,0.6,,,,
577,289457815,2024-03-08 15:21:10,0,0.3015,0.30104847,69.27,BTC-27SEP24-60000-C,68973.29,buy,0.1,0.1,,,,
578,289887804,2024-03-11 00:49:57,0,0.309,0.3091289,72.82,BTC-27SEP24-60000-C,68163.76,sell,1.5,1.5,,,,
579,289926798,2024-03-11 03:59:30,0,0.311,0.31084698,72.34,BTC-27SEP24-60000-C,68615.03,buy,0.3,0.3,,,,
580,290011533,2024-03-11 08:17:09,0,0.335,0.33522778,73.29,BTC-27SEP24-60000-C,71323.26,sell,4.0,4.0,,,,
581,290111551,2024-03-11 12:56:21,0,0.345,0.34174613,76.14,BTC-27SEP24-60000-C,71993.34,buy,1.0,1.0,,,,
582,290123200,2024-03-11 13:31:58,2,0.3445,0.34473293,75.75,BTC-27SEP24-60000-C,72106.52,buy,0.2,0.2,,,,
583,290123671,2024-03-11 13:32:55,0,0.345,0.34494388,75.88,BTC-27SEP24-60000-C,72166.52,buy,0.4,0.4,,,,
584,290371872,2024-03-12 09:17:52,2,0.341,0.34243063,75.38,BTC-27SEP24-60000-C,71960.0,buy,0.5,0.5,,,,
585,290380645,2024-03-12 10:21:32,2,0.3405,0.34041124,75.7,BTC-27SEP24-60000-C,71758.49,buy,0.1,0.1,,,,
586,290720501,2024-03-13 10:54:38,0,0.355,0.35460848,76.54,BTC-27SEP24-60000-C,73299.15,sell,0.2,0.2,,,,
587,290835621,2024-03-13 21:07:10,2,0.353,0.35231282,77.23,BTC-27SEP24-60000-C,73244.04,sell,0.2,0.2,,,,
588,290955953,2024-03-14 13:33:53,2,0.344,0.34341541,76.78,BTC-27SEP24-60000-C,72311.85,sell,0.5,0.5,,,,
589,291370872,2024-03-15 08:32:34,2,0.3175,0.3173887,78.35,BTC-27SEP24-60000-C,67833.84,buy,0.1,0.1,,,,
590,291417025,2024-03-15 09:36:35,2,0.3142,0.31357401,79.24,BTC-27SEP24-60000-C,67176.35,sell,13.9,13.9,,132166,,
591,291759096,2024-03-16 22:39:29,2,0.3095,0.30931355,78.88,BTC-27SEP24-60000-C,66602.01,sell,0.1,0.1,,,,
592,291760282,2024-03-16 22:50:53,2,0.309,0.30893159,78.99,BTC-27SEP24-60000-C,66518.24,sell,0.1,0.1,,,,
593,292747910,2024-03-20 11:37:21,2,0.286,0.28484945,81.17,BTC-27SEP24-60000-C,63696.97,sell,2.7,2.7,,,,
594,292747960,2024-03-20 11:37:35,3,0.286,0.28496442,81.15,BTC-27SEP24-60000-C,63710.16,sell,2.3,2.3,,,,
595,292748043,2024-03-20 11:37:54,2,0.2855,0.28506137,80.94,BTC-27SEP24-60000-C,63714.53,sell,2.3,2.3,,,,
596,292748050,2024-03-20 11:37:57,3,0.2855,0.2849851,80.95,BTC-27SEP24-60000-C,63708.97,sell,2.7,2.7,,,,
597,292748973,2024-03-20 11:42:33,2,0.285,0.28448207,81.17,BTC-27SEP24-60000-C,63512.82,sell,2.9,2.9,,,,
598,292749125,2024-03-20 11:42:37,3,0.285,0.28448546,81.18,BTC-27SEP24-60000-C,63483.85,sell,2.1,2.1,,,,
599,292776598,2024-03-20 14:00:45,2,0.2837,0.28384487,80.39,BTC-27SEP24-60000-C,63519.35,buy,9.0,9.0,BTC-CCOND-27SEP24-45000_60000_85000_110000,133031,,
600,293112640,2024-03-21 14:04:47,0,0.308,0.30763108,80.81,BTC-27SEP24-60000-C,66717.64,sell,0.5,0.5,,,,
601,293187719,2024-03-21 20:07:14,2,0.296,0.29593725,80.67,BTC-27SEP24-60000-C,64809.7,sell,1.0,1.0,,,,
602,293501486,2024-03-23 05:11:51,2,0.278,0.28124269,77.28,BTC-27SEP24-60000-C,63795.18,buy,1.0,1.0,,,,
603,294147173,2024-03-26 22:40:52,0,0.324,0.32341182,80.06,BTC-27SEP24-60000-C,69985.72,sell,0.3,0.3,,,,
604,294236851,2024-03-27 12:10:11,2,0.3225,0.3218452,79.4,BTC-27SEP24-60000-C,70240.42,sell,0.3,0.3,,,,
605,294461606,2024-03-28 14:34:38,0,0.333,0.33141462,80.68,BTC-27SEP24-60000-C,71337.01,sell,0.3,0.3,,,,
606,294507787,2024-03-28 20:06:19,2,0.328,0.32776661,80.05,BTC-27SEP24-60000-C,70733.01,sell,0.3,0.3,,,,
607,294697988,2024-03-30 09:58:25,2,0.3255,0.32275268,79.9,BTC-27SEP24-60000-C,70053.59,buy,0.1,0.1,,,,
608,294805626,2024-03-31 23:26:49,0,0.338,0.33698393,80.63,BTC-27SEP24-60000-C,71095.91,sell,1.0,1.0,,,,
609,294805715,2024-03-31 23:28:56,2,0.3375,0.33707825,80.36,BTC-27SEP24-60000-C,71098.55,sell,1.0,1.0,,,,
610,295773085,2024-04-07 15:54:25,2,0.3085,0.30762653,79.14,BTC-27SEP24-60000-C,69694.86,sell,0.3,0.3,,,,
611,296067710,2024-04-09 10:45:54,0,0.3115,0.31270177,77.71,BTC-27SEP24-60000-C,70485.4,buy,1.0,1.0,,,,
612,296067783,2024-04-09 10:46:12,0,0.3125,0.31284872,78.11,BTC-27SEP24-60000-C,70513.12,buy,1.0,1.0,,,,
613,296265769,2024-04-10 16:14:35,2,0.2995,0.30011376,78.03,BTC-27SEP24-60000-C,68746.62,buy,0.4,0.4,,,,
614,296338739,2024-04-11 01:02:09,0,0.311,0.310678,78.04,BTC-27SEP24-60000-C,70507.36,sell,0.1,0.1,,,,
615,296338810,2024-04-11 01:04:04,1,0.311,0.31079836,77.98,BTC-27SEP24-60000-C,70533.69,sell,0.1,0.1,,,,
616,296338830,2024-04-11 01:04:41,1,0.311,0.31074901,78.0,BTC-27SEP24-60000-C,70527.93,sell,0.1,0.1,,,,
617,296459310,2024-04-11 19:39:10,2,0.3035,0.30357475,75.61,BTC-27SEP24-60000-C,70434.49,sell,1.0,1.0,,,,
618,296626109,2024-04-12 18:35:12,2,0.2665,0.26569809,74.18,BTC-27SEP24-60000-C,66271.16,buy,1.2,1.2,,,,
619,296708089,2024-04-13 01:59:12,2,0.263,0.26320724,73.72,BTC-27SEP24-60000-C,65794.06,buy,0.3,0.3,,,,
620,297378732,2024-04-15 17:28:47,2,0.244,0.24423339,74.4,BTC-27SEP24-60000-C,63957.83,buy,1.6,1.6,,,,
621,297378767,2024-04-15 17:28:51,3,0.244,0.244317,74.35,BTC-27SEP24-60000-C,63977.16,buy,1.4,1.4,,,,
622,297436909,2024-04-15 22:57:05,2,0.242,0.24158354,75.32,BTC-27SEP24-60000-C,63370.45,sell,1.0,1.0,,,,
623,297770920,2024-04-17 15:05:18,2,0.2175,0.21639473,73.76,BTC-27SEP24-60000-C,61030.45,buy,1.0,1.0,,,,
624,297777158,2024-04-17 15:18:58,2,0.217,0.21616183,73.83,BTC-27SEP24-60000-C,60982.26,sell,0.1,0.1,,,,
625,297777185,2024-04-17 15:19:08,2,0.2165,0.21599907,73.75,BTC-27SEP24-60000-C,60923.13,sell,0.1,0.1,,,,
626,297778493,2024-04-17 15:22:38,2,0.216,0.21540193,73.79,BTC-27SEP24-60000-C,60830.41,sell,0.1,0.1,,,,
627,297780335,2024-04-17 15:28:22,2,0.2155,0.21503911,73.86,BTC-27SEP24-60000-C,60695.13,sell,0.1,0.1,,,,
628,297786783,2024-04-17 15:34:08,2,0.213,0.20900346,75.15,BTC-27SEP24-60000-C,60191.94,buy,4.2,4.2,,,,
629,297787779,2024-04-17 15:34:52,2,0.212,0.20735382,75.32,BTC-27SEP24-60000-C,60074.01,buy,4.2,4.2,,,,
630,297787926,2024-04-17 15:34:58,0,0.2125,0.20755866,75.42,BTC-27SEP24-60000-C,60096.48,buy,4.4,4.4,,,,
631,297825049,2024-04-17 16:41:18,0,0.213,0.21117734,74.41,BTC-27SEP24-60000-C,60310.75,sell,0.1,0.1,,,,
632,297825256,2024-04-17 16:42:08,2,0.212,0.21084114,74.22,BTC-27SEP24-60000-C,60225.5,sell,0.1,0.1,,,,
633,297958990,2024-04-18 11:35:14,0,0.2284,0.23000062,72.51,BTC-27SEP24-60000-C,62846.88,sell,13.0,13.0,BTC-CS-27SEP24-60000_75000,137379,,
634,298001690,2024-04-18 14:51:08,0,0.234,0.23462897,72.67,BTC-27SEP24-60000-C,63637.61,buy,0.1,0.1,,,,
635,298018653,2024-04-18 16:41:04,2,0.2329,0.23307558,72.09,BTC-27SEP24-60000-C,63664.27,buy,13.0,13.0,BTC-CS-27SEP24-60000_75000,137472,,
636,298021217,2024-04-18 17:10:37,2,0.2306,0.23169043,71.66,BTC-27SEP24-60000-C,63532.56,sell,12.5,12.5,BTC-CS-27SEP24-60000_75000,137474,,
637,298021219,2024-04-18 17:10:37,2,0.2304,0.23169043,71.58,BTC-27SEP24-60000-C,63532.56,sell,12.5,12.5,BTC-CS-27SEP24-60000_75000,137475,,
638,298021222,2024-04-18 17:10:37,0,0.2312,0.23169043,71.91,BTC-27SEP24-60000-C,63532.56,sell,13.0,13.0,BTC-CS-27SEP24-60000_75000,137476,,
639,298021405,2024-04-18 17:12:17,2,0.2311,0.2320483,71.7,BTC-27SEP24-60000-C,63594.65,sell,13.0,13.0,BTC-CS-27SEP24-60000_75000,137478,,
640,298021837,2024-04-18 17:17:29,0,0.2312,0.23139729,72.06,BTC-27SEP24-60000-C,63469.92,sell,12.5,12.5,BTC-CS-27SEP24-60000_75000,137479,,
641,298021838,2024-04-18 17:17:29,2,0.2311,0.23139729,72.02,BTC-27SEP24-60000-C,63469.92,sell,12.5,12.5,BTC-CS-27SEP24-60000_75000,137480,,
642,298021986,2024-04-18 17:18:54,2,0.2299,0.23069818,71.73,BTC-27SEP24-60000-C,63433.27,sell,12.5,12.5,BTC-CS-27SEP24-60000_75000,137481,,
643,298022041,2024-04-18 17:19:02,0,0.231,0.23071651,72.2,BTC-27SEP24-60000-C,63422.91,sell,12.5,12.5,BTC-CS-27SEP24-60000_75000,137482,,
644,298022043,2024-04-18 17:19:02,2,0.2299,0.23072043,71.75,BTC-27SEP24-60000-C,63420.75,sell,12.5,12.5,BTC-CS-27SEP24-60000_75000,137483,,
645,298022146,2024-04-18 17:20:02,0,0.2304,0.23098186,71.82,BTC-27SEP24-60000-C,63458.96,buy,12.5,12.5,BTC-CS-27SEP24-60000_75000,137484,,
646,298068626,2024-04-19 00:24:46,0,0.2315,0.22864075,73.54,BTC-27SEP24-60000-C,63028.76,buy,0.1,0.1,,,,
647,298196193,2024-04-19 07:14:20,0,0.2375,0.24034917,71.45,BTC-27SEP24-60000-C,64384.75,sell,1.1,1.1,,,,
648,298246701,2024-04-19 10:31:12,0,0.2417,0.24231182,72.57,BTC-27SEP24-60000-C,64757.7,sell,12.5,12.5,BTC-CS-27SEP24-60000_75000,137697,,
649,298288018,2024-04-19 14:16:29,2,0.2402,0.24102273,72.54,BTC-27SEP24-60000-C,64594.35,sell,25.0,25.0,BTC-CS-27SEP24-60000_75000,137730,,
650,298751666,2024-04-23 10:59:24,0,0.2495,0.25027457,72.08,BTC-27SEP24-60000-C,66269.98,sell,1.4,1.4,,,,
651,298751817,2024-04-23 11:01:18,0,0.25,0.24972659,72.52,BTC-27SEP24-60000-C,66206.7,sell,1.6,1.6,,,,
652,298885723,2024-04-24 13:32:00,2,0.2385,0.24058048,68.24,BTC-27SEP24-60000-C,66000.35,sell,2.0,2.0,,,,
653,298885724,2024-04-24 13:32:00,2,0.238,0.24058048,68.01,BTC-27SEP24-60000-C,66000.35,buy,23.0,23.0,,,,
654,298889521,2024-04-24 13:55:21,0,0.24,0.24145183,68.57,BTC-27SEP24-60000-C,66126.36,buy,2.1,2.1,,,,
655,298889536,2024-04-24 13:55:38,2,0.2385,0.24111821,68.04,BTC-27SEP24-60000-C,66078.77,sell,2.0,2.0,,,,
656,298889537,2024-04-24 13:55:38,2,0.238,0.24111821,67.81,BTC-27SEP24-60000-C,66078.77,buy,23.0,23.0,,,,
657,298889659,2024-04-24 13:56:17,2,0.2375,0.24073218,67.76,BTC-27SEP24-60000-C,66039.12,sell,2.0,2.0,,,,
658,298889660,2024-04-24 13:56:17,3,0.2375,0.24073218,67.76,BTC-27SEP24-60000-C,66039.12,buy,18.0,18.0,,,,
659,298910105,2024-04-24 15:01:45,2,0.235,0.23734509,69.58,BTC-27SEP24-60000-C,65176.86,sell,0.4,0.4,,,,
660,299005185,2024-04-25 08:15:22,2,0.219,0.21897162,66.85,BTC-27SEP24-60000-C,64062.29,buy,1.4,1.4,,,,
661,299058084,2024-04-25 14:39:50,2,0.212,0.2132755,65.53,BTC-27SEP24-60000-C,63582.0,sell,1.6,1.6,,,,
662,299176025,2024-04-26 13:04:04,2,0.21,0.210107,63.57,BTC-27SEP24-60000-C,64141.11,buy,0.1,0.1,,,,
663,299380738,2024-04-28 15:39:49,2,0.202,0.2030828,62.52,BTC-27SEP24-60000-C,63539.87,buy,0.1,0.1,,,,
664,299380772,2024-04-28 15:40:11,3,0.202,0.20296857,62.57,BTC-27SEP24-60000-C,63523.99,buy,0.1,0.1,,,,
665,299380774,2024-04-28 15:40:32,3,0.202,0.20294081,62.56,BTC-27SEP24-60000-C,63526.46,buy,0.1,0.1,,,,
666,299395831,2024-04-28 22:32:38,2,0.2,0.19983171,63.55,BTC-27SEP24-60000-C,62970.16,sell,0.3,0.3,,,,
667,299479891,2024-04-29 15:48:25,2,0.196,0.19709704,62.57,BTC-27SEP24-60000-C,62988.89,buy,0.3,0.3,,,,
668,299684632,2024-04-30 19:20:13,2,0.1705,0.17038074,62.28,BTC-27SEP24-60000-C,60078.19,sell,0.1,0.1,,,,
669,299687521,2024-04-30 19:33:54,2,0.17,0.17057867,62.13,BTC-27SEP24-60000-C,60033.45,buy,5.0,5.0,,,,
670,299688610,2024-04-30 19:41:08,0,0.171,0.17127922,62.22,BTC-27SEP24-60000-C,60155.7,buy,2.5,2.5,,,,
671,299693509,2024-04-30 19:55:47,2,0.1655,0.16560015,62.24,BTC-27SEP24-60000-C,59410.74,buy,2.5,2.5,,,,
672,299698787,2024-04-30 20:01:24,0,0.1665,0.16620167,62.3,BTC-27SEP24-60000-C,59539.11,buy,2.5,2.5,,,,
673,299714536,2024-04-30 21:47:38,0,0.17,0.17018367,61.6,BTC-27SEP24-60000-C,60198.55,sell,0.1,0.1,,,,
674,299799058,2024-05-01 07:30:24,2,0.151,0.14974906,61.0,BTC-27SEP24-60000-C,57956.1,buy,0.5,0.5,,,,
675,299811782,2024-05-01 07:47:06,2,0.148,0.1469894,60.73,BTC-27SEP24-60000-C,57623.56,sell,0.1,0.1,,,,
676,299830710,2024-05-01 08:21:50,2,0.1415,0.13836037,61.67,BTC-27SEP24-60000-C,56580.98,buy,0.7,0.7,,,,
677,299873826,2024-05-01 10:01:57,0,0.144,0.14352707,61.19,BTC-27SEP24-60000-C,57018.03,sell,0.1,0.1,,,,
678,299891280,2024-05-01 12:05:47,0,0.149,0.14943869,60.85,BTC-27SEP24-60000-C,57685.35,buy,1.0,1.0,,,,
679,299928539,2024-05-01 16:01:01,2,0.1425,0.14255603,61.27,BTC-27SEP24-60000-C,56691.43,sell,0.5,0.5,,,,
680,299985937,2024-05-01 19:34:40,0,0.1465,0.14628785,61.42,BTC-27SEP24-60000-C,57123.23,sell,0.5,0.5,,,,
681,300050666,2024-05-02 05:36:29,2,0.1435,0.14304736,60.1,BTC-27SEP24-60000-C,57262.74,sell,1.9,1.9,,,,
682,300072804,2024-05-02 10:36:05,2,0.1425,0.14339713,58.73,BTC-27SEP24-60000-C,57603.85,sell,0.4,0.4,,,,
683,300088830,2024-05-02 11:48:37,0,0.153,0.15091392,59.92,BTC-27SEP24-60000-C,58597.91,sell,0.1,0.1,,,,
684,300193433,2024-05-03 02:53:40,0,0.1592,0.15885131,59.39,BTC-27SEP24-60000-C,59560.18,buy,200.0,200.0,BTC-CSR12-27SEP24-60000_90000,139375,,
685,300193535,2024-05-03 02:54:53,0,0.1595,0.15897888,59.45,BTC-27SEP24-60000-C,59577.56,buy,200.0,200.0,BTC-CSR12-27SEP24-60000_90000,139376,,
686,300199516,2024-05-03 04:15:11,2,0.1585,0.15869555,58.32,BTC-27SEP24-60000-C,59803.13,buy,0.1,0.1,,,,
687,300203950,2024-05-03 05:28:47,2,0.1565,0.15667012,58.27,BTC-27SEP24-60000-C,59577.48,buy,200.0,200.0,BTC-CSR12-27SEP24-60000_90000,139385,,
688,300237641,2024-05-03 11:48:22,2,0.1525,0.15199172,58.05,BTC-27SEP24-60000-C,59130.64,sell,0.7,0.7,,,,
689,300237798,2024-05-03 11:52:44,0,0.154,0.15266093,58.42,BTC-27SEP24-60000-C,59217.83,sell,0.7,0.7,,,,
690,300317065,2024-05-03 15:22:39,0,0.1725,0.17280568,58.24,BTC-27SEP24-60000-C,61450.88,buy,1.0,1.0,,,,
691,300373450,2024-05-04 00:15:45,0,0.185,0.18466702,58.38,BTC-27SEP24-60000-C,62954.43,buy,1.0,1.0,,,,
692,300377257,2024-05-04 01:21:23,0,0.1855,0.18444998,58.5,BTC-27SEP24-60000-C,63018.06,buy,1.4,1.4,,,,
693,300391950,2024-05-04 04:46:15,2,0.185,0.18493003,58.51,BTC-27SEP24-60000-C,62945.48,buy,0.1,0.1,,,,
694,300417673,2024-05-04 10:38:36,0,0.1945,0.19105331,60.78,BTC-27SEP24-60000-C,63483.61,buy,0.1,0.1,,,,
695,300466137,2024-05-04 21:30:19,0,0.199,0.19726701,60.95,BTC-27SEP24-60000-C,64037.1,sell,0.8,0.8,,,,
696,300806348,2024-05-08 10:01:52,2,0.175,0.17718825,57.24,BTC-27SEP24-60000-C,62270.96,sell,1.0,1.0,,,,
697,300807211,2024-05-08 10:27:40,0,0.177,0.1782414,57.55,BTC-27SEP24-60000-C,62441.18,buy,10.0,10.0,,,,
698,300807406,2024-05-08 10:33:13,0,0.179,0.17871431,58.41,BTC-27SEP24-60000-C,62451.25,sell,1.9,1.9,,,,
699,300807412,2024-05-08 10:33:24,1,0.179,0.1786451,58.45,BTC-27SEP24-60000-C,62437.72,sell,2.0,2.0,,,,
700,300807413,2024-05-08 10:33:24,1,0.179,0.1786451,58.45,BTC-27SEP24-60000-C,62437.72,sell,0.1,0.1,,,,
701,300807437,2024-05-08 10:33:33,1,0.179,0.17856292,58.5,BTC-27SEP24-60000-C,62422.13,sell,2.0,2.0,,,,
702,300807446,2024-05-08 10:33:55,1,0.179,0.17867999,58.47,BTC-27SEP24-60000-C,62432.0,sell,4.0,4.0,,,,
703,300807447,2024-05-08 10:33:55,1,0.179,0.17867999,58.47,BTC-27SEP24-60000-C,62432.0,sell,1.0,1.0,,,,
704,300843352,2024-05-08 17:25:41,2,0.178,0.1778849,58.13,BTC-27SEP24-60000-C,62467.77,sell,1.0,1.0,,,,
705,300877634,2024-05-08 23:10:38,2,0.1695,0.16808463,59.27,BTC-27SEP24-60000-C,61059.23,buy,1.4,1.4,,,,
706,300908336,2024-05-09 09:37:13,2,0.1675,0.1675023,58.86,BTC-27SEP24-60000-C,60950.26,sell,0.1,0.1,,,,
707,300956113,2024-05-09 16:31:30,0,0.176,0.17693835,57.54,BTC-27SEP24-60000-C,62452.14,sell,0.1,0.1,,,,
708,300956571,2024-05-09 16:34:10,2,0.175,0.17621912,57.41,BTC-27SEP24-60000-C,62368.0,sell,0.1,0.1,,,,
709,300958123,2024-05-09 16:45:51,2,0.1745,0.1755603,57.51,BTC-27SEP24-60000-C,62265.87,sell,0.1,0.1,,,,
710,301087220,2024-05-10 17:18:12,2,0.1635,0.16461783,58.97,BTC-27SEP24-60000-C,60438.32,sell,0.1,0.1,,,,
711,301272068,2024-05-13 12:48:53,0,0.1798,0.18033944,59.25,BTC-27SEP24-60000-C,62752.35,buy,25.0,25.0,BTC-CS-27SEP24-60000_65000,140193,,
712,301283629,2024-05-13 14:25:24,0,0.183,0.18281227,59.66,BTC-27SEP24-60000-C,63066.57,buy,1.3,1.3,,,,
713,301324218,2024-05-13 23:29:09,2,0.1795,0.17937255,59.23,BTC-27SEP24-60000-C,62851.25,buy,0.4,0.4,,,,
714,301407577,2024-05-14 14:00:16,2,0.1715,0.17134031,59.54,BTC-27SEP24-60000-C,61648.05,sell,1.4,1.4,,,,
715,301441403,2024-05-14 18:26:52,2,0.1675,0.16826784,59.33,BTC-27SEP24-60000-C,61246.68,sell,1.0,1.0,,,,
716,301441404,2024-05-14 18:26:52,3,0.1675,0.16826784,59.33,BTC-27SEP24-60000-C,61246.68,sell,0.1,0.1,,,,
717,301459702,2024-05-15 00:39:26,0,0.171,0.17083073,59.83,BTC-27SEP24-60000-C,61513.29,sell,1.0,1.0,,,,
718,301537704,2024-05-15 12:49:38,0,0.195,0.19405564,62.68,BTC-27SEP24-60000-C,63816.98,sell,0.1,0.1,,,,
719,301537727,2024-05-15 12:49:44,1,0.195,0.19404443,62.7,BTC-27SEP24-60000-C,63816.37,sell,0.9,0.9,,,,
720,301537828,2024-05-15 12:49:54,1,0.195,0.19392546,62.76,BTC-27SEP24-60000-C,63798.22,sell,1.0,1.0,,,,
721,301605158,2024-05-15 17:32:06,0,0.2045,0.20460686,62.54,BTC-27SEP24-60000-C,65061.02,buy,0.1,0.1,,,,
722,302042681,2024-05-19 10:42:36,0,0.2275,0.22690549,64.41,BTC-27SEP24-60000-C,67553.97,sell,5.6,5.6,,,,
723,302042682,2024-05-19 10:42:36,1,0.2275,0.22690549,64.41,BTC-27SEP24-60000-C,67553.97,sell,0.2,0.2,,,,
724,302042683,2024-05-19 10:42:36,1,0.2275,0.22690549,64.41,BTC-27SEP24-60000-C,67553.97,sell,0.1,0.1,,,,
725,302042685,2024-05-19 10:42:36,1,0.2275,0.22690549,64.41,BTC-27SEP24-60000-C,67553.97,sell,4.1,4.1,,,,
726,302277694,2024-05-20 23:16:09,0,0.248,0.24708643,64.06,BTC-27SEP24-60000-C,70170.88,buy,0.1,0.1,,,,
727,302277695,2024-05-20 23:16:09,1,0.248,0.24708643,64.06,BTC-27SEP24-60000-C,70170.88,buy,1.0,1.0,,,,
728,302320753,2024-05-21 01:17:16,0,0.258,0.25796359,65.49,BTC-27SEP24-60000-C,71081.85,sell,0.1,0.1,,,,
729,302324992,2024-05-21 01:28:32,2,0.2565,0.25681576,65.39,BTC-27SEP24-60000-C,70869.69,sell,0.1,0.1,,,,
730,302325346,2024-05-21 01:30:01,3,0.2565,0.25687402,65.34,BTC-27SEP24-60000-C,70859.34,sell,0.1,0.1,,,,
731,302331346,2024-05-21 01:57:04,0,0.2585,0.25857908,65.27,BTC-27SEP24-60000-C,71156.2,sell,0.1,0.1,,,,
732,302341577,2024-05-21 03:15:18,2,0.257,0.25703477,64.3,BTC-27SEP24-60000-C,71268.98,sell,0.1,0.1,,,,
733,302352982,2024-05-21 04:59:00,2,0.253,0.25310811,63.67,BTC-27SEP24-60000-C,70898.18,sell,0.1,0.1,,,,
734,302353005,2024-05-21 04:59:16,3,0.253,0.25318005,63.63,BTC-27SEP24-60000-C,70899.9,sell,0.1,0.1,,,,
735,302353037,2024-05-21 04:59:40,3,0.253,0.25318486,63.62,BTC-27SEP24-60000-C,70895.25,sell,0.1,0.1,,,,
736,302353056,2024-05-21 04:59:49,3,0.253,0.25315022,63.64,BTC-27SEP24-60000-C,70889.93,sell,0.1,0.1,,,,
737,302353069,2024-05-21 05:00:02,3,0.253,0.2531109,63.66,BTC-27SEP24-60000-C,70887.39,sell,0.1,0.1,,,,
738,302354083,2024-05-21 05:07:50,3,0.253,0.25359307,63.37,BTC-27SEP24-60000-C,70958.67,buy,0.1,0.1,,,,
739,302354147,2024-05-21 05:08:18,0,0.2535,0.25371134,63.59,BTC-27SEP24-60000-C,70969.81,buy,0.1,0.1,,,,
740,302354177,2024-05-21 05:08:25,1,0.2535,0.25381236,63.55,BTC-27SEP24-60000-C,70979.58,buy,0.1,0.1,,,,
741,302354538,2024-05-21 05:11:52,1,0.2535,0.25373285,63.61,BTC-27SEP24-60000-C,70968.22,buy,0.1,0.1,,,,
742,302354559,2024-05-21 05:12:11,2,0.253,0.25373756,63.33,BTC-27SEP24-60000-C,70968.76,buy,0.1,0.1,,,,
743,302436788,2024-05-21 14:08:14,3,0.253,0.25305137,63.99,BTC-27SEP24-60000-C,70784.44,buy,0.4,0.4,,,,
744,302468995,2024-05-21 17:07:54,2,0.244,0.2447919,63.15,BTC-27SEP24-60000-C,69790.95,buy,2.8,2.8,,,,
745,302468996,2024-05-21 17:07:54,3,0.244,0.2447919,63.15,BTC-27SEP24-60000-C,69790.95,buy,7.0,7.0,,,,
746,302468997,2024-05-21 17:07:54,3,0.244,0.2447919,63.15,BTC-27SEP24-60000-C,69790.95,buy,0.2,0.2,,,,
747,302509461,2024-05-21 21:55:59,2,0.243,0.24350585,63.63,BTC-27SEP24-60000-C,69656.55,buy,1.0,1.0,,,,
748,302623201,2024-05-22 18:44:02,2,0.239,0.23815124,62.56,BTC-27SEP24-60000-C,69462.94,buy,1.0,1.0,,,,
749,302821936,2024-05-23 20:55:27,2,0.2255,0.22584601,62.59,BTC-27SEP24-60000-C,67721.37,buy,0.1,0.1,,,,
750,302822082,2024-05-23 20:55:35,3,0.2255,0.22614116,62.45,BTC-27SEP24-60000-C,67753.34,buy,1.0,1.0,,,,
751,302822718,2024-05-23 20:56:29,2,0.2245,0.22626202,61.86,BTC-27SEP24-60000-C,67768.03,buy,0.1,0.1,,,,
752,302822719,2024-05-23 20:56:33,0,0.225,0.22626014,62.13,BTC-27SEP24-60000-C,67765.74,buy,0.1,0.1,,,,
753,302822772,2024-05-23 20:56:38,0,0.2255,0.22634118,62.34,BTC-27SEP24-60000-C,67780.42,buy,0.1,0.1,,,,
754,302822781,2024-05-23 20:56:41,1,0.2255,0.22637111,62.32,BTC-27SEP24-60000-C,67780.65,buy,0.1,0.1,,,,
755,302870810,2024-05-24 01:41:19,2,0.223,0.22280134,61.36,BTC-27SEP24-60000-C,67675.23,sell,0.2,0.2,,,,
756,302988252,2024-05-24 19:02:44,0,0.2295,0.22877491,60.67,BTC-27SEP24-60000-C,68826.82,buy,0.9,0.9,,,,
757,302988597,2024-05-24 19:08:34,1,0.2295,0.22908618,60.55,BTC-27SEP24-60000-C,68848.27,buy,0.1,0.1,,,,
758,303038921,2024-05-25 15:40:28,0,0.23,0.23047065,61.07,BTC-27SEP24-60000-C,69087.34,sell,10.0,10.0,,,,
759,303038929,2024-05-25 15:40:39,1,0.23,0.23043278,61.08,BTC-27SEP24-60000-C,69084.84,sell,40.0,40.0,,,,
760,303144747,2024-05-27 11:01:22,2,0.226,0.22625419,60.58,BTC-27SEP24-60000-C,68519.59,buy,1.1,1.1,,,,
761,303144801,2024-05-27 11:01:33,3,0.226,0.22631781,60.57,BTC-27SEP24-60000-C,68521.37,buy,0.1,0.1,,,,
762,303144802,2024-05-27 11:01:34,3,0.226,0.22631781,60.57,BTC-27SEP24-60000-C,68521.37,buy,0.1,0.1,,,,
763,303144825,2024-05-27 11:01:51,3,0.226,0.22641152,60.52,BTC-27SEP24-60000-C,68535.22,buy,0.2,0.2,,,,
764,303144883,2024-05-27 11:02:22,3,0.226,0.22640607,60.53,BTC-27SEP24-60000-C,68541.8,buy,1.5,1.5,,,,
765,303156103,2024-05-27 13:07:53,0,0.2275,0.22771901,60.77,BTC-27SEP24-60000-C,68657.14,buy,0.7,0.7,,,,
766,303156114,2024-05-27 13:07:59,1,0.2275,0.22784681,60.77,BTC-27SEP24-60000-C,68656.55,buy,0.1,0.1,,,,
767,303156170,2024-05-27 13:08:13,1,0.2275,0.22787696,60.76,BTC-27SEP24-60000-C,68655.64,buy,2.0,2.0,,,,
768,303156171,2024-05-27 13:08:13,1,0.2275,0.22787696,60.76,BTC-27SEP24-60000-C,68655.64,buy,0.2,0.2,,,,
769,303156757,2024-05-27 13:11:30,0,0.228,0.22842341,60.74,BTC-27SEP24-60000-C,68733.49,buy,3.0,3.0,,,,
770,303181679,2024-05-27 15:36:07,0,0.24,0.24010073,61.34,BTC-27SEP24-60000-C,70088.11,buy,1.0,1.0,,,,
771,303338436,2024-05-28 14:07:58,2,0.2245,0.22267781,62.98,BTC-27SEP24-60000-C,67774.31,buy,0.1,0.1,,,,
772,303471404,2024-05-29 16:02:12,2,0.2155,0.21545437,60.56,BTC-27SEP24-60000-C,67270.69,sell,1.0,1.0,,,,
773,303687267,2024-05-31 11:22:54,0,0.2175,0.21744576,58.6,BTC-27SEP24-60000-C,68330.12,sell,1.0,1.0,,,,
774,303687785,2024-05-31 11:26:13,1,0.2175,0.21746827,58.58,BTC-27SEP24-60000-C,68338.21,sell,1.0,1.0,,,,
775,303687786,2024-05-31 11:26:13,1,0.2175,0.21746827,58.58,BTC-27SEP24-60000-C,68338.21,sell,0.3,0.3,,,,
776,303687788,2024-05-31 11:26:19,1,0.2175,0.21745649,58.59,BTC-27SEP24-60000-C,68335.94,sell,0.7,0.7,,,,
777,303688513,2024-05-31 11:36:28,0,0.218,0.2180291,58.48,BTC-27SEP24-60000-C,68404.77,sell,0.1,0.1,,,,
778,303688531,2024-05-31 11:36:29,1,0.218,0.2180291,58.48,BTC-27SEP24-60000-C,68401.52,sell,0.4,0.4,,,,
779,303694641,2024-05-31 12:24:46,0,0.22,0.21994502,58.79,BTC-27SEP24-60000-C,68513.71,sell,0.5,0.5,,,,
780,303694999,2024-05-31 12:26:56,1,0.22,0.22007546,58.78,BTC-27SEP24-60000-C,68517.97,sell,0.5,0.5,,,,
781,303698540,2024-05-31 12:31:57,0,0.222,0.22182097,59.03,BTC-27SEP24-60000-C,68728.93,buy,0.1,0.1,,,,
782,303701080,2024-05-31 12:40:48,0,0.223,0.22319796,59.21,BTC-27SEP24-60000-C,68818.26,sell,0.5,0.5,,,,
783,303709024,2024-05-31 13:34:15,2,0.218,0.21800481,58.91,BTC-27SEP24-60000-C,68211.04,sell,0.1,0.1,,,,
784,303709027,2024-05-31 13:34:16,3,0.218,0.21814095,58.91,BTC-27SEP24-60000-C,68211.04,sell,0.1,0.1,,,,
785,303709028,2024-05-31 13:34:16,3,0.218,0.21814095,58.91,BTC-27SEP24-60000-C,68211.04,sell,0.1,0.1,,,,
786,303709115,2024-05-31 13:34:33,3,0.218,0.2183204,58.92,BTC-27SEP24-60000-C,68206.73,sell,0.1,0.1,,,,
787,303709116,2024-05-31 13:34:33,3,0.218,0.2183204,58.92,BTC-27SEP24-60000-C,68206.73,sell,0.1,0.1,,,,
788,303713646,2024-05-31 13:57:14,2,0.217,0.21749082,58.99,BTC-27SEP24-60000-C,68043.34,sell,1.0,1.0,,,,
789,303714836,2024-05-31 14:01:02,2,0.2165,0.21643502,59.24,BTC-27SEP24-60000-C,67913.6,sell,1.0,1.0,,,,
790,303715316,2024-05-31 14:01:52,2,0.216,0.21624356,59.11,BTC-27SEP24-60000-C,67877.05,sell,1.0,1.0,,,,
791,303716828,2024-05-31 14:04:32,2,0.2155,0.21572253,59.11,BTC-27SEP24-60000-C,67805.24,sell,0.1,0.1,,,,
792,303716829,2024-05-31 14:04:32,3,0.2155,0.21572253,59.11,BTC-27SEP24-60000-C,67805.24,sell,0.1,0.1,,,,
793,303717333,2024-05-31 14:06:57,0,0.216,0.21620147,59.16,BTC-27SEP24-60000-C,67867.31,sell,0.3,0.3,,,,
794,303717337,2024-05-31 14:07:01,1,0.216,0.2160796,59.17,BTC-27SEP24-60000-C,67867.49,sell,0.5,0.5,,,,
795,303724086,2024-05-31 14:38:05,2,0.215,0.21495546,59.37,BTC-27SEP24-60000-C,67657.71,sell,0.5,0.5,,,,
796,303724814,2024-05-31 14:39:12,2,0.214,0.21380164,59.52,BTC-27SEP24-60000-C,67514.44,sell,0.1,0.1,,,,
797,303724817,2024-05-31 14:39:13,3,0.214,0.21373606,59.52,BTC-27SEP24-60000-C,67514.44,sell,0.1,0.1,,,,
798,303724819,2024-05-31 14:39:13,3,0.214,0.21373606,59.59,BTC-27SEP24-60000-C,67509.74,sell,0.1,0.1,,,,
799,303724821,2024-05-31 14:39:14,3,0.214,0.21373606,59.59,BTC-27SEP24-60000-C,67509.74,sell,0.1,0.1,,,,
800,303724907,2024-05-31 14:39:22,3,0.214,0.21351588,59.68,BTC-27SEP24-60000-C,67493.33,sell,0.4,0.4,,,,
801,303724952,2024-05-31 14:39:27,3,0.214,0.21344228,59.65,BTC-27SEP24-60000-C,67493.2,sell,1.2,1.2,,,,
802,303727399,2024-05-31 14:43:53,2,0.2125,0.21217063,59.65,BTC-27SEP24-60000-C,67320.46,sell,0.1,0.1,,,,
803,303928935,2024-06-03 10:28:27,0,0.228,0.2278511,60.12,BTC-27SEP24-60000-C,69127.76,buy,0.1,0.1,,,,
804,304023264,2024-06-03 22:00:48,2,0.225,0.22531299,59.59,BTC-27SEP24-60000-C,69050.93,buy,0.1,0.1,,,,
805,304023467,2024-06-03 22:02:29,2,0.2245,0.2247854,59.61,BTC-27SEP24-60000-C,68982.14,buy,0.1,0.1,,,,
806,304023474,2024-06-03 22:02:31,3,0.2245,0.22476101,59.61,BTC-27SEP24-60000-C,68982.65,buy,1.3,1.3,,,,
807,304033809,2024-06-04 01:02:11,2,0.2235,0.22352457,59.2,BTC-27SEP24-60000-C,68953.66,sell,0.5,0.5,,,,
808,304034003,2024-06-04 01:05:15,3,0.2235,0.22349168,59.2,BTC-27SEP24-60000-C,68940.43,sell,0.5,0.5,,,,
809,304034245,2024-06-04 01:10:47,0,0.2245,0.22453993,59.16,BTC-27SEP24-60000-C,69073.67,sell,0.5,0.5,,,,
810,304034627,2024-06-04 01:12:57,1,0.2245,0.22454007,59.2,BTC-27SEP24-60000-C,69077.58,sell,0.2,0.2,,,,
811,304034629,2024-06-04 01:13:03,1,0.2245,0.22454966,59.2,BTC-27SEP24-60000-C,69075.91,sell,0.1,0.1,,,,
812,304034630,2024-06-04 01:13:03,1,0.2245,0.22454966,59.2,BTC-27SEP24-60000-C,69075.91,sell,0.1,0.1,,,,
813,304034631,2024-06-04 01:13:03,1,0.2245,0.22454966,59.2,BTC-27SEP24-60000-C,69075.91,sell,0.1,0.1,,,,
814,304034746,2024-06-04 01:15:31,2,0.224,0.2240278,59.15,BTC-27SEP24-60000-C,69035.09,sell,0.5,0.5,,,,
815,304034797,2024-06-04 01:17:13,3,0.224,0.22407421,59.15,BTC-27SEP24-60000-C,69025.19,sell,0.5,0.5,,,,
816,304034922,2024-06-04 01:20:50,3,0.224,0.22396866,59.19,BTC-27SEP24-60000-C,69020.13,sell,0.5,0.5,,,,
817,304035530,2024-06-04 01:35:24,0,0.2245,0.22453214,59.08,BTC-27SEP24-60000-C,69108.47,sell,0.1,0.1,,,,
818,304035531,2024-06-04 01:35:25,1,0.2245,0.22452427,59.08,BTC-27SEP24-60000-C,69105.8,sell,0.1,0.1,,,,
819,304035533,2024-06-04 01:35:25,1,0.2245,0.22449822,59.1,BTC-27SEP24-60000-C,69105.0,sell,0.1,0.1,,,,
820,304035738,2024-06-04 01:47:54,2,0.224,0.22414176,59.02,BTC-27SEP24-60000-C,69057.75,sell,0.5,0.5,,,,
821,304035850,2024-06-04 01:51:37,0,0.2245,0.22441806,59.2,BTC-27SEP24-60000-C,69088.0,sell,0.5,0.5,,,,
822,304035862,2024-06-04 01:53:08,1,0.2245,0.22443662,59.2,BTC-27SEP24-60000-C,69092.75,sell,0.2,0.2,,,,
823,304046535,2024-06-04 06:39:47,2,0.2222,0.22255564,58.33,BTC-27SEP24-60000-C,68991.57,sell,0.9,0.9,,143326,,
824,304063602,2024-06-04 12:37:46,2,0.2215,0.2214581,58.49,BTC-27SEP24-60000-C,69011.6,sell,0.1,0.1,,,,
825,304095206,2024-06-04 15:29:47,0,0.2295,0.22954841,58.54,BTC-27SEP24-60000-C,69998.56,buy,6.5,6.5,,,,
826,304129215,2024-06-04 17:50:29,0,0.236,0.23599067,59.65,BTC-27SEP24-60000-C,70591.46,buy,0.5,0.5,,,,
827,304129216,2024-06-04 17:50:29,1,0.236,0.23599067,59.65,BTC-27SEP24-60000-C,70591.46,buy,1.5,1.5,,,,
828,304258806,2024-06-05 15:36:38,0,0.2445,0.24482117,59.78,BTC-27SEP24-60000-C,71648.57,sell,1.6,1.6,,,,
829,304436364,2024-06-07 09:01:00,2,0.236,0.2359742,58.08,BTC-27SEP24-60000-C,71079.31,buy,3.3,3.3,,,,
830,304436575,2024-06-07 09:04:22,2,0.2355,0.23556415,58.03,BTC-27SEP24-60000-C,71011.85,buy,3.6,3.6,,,,
831,304436578,2024-06-07 09:04:25,3,0.2355,0.23555401,58.03,BTC-27SEP24-60000-C,71011.72,buy,2.1,2.1,,,,
832,304587404,2024-06-08 06:34:17,2,0.219,0.22025596,56.6,BTC-27SEP24-60000-C,69351.51,buy,1.0,1.0,,,,
833,304607014,2024-06-08 19:38:33,0,0.22,0.22046996,57.12,BTC-27SEP24-60000-C,69446.18,buy,1.0,1.0,,,,
834,304777585,2024-06-11 01:52:58,2,0.215,0.21593126,56.76,BTC-27SEP24-60000-C,69184.43,sell,0.4,0.4,,,,
835,304777987,2024-06-11 01:53:00,2,0.2145,0.21543194,57.02,BTC-27SEP24-60000-C,69107.44,sell,0.4,0.4,,,,
836,304778239,2024-06-11 01:53:01,3,0.2145,0.21519095,57.02,BTC-27SEP24-60000-C,69046.58,sell,0.4,0.4,,,,
837,304941283,2024-06-11 16:22:59,2,0.1895,0.19019833,56.55,BTC-27SEP24-60000-C,66482.16,sell,0.2,0.2,,,,
838,304941285,2024-06-11 16:22:59,3,0.1895,0.19019833,56.55,BTC-27SEP24-60000-C,66482.16,sell,0.1,0.1,,,,
839,305005620,2024-06-12 09:55:19,0,0.2025,0.20241432,57.8,BTC-27SEP24-60000-C,67724.36,buy,0.5,0.5,,,,
840,305062107,2024-06-12 14:26:29,0,0.223,0.22260744,59.45,BTC-27SEP24-60000-C,69854.65,sell,1.7,1.7,,,,
841,305062108,2024-06-12 14:26:29,1,0.223,0.22260744,59.45,BTC-27SEP24-60000-C,69854.65,sell,2.6,2.6,,,,
842,305062109,2024-06-12 14:26:29,1,0.223,0.22260744,59.45,BTC-27SEP24-60000-C,69854.65,sell,1.4,1.4,,,,
843,305062110,2024-06-12 14:26:29,1,0.223,0.22260744,59.45,BTC-27SEP24-60000-C,69854.65,sell,0.3,0.3,,,,
844,305062112,2024-06-12 14:26:29,1,0.223,0.2226091,59.45,BTC-27SEP24-60000-C,69854.65,sell,0.9,0.9,,,,
845,305062113,2024-06-12 14:26:29,1,0.223,0.2226091,59.45,BTC-27SEP24-60000-C,69854.65,sell,0.1,0.1,,,,
846,305062179,2024-06-12 14:26:49,1,0.223,0.22289426,59.35,BTC-27SEP24-60000-C,69872.84,sell,1.9,1.9,,,,
847,305062180,2024-06-12 14:26:49,1,0.223,0.22289426,59.35,BTC-27SEP24-60000-C,69872.84,sell,0.4,0.4,,,,
848,305062181,2024-06-12 14:26:49,1,0.223,0.22289426,59.35,BTC-27SEP24-60000-C,69872.84,sell,0.3,0.3,,,,
849,305062220,2024-06-12 14:26:51,1,0.223,0.22289936,59.35,BTC-27SEP24-60000-C,69872.62,sell,10.4,10.4,,,,
850,305269258,2024-06-13 17:51:38,2,0.1902,0.18999722,55.67,BTC-27SEP24-60000-C,66828.98,buy,60.0,60.0,BTC-CLAD-27SEP24-60000_70000_90000,144551,,
851,305320254,2024-06-14 11:39:20,0,0.1907,0.19002133,55.64,BTC-27SEP24-60000-C,66975.9,sell,100.0,100.0,,144632,,
852,305324390,2024-06-14 12:33:31,0,0.191,0.190377,55.36,BTC-27SEP24-60000-C,67088.7,sell,3.7,3.7,,,,
853,305333198,2024-06-14 14:03:13,2,0.1905,0.19044397,55.5,BTC-27SEP24-60000-C,66971.9,sell,0.3,0.3,,,,
854,305333372,2024-06-14 14:05:00,2,0.19,0.19007599,55.42,BTC-27SEP24-60000-C,66935.3,sell,0.3,0.3,,,,
855,305333451,2024-06-14 14:05:49,3,0.19,0.19012025,55.37,BTC-27SEP24-60000-C,66950.79,sell,0.3,0.3,,,,
856,305333549,2024-06-14 14:07:14,0,0.1905,0.19042466,55.4,BTC-27SEP24-60000-C,67020.9,sell,0.1,0.1,,,,
857,305333551,2024-06-14 14:07:16,1,0.1905,0.19060463,55.36,BTC-27SEP24-60000-C,67022.54,sell,0.1,0.1,,,,
858,305333552,2024-06-14 14:07:19,1,0.1905,0.19061625,55.35,BTC-27SEP24-60000-C,67021.89,sell,0.1,0.1,,,,
859,305333644,2024-06-14 14:09:06,1,0.1905,0.19053926,55.39,BTC-27SEP24-60000-C,67009.01,sell,0.3,0.3,,,,
860,305333696,2024-06-14 14:09:42,2,0.19,0.19012493,55.33,BTC-27SEP24-60000-C,66967.19,sell,0.3,0.3,,,,
861,305333759,2024-06-14 14:10:28,3,0.19,0.19003933,55.36,BTC-27SEP24-60000-C,66968.18,sell,0.1,0.1,,,,
862,305333764,2024-06-14 14:10:35,3,0.19,0.19000627,55.38,BTC-27SEP24-60000-C,66966.42,sell,0.1,0.1,,,,
863,305333766,2024-06-14 14:10:35,3,0.19,0.19000627,55.38,BTC-27SEP24-60000-C,66966.42,sell,0.1,0.1,,,,
864,305333910,2024-06-14 14:11:40,3,0.19,0.18995833,55.38,BTC-27SEP24-60000-C,66963.16,sell,0.3,0.3,,,,
865,305334423,2024-06-14 14:17:15,3,0.19,0.19014296,55.32,BTC-27SEP24-60000-C,66974.43,sell,0.1,0.1,,,,
866,305335320,2024-06-14 14:22:42,2,0.1885,0.18855293,55.32,BTC-27SEP24-60000-C,66794.82,sell,0.2,0.2,,,,
867,305335889,2024-06-14 14:26:13,2,0.188,0.18810608,55.24,BTC-27SEP24-60000-C,66748.33,sell,0.3,0.3,,,,
868,305394959,2024-06-14 21:35:32,2,0.1815,0.180917,54.63,BTC-27SEP24-60000-C,66189.41,buy,1.0,1.0,,,,
869,305416635,2024-06-15 07:50:18,0,0.1825,0.18218505,55.87,BTC-27SEP24-60000-C,66034.92,sell,1.5,1.5,,,,
870,305587970,2024-06-17 20:22:43,0,0.184,0.18404269,55.1,BTC-27SEP24-60000-C,66509.08,buy,0.1,0.1,,,,
871,305694064,2024-06-18 13:49:19,2,0.1655,0.16608141,54.48,BTC-27SEP24-60000-C,64848.72,sell,0.1,0.1,,,,
872,305694065,2024-06-18 13:49:20,3,0.1655,0.16608141,54.48,BTC-27SEP24-60000-C,64848.72,sell,0.1,0.1,,,,
873,305694075,2024-06-18 13:49:22,3,0.1655,0.16599907,54.52,BTC-27SEP24-60000-C,64840.4,sell,0.1,0.1,,,,
874,305694092,2024-06-18 13:49:30,3,0.1655,0.16592229,54.54,BTC-27SEP24-60000-C,64837.94,sell,0.1,0.1,,,,
875,305694094,2024-06-18 13:49:30,3,0.1655,0.16592229,54.54,BTC-27SEP24-60000-C,64837.94,sell,0.1,0.1,,,,
876,305694096,2024-06-18 13:49:31,3,0.1655,0.16592208,54.55,BTC-27SEP24-60000-C,64829.0,sell,0.5,0.5,,,,
877,305726047,2024-06-18 15:12:30,2,0.1625,0.16292154,54.88,BTC-27SEP24-60000-C,64478.87,sell,1.0,1.0,,,,
878,305727096,2024-06-18 15:16:49,2,0.162,0.16235233,54.96,BTC-27SEP24-60000-C,64410.39,sell,0.1,0.1,,,,
879,305740463,2024-06-18 17:12:23,0,0.166,0.16578488,55.25,BTC-27SEP24-60000-C,64817.53,sell,0.1,0.1,,,,
880,305741258,2024-06-18 17:21:24,2,0.165,0.16492662,55.18,BTC-27SEP24-60000-C,64712.75,buy,0.1,0.1,,,,
881,305767814,2024-06-18 20:23:35,2,0.163,0.16252129,55.31,BTC-27SEP24-60000-C,64505.05,sell,0.1,0.1,,,,
882,305768835,2024-06-18 20:39:37,2,0.1625,0.16183942,55.29,BTC-27SEP24-60000-C,64465.22,sell,0.1,0.1,,,,
883,305840694,2024-06-19 10:19:49,0,0.1715,0.17120621,56.2,BTC-27SEP24-60000-C,65197.13,sell,0.1,0.1,,,,
884,306057765,2024-06-21 11:28:02,2,0.1555,0.1554938,54.54,BTC-27SEP24-60000-C,63946.93,sell,1.0,1.0,,,,
885,306081885,2024-06-21 14:34:47,0,0.1575,0.15769195,54.66,BTC-27SEP24-60000-C,64120.73,sell,1.0,1.0,,,,
886,306096471,2024-06-21 16:23:08,2,0.1545,0.15422558,54.98,BTC-27SEP24-60000-C,63733.6,buy,0.7,0.7,,,,
887,306101782,2024-06-21 17:55:44,3,0.1545,0.15428597,54.99,BTC-27SEP24-60000-C,63725.84,sell,0.2,0.2,,,,
888,306101783,2024-06-21 17:55:44,3,0.1545,0.15428597,54.99,BTC-27SEP24-60000-C,63725.84,sell,0.1,0.1,,,,
889,306101787,2024-06-21 17:55:45,3,0.1545,0.15428597,54.99,BTC-27SEP24-60000-C,63725.5,sell,0.2,0.2,,,,
890,306101789,2024-06-21 17:55:46,3,0.1545,0.15428971,54.99,BTC-27SEP24-60000-C,63725.5,sell,0.1,0.1,,,,
891,306101794,2024-06-21 17:55:46,3,0.1545,0.15428971,54.99,BTC-27SEP24-60000-C,63721.62,sell,0.2,0.2,,,,
892,306101795,2024-06-21 17:55:46,3,0.1545,0.15428971,54.99,BTC-27SEP24-60000-C,63721.62,sell,0.1,0.1,,,,
893,306101796,2024-06-21 17:55:48,3,0.1545,0.15421416,55.02,BTC-27SEP24-60000-C,63716.66,sell,0.1,0.1,,,,
894,306101797,2024-06-21 17:55:49,3,0.1545,0.15422444,55.02,BTC-27SEP24-60000-C,63717.0,sell,0.1,0.1,,,,
895,306101800,2024-06-21 17:55:50,3,0.1545,0.1542272,55.02,BTC-27SEP24-60000-C,63715.58,sell,0.1,0.1,,,,
896,306101802,2024-06-21 17:55:50,3,0.1545,0.1542272,55.02,BTC-27SEP24-60000-C,63715.58,sell,0.1,0.1,,,,
897,306101811,2024-06-21 17:55:51,3,0.1545,0.15421866,55.04,BTC-27SEP24-60000-C,63712.7,sell,0.1,0.1,,,,
898,306101812,2024-06-21 17:55:54,3,0.1545,0.15418939,55.06,BTC-27SEP24-60000-C,63708.35,sell,0.2,0.2,,,,
899,306101831,2024-06-21 17:56:05,3,0.1545,0.15433472,54.99,BTC-27SEP24-60000-C,63718.13,sell,0.1,0.1,,,,
900,306101832,2024-06-21 17:56:05,3,0.1545,0.15433472,54.99,BTC-27SEP24-60000-C,63718.13,sell,0.2,0.2,,,,
901,306101833,2024-06-21 17:56:07,3,0.1545,0.15432003,55.0,BTC-27SEP24-60000-C,63714.62,sell,0.2,0.2,,,,
902,306101836,2024-06-21 17:56:07,3,0.1545,0.15429867,55.02,BTC-27SEP24-60000-C,63715.83,sell,0.1,0.1,,,,
903,306101837,2024-06-21 17:56:10,3,0.1545,0.15428001,55.04,BTC-27SEP24-60000-C,63710.77,sell,0.1,0.1,,,,
904,306101838,2024-06-21 17:56:11,3,0.1545,0.15424167,55.04,BTC-27SEP24-60000-C,63709.55,sell,0.1,0.1,,,,
905,306101839,2024-06-21 17:56:11,3,0.1545,0.15424167,55.04,BTC-27SEP24-60000-C,63709.55,sell,0.1,0.1,,,,
906,306101841,2024-06-21 17:56:11,3,0.1545,0.15424218,55.04,BTC-27SEP24-60000-C,63709.21,sell,0.2,0.2,,,,
907,306101845,2024-06-21 17:56:59,3,0.1545,0.15436495,55.02,BTC-27SEP24-60000-C,63710.43,sell,0.1,0.1,,,,
908,306101846,2024-06-21 17:57:02,3,0.1545,0.15436935,55.02,BTC-27SEP24-60000-C,63710.43,sell,0.1,0.1,,,,
909,306101847,2024-06-21 17:57:02,3,0.1545,0.15436935,55.02,BTC-27SEP24-60000-C,63710.43,sell,0.1,0.1,,,,
910,306101848,2024-06-21 17:57:02,3,0.1545,0.15436935,55.02,BTC-27SEP24-60000-C,63710.43,sell,0.1,0.1,,,,
911,306101849,2024-06-21 17:57:02,3,0.1545,0.15436935,55.02,BTC-27SEP24-60000-C,63710.43,sell,0.1,0.1,,,,
912,306101850,2024-06-21 17:57:02,3,0.1545,0.15436935,55.02,BTC-27SEP24-60000-C,63710.43,sell,0.1,0.1,,,,
913,306101854,2024-06-21 17:57:02,3,0.1545,0.15436935,55.02,BTC-27SEP24-60000-C,63710.43,sell,0.1,0.1,,,,
914,306101856,2024-06-21 17:57:02,3,0.1545,0.15437111,55.02,BTC-27SEP24-60000-C,63706.0,sell,0.2,0.2,,,,
915,306101859,2024-06-21 17:57:02,3,0.1545,0.15437111,55.02,BTC-27SEP24-60000-C,63706.0,sell,0.1,0.1,,,,
916,306101863,2024-06-21 17:57:04,3,0.1545,0.15437105,55.04,BTC-27SEP24-60000-C,63692.89,sell,0.1,0.1,,,,
917,306101864,2024-06-21 17:57:06,3,0.1545,0.15423638,55.11,BTC-27SEP24-60000-C,63690.0,sell,0.1,0.1,,,,
918,306101869,2024-06-21 17:57:10,3,0.1545,0.15423649,55.1,BTC-27SEP24-60000-C,63689.5,sell,13.1,13.1,,,,
919,306268093,2024-06-24 11:07:11,2,0.13,0.13035998,54.15,BTC-27SEP24-60000-C,61128.47,sell,0.1,0.1,,,,
920,306284167,2024-06-24 13:02:31,0,0.1305,0.13070622,54.27,BTC-27SEP24-60000-C,61105.05,sell,0.5,0.5,,,,
921,306287080,2024-06-24 13:27:19,0,0.1309,0.13122129,54.16,BTC-27SEP24-60000-C,61173.38,sell,15.0,15.0,BTC-STRD-27SEP24-60000,145607,,
922,306307493,2024-06-24 16:01:28,2,0.128,0.12834045,54.49,BTC-27SEP24-60000-C,60763.65,buy,0.1,0.1,,,,
923,306307809,2024-06-24 16:03:06,0,0.129,0.1287911,54.82,BTC-27SEP24-60000-C,60800.8,sell,0.1,0.1,,,,
924,306309202,2024-06-24 16:06:56,2,0.1275,0.12752911,54.68,BTC-27SEP24-60000-C,60643.84,buy,0.1,0.1,,,,
925,306370122,2024-06-24 20:30:15,2,0.115,0.11622567,55.97,BTC-27SEP24-60000-C,58604.82,sell,0.1,0.1,,,,
926,306385430,2024-06-24 21:57:58,0,0.1285,0.12723042,57.5,BTC-27SEP24-60000-C,60006.4,buy,8.0,8.0,,,,
927,306385434,2024-06-24 21:57:58,1,0.1285,0.12723042,57.5,BTC-27SEP24-60000-C,60006.4,buy,7.0,7.0,,,,
928,306449206,2024-06-25 10:34:29,0,0.133,0.13215239,55.21,BTC-27SEP24-60000-C,61232.63,buy,0.1,0.1,,,,
929,306456366,2024-06-25 12:08:15,2,0.1295,0.12974492,54.31,BTC-27SEP24-60000-C,60976.73,sell,0.1,0.1,,,,
930,306477685,2024-06-25 15:05:56,0,0.135,0.13530122,54.58,BTC-27SEP24-60000-C,61616.2,sell,0.1,0.1,,,,
931,306562368,2024-06-26 10:28:59,2,0.1295,0.12933092,53.9,BTC-27SEP24-60000-C,61230.21,buy,0.1,0.1,,,,
932,306580894,2024-06-26 14:00:56,0,0.1335,0.13324091,54.05,BTC-27SEP24-60000-C,61731.72,sell,0.1,0.1,,,,
933,306585300,2024-06-26 14:38:57,2,0.1315,0.13131703,53.81,BTC-27SEP24-60000-C,61580.92,buy,0.1,0.1,,,,
934,306587523,2024-06-26 15:09:12,3,0.1315,0.13129772,53.8,BTC-27SEP24-60000-C,61578.49,sell,0.1,0.1,,,,
