trade_seq,trade_id,timestamp,tick_direction,price,mark_price,iv,instrument_name,index_price,direction,contracts,amount,block_trade_id,combo_id,liquidation,combo_trade_id
1,259028628,2023-06-23 07:08:32,1,0.1245,0.12834338,53.28,BTC-28JUN24-40000-C,29986.66,sell,,0.1,,,,
2,259153924,2023-06-23 17:32:33,0,0.1375,0.14100697,53.87,BTC-28JUN24-40000-C,31103.43,sell,,1.5,,,,
3,259160808,2023-06-23 18:13:10,0,0.145,0.14305417,55.61,BTC-28JUN24-40000-C,31148.68,sell,,0.1,,,,
4,259218777,2023-06-24 07:17:51,2,0.1305,0.13109071,53.23,BTC-28JUN24-40000-C,30670.81,sell,,0.5,,,,
5,259269323,2023-06-25 03:24:33,3,0.1305,0.13389777,53.15,BTC-28JUN24-40000-C,30687.39,sell,,0.1,,,,
6,259308653,2023-06-25 16:52:57,3,0.1305,0.13278455,53.26,BTC-28JUN24-40000-C,30584.76,sell,,0.1,,,,
7,259323441,2023-06-25 23:01:59,3,0.1305,0.13385537,53.49,BTC-28JUN24-40000-C,30483.39,sell,,0.3,,,,
8,259454066,2023-06-27 02:26:20,2,0.126,0.12997206,52.69,BTC-28JUN24-40000-C,30406.17,sell,,0.1,,,,
9,259513602,2023-06-27 14:45:18,0,0.1305,0.13302003,52.89,BTC-28JUN24-40000-C,30761.26,buy,,1.4,,,,
10,259613459,2023-06-28 15:01:34,2,0.13,0.12937887,53.9,BTC-28JUN24-40000-C,30296.98,sell,,0.1,,,,
11,259622644,2023-06-28 16:35:02,0,0.1305,0.12974247,53.94,BTC-28JUN24-40000-C,30346.67,sell,,0.1,,,,
12,259623883,2023-06-28 16:57:50,2,0.13,0.12922753,53.94,BTC-28JUN24-40000-C,30297.08,sell,,0.1,,,,
13,259624186,2023-06-28 17:01:45,2,0.1295,0.12908297,53.87,BTC-28JUN24-40000-C,30273.34,sell,,0.1,,,,
14,259624801,2023-06-28 17:06:51,2,0.129,0.12867216,53.9,BTC-28JUN24-40000-C,30196.47,sell,,0.1,,,,
15,259626632,2023-06-28 17:15:28,2,0.1285,0.12769151,54.14,BTC-28JUN24-40000-C,30086.03,sell,,0.1,,,,
16,259632607,2023-06-28 19:30:03,3,0.1285,0.12932243,54.19,BTC-28JUN24-40000-C,30031.32,sell,,0.1,,,,
17,259632920,2023-06-28 19:30:15,2,0.128,0.12931377,54.14,BTC-28JUN24-40000-C,30002.76,sell,,0.1,,,,
18,259633871,2023-06-28 19:30:42,2,0.1275,0.12862657,54.15,BTC-28JUN24-40000-C,29928.1,sell,,0.1,,,,
19,259653383,2023-06-29 00:38:23,0,0.1285,0.12860727,54.11,BTC-28JUN24-40000-C,30095.68,sell,,0.1,,,,
20,259653411,2023-06-29 00:38:37,2,0.128,0.12853211,54.01,BTC-28JUN24-40000-C,30086.56,sell,,0.7,,,,
21,259666769,2023-06-29 06:29:55,2,0.127,0.12828519,53.55,BTC-28JUN24-40000-C,30208.32,sell,,0.1,,,,
22,259668701,2023-06-29 07:05:54,3,0.127,0.12738676,53.52,BTC-28JUN24-40000-C,30226.98,sell,,5.0,,,,
23,259723361,2023-06-29 16:46:05,0,0.1275,0.12810689,52.94,BTC-28JUN24-40000-C,30500.66,sell,,0.1,,,,
24,259745775,2023-06-29 20:37:54,2,0.1265,0.12573731,53.12,BTC-28JUN24-40000-C,30332.16,sell,,0.1,,,,
25,259745784,2023-06-29 20:38:03,2,0.126,0.12571686,52.99,BTC-28JUN24-40000-C,30331.29,sell,,0.1,,,,
26,259746731,2023-06-29 20:50:18,2,0.1255,0.12541492,52.71,BTC-28JUN24-40000-C,30368.09,sell,,0.1,,,,
27,259755648,2023-06-30 00:29:08,2,0.1245,0.12791378,52.17,BTC-28JUN24-40000-C,30501.35,sell,,0.1,,,,
28,259907331,2023-06-30 13:48:05,2,0.123,0.12063857,53.46,BTC-28JUN24-40000-C,29519.32,sell,,4.4,,,,
29,259909376,2023-06-30 13:48:33,3,0.123,0.12228869,53.09,BTC-28JUN24-40000-C,29753.61,sell,,5.0,,,,
30,259916345,2023-06-30 13:57:05,0,0.125,0.12291696,53.5,BTC-28JUN24-40000-C,29848.11,sell,,10.0,,,,
31,259986440,2023-06-30 23:06:43,2,0.1245,0.12740518,51.99,BTC-28JUN24-40000-C,30463.46,buy,,0.1,,,,
32,260004567,2023-07-01 10:19:46,0,0.13,0.12836907,53.32,BTC-28JUN24-40000-C,30435.05,buy,,0.1,,,,
33,260015066,2023-07-01 17:15:40,2,0.125,0.12916082,51.62,BTC-28JUN24-40000-C,30579.61,sell,,0.7,,,,
34,260015067,2023-07-01 17:15:40,3,0.125,0.12916082,51.62,BTC-28JUN24-40000-C,30579.61,sell,,1.5,,,,
35,260054370,2023-07-02 20:12:05,0,0.1265,0.12831297,52.21,BTC-28JUN24-40000-C,30550.69,buy,,0.1,,,,
36,260082898,2023-07-03 06:56:36,0,0.129,0.12866518,52.6,BTC-28JUN24-40000-C,30654.86,buy,,0.1,,,,
37,260089972,2023-07-03 09:21:47,0,0.1315,0.13124106,53.13,BTC-28JUN24-40000-C,30666.6,sell,,0.1,,,,
38,260138892,2023-07-03 19:04:42,0,0.138,0.13862485,53.19,BTC-28JUN24-40000-C,31238.09,buy,,0.1,,,,
39,260139616,2023-07-03 19:12:00,0,0.1385,0.13780047,53.61,BTC-28JUN24-40000-C,31142.32,sell,,0.2,,,,
40,260271616,2023-07-05 13:37:44,2,0.129,0.12904596,53.63,BTC-28JUN24-40000-C,30260.4,buy,,4.0,,,,
41,260297898,2023-07-05 22:08:28,0,0.1349,0.13203462,54.52,BTC-28JUN24-40000-C,30475.09,buy,,25.0,83571,BTC-CS-28JUN24-40000_50000,,
42,260335410,2023-07-06 08:53:59,0,0.1375,0.14132764,53.08,BTC-28JUN24-40000-C,31268.6,sell,,1.7,,,,
43,260381527,2023-07-06 13:39:47,2,0.135,0.13619498,54.33,BTC-28JUN24-40000-C,30560.56,buy,,2.0,,,,
44,260482689,2023-07-07 08:01:47,2,0.131,0.13026942,55.0,BTC-28JUN24-40000-C,29996.23,buy,,4.0,,,,
45,260529484,2023-07-07 21:35:07,2,0.129,0.13385548,53.65,BTC-28JUN24-40000-C,30310.2,buy,,0.2,,,,
46,260547740,2023-07-08 11:32:26,0,0.135,0.13609787,55.43,BTC-28JUN24-40000-C,30213.16,sell,,0.1,,,,
47,260556009,2023-07-08 18:48:11,1,0.135,0.13390925,55.4,BTC-28JUN24-40000-C,30210.38,sell,,0.1,,,,
48,260604017,2023-07-10 06:51:27,2,0.131,0.13255581,54.87,BTC-28JUN24-40000-C,30092.13,sell,,0.1,,,,
49,260657503,2023-07-10 21:42:40,0,0.159,0.15930056,60.55,BTC-28JUN24-40000-C,30715.99,sell,,0.6,,,M,
50,260662262,2023-07-10 22:01:37,2,0.1335,0.13432847,55.12,BTC-28JUN24-40000-C,30348.46,sell,,0.1,,,,
51,260666936,2023-07-10 23:04:48,2,0.129,0.13202763,53.91,BTC-28JUN24-40000-C,30386.4,sell,,0.1,,,,
52,260666961,2023-07-10 23:05:41,3,0.129,0.13194921,53.92,BTC-28JUN24-40000-C,30385.11,sell,,0.1,,,,
53,260667113,2023-07-10 23:10:09,3,0.129,0.13162247,53.98,BTC-28JUN24-40000-C,30397.01,sell,,0.1,,,,
54,260667178,2023-07-10 23:15:50,0,0.1295,0.13069563,54.08,BTC-28JUN24-40000-C,30379.75,buy,,0.1,,,,
55,260668153,2023-07-11 00:01:18,0,0.134,0.13223146,55.09,BTC-28JUN24-40000-C,30424.09,buy,,0.1,,,,
56,260704923,2023-07-11 14:32:15,2,0.133,0.13182051,54.38,BTC-28JUN24-40000-C,30545.34,buy,,0.1,,,,
57,260707758,2023-07-11 15:15:55,3,0.133,0.13314905,54.1,BTC-28JUN24-40000-C,30645.77,buy,,0.5,,,,
58,260719100,2023-07-11 18:07:24,2,0.1315,0.13430295,53.78,BTC-28JUN24-40000-C,30559.76,sell,,0.1,,,,
59,260721738,2023-07-11 18:51:56,2,0.1305,0.13170089,53.9,BTC-28JUN24-40000-C,30477.38,sell,,0.1,,,,
60,260819241,2023-07-12 19:39:28,2,0.1295,0.13024788,54.23,BTC-28JUN24-40000-C,30258.39,sell,,0.1,,,,
61,260823530,2023-07-12 20:51:53,2,0.1275,0.12960442,53.56,BTC-28JUN24-40000-C,30332.22,sell,,0.1,,,,
62,260824668,2023-07-12 21:28:14,2,0.1265,0.12933779,53.27,BTC-28JUN24-40000-C,30347.54,sell,,0.1,,,,
63,260824905,2023-07-12 21:30:19,2,0.1255,0.1289502,53.02,BTC-28JUN24-40000-C,30337.4,sell,,0.2,,,,
64,260860942,2023-07-13 13:47:20,0,0.1285,0.12877375,52.93,BTC-28JUN24-40000-C,30649.98,sell,,0.1,,,,
65,261106688,2023-07-15 15:15:57,2,0.123,0.12553835,52.54,BTC-28JUN24-40000-C,30321.55,sell,,0.1,,,,
66,261182642,2023-07-17 15:56:00,2,0.121,0.12238486,52.7,BTC-28JUN24-40000-C,30180.17,sell,,0.1,,,,
67,261197290,2023-07-17 18:50:06,2,0.119,0.11890085,53.39,BTC-28JUN24-40000-C,29680.39,sell,,0.2,,,,
68,261228936,2023-07-18 08:20:05,0,0.1228,0.12065637,53.85,BTC-28JUN24-40000-C,29913.83,buy,,25.0,85792,,,
69,261351492,2023-07-20 10:26:51,0,0.127,0.12632452,53.76,BTC-28JUN24-40000-C,30397.68,buy,,1.7,,,,
70,261469550,2023-07-22 23:17:32,2,0.12,0.11983193,54.06,BTC-28JUN24-40000-C,29683.17,sell,,0.3,,,,
71,261470683,2023-07-22 23:33:47,2,0.1185,0.11883714,53.69,BTC-28JUN24-40000-C,29675.57,sell,,0.1,,,,
72,261473151,2023-07-23 00:38:56,0,0.12,0.12004723,53.86,BTC-28JUN24-40000-C,29777.89,sell,,0.1,,,,
73,261473177,2023-07-23 00:39:18,1,0.12,0.11996624,53.88,BTC-28JUN24-40000-C,29775.56,sell,,0.1,,,,
74,261473189,2023-07-23 00:40:03,1,0.12,0.11989954,53.91,BTC-28JUN24-40000-C,29768.9,sell,,0.1,,,,
75,261473437,2023-07-23 00:55:48,0,0.1205,0.12015418,54.08,BTC-28JUN24-40000-C,29771.19,buy,,0.1,,,,
76,261489156,2023-07-23 17:52:54,0,0.123,0.12211979,54.22,BTC-28JUN24-40000-C,29983.78,buy,,0.1,,,,
77,261489263,2023-07-23 17:55:21,1,0.123,0.12229639,54.16,BTC-28JUN24-40000-C,30003.56,buy,,0.2,,,,
78,261510818,2023-07-24 01:39:07,2,0.1215,0.12188051,53.89,BTC-28JUN24-40000-C,29902.93,sell,,0.1,,,,
79,261519071,2023-07-24 05:11:26,2,0.12,0.12068023,53.98,BTC-28JUN24-40000-C,29773.45,sell,,0.1,,,,
80,261553059,2023-07-24 13:55:42,2,0.1125,0.11361484,53.63,BTC-28JUN24-40000-C,29155.86,sell,,0.1,,,,
81,261553060,2023-07-24 13:55:42,3,0.1125,0.11361484,53.63,BTC-28JUN24-40000-C,29155.86,sell,,0.1,,,,
82,261553061,2023-07-24 13:55:42,3,0.1125,0.11361484,53.63,BTC-28JUN24-40000-C,29155.86,sell,,0.1,,,,
83,261596386,2023-07-25 10:03:05,0,0.1135,0.11152164,54.11,BTC-28JUN24-40000-C,29159.66,buy,,0.1,,,,
84,261596400,2023-07-25 10:03:27,1,0.1135,0.11150783,54.11,BTC-28JUN24-40000-C,29156.37,buy,,0.1,,,,
85,261604992,2023-07-25 14:43:35,2,0.111,0.11197129,53.33,BTC-28JUN24-40000-C,29189.0,sell,,1.5,,,,
86,261637134,2023-07-26 11:37:44,0,0.112,0.11123068,53.7,BTC-28JUN24-40000-C,29195.73,buy,,425.0,86670,BTC-CS-28JUN24-40000_55000,,
87,261673311,2023-07-26 21:13:16,0,0.115,0.1149052,53.19,BTC-28JUN24-40000-C,29620.74,buy,,0.1,,,,
88,261703786,2023-07-27 15:01:00,2,0.1115,0.11135857,53.12,BTC-28JUN24-40000-C,29321.58,buy,,0.1,,,,
89,261704983,2023-07-27 15:10:39,2,0.111,0.11162906,53.19,BTC-28JUN24-40000-C,29248.71,sell,,1.0,,,,
90,261724991,2023-07-28 02:26:28,0,0.113,0.11195349,53.92,BTC-28JUN24-40000-C,29232.35,buy,,0.1,,,,
91,261724992,2023-07-28 02:26:28,2,0.112,0.11195635,53.65,BTC-28JUN24-40000-C,29232.35,sell,,0.1,,,,
92,261730134,2023-07-28 05:53:30,2,0.11,0.11027158,53.3,BTC-28JUN24-40000-C,29159.94,sell,,0.1,,,,
93,261732935,2023-07-28 07:32:59,2,0.1075,0.10925007,52.59,BTC-28JUN24-40000-C,29180.45,sell,,0.1,,,,
94,261732940,2023-07-28 07:33:01,2,0.107,0.10924907,52.45,BTC-28JUN24-40000-C,29181.88,sell,,0.1,,,,
95,261732949,2023-07-28 07:33:02,3,0.107,0.10926169,52.45,BTC-28JUN24-40000-C,29181.81,sell,,0.1,,,,
96,261732952,2023-07-28 07:33:04,3,0.107,0.10926182,52.45,BTC-28JUN24-40000-C,29181.87,sell,,0.1,,,,
97,261732956,2023-07-28 07:33:05,3,0.107,0.10926216,52.45,BTC-28JUN24-40000-C,29181.86,sell,,0.1,,,,
98,261732960,2023-07-28 07:33:06,3,0.107,0.10926223,52.45,BTC-28JUN24-40000-C,29182.21,sell,,0.1,,,,
99,261743314,2023-07-28 09:22:21,0,0.1075,0.10855437,52.75,BTC-28JUN24-40000-C,29134.26,sell,,0.1,,,,
100,261743335,2023-07-28 09:23:08,1,0.1075,0.10856936,52.75,BTC-28JUN24-40000-C,29131.44,sell,,0.1,,,,
101,261803197,2023-07-30 15:58:55,2,0.105,0.10713755,51.68,BTC-28JUN24-40000-C,29346.95,sell,,1.0,,,,
102,261810073,2023-07-30 19:51:37,2,0.1045,0.10503256,52.08,BTC-28JUN24-40000-C,29153.06,sell,,0.1,,,,
103,261810074,2023-07-30 19:51:37,3,0.1045,0.10503256,52.08,BTC-28JUN24-40000-C,29153.06,sell,,0.1,,,,
104,261834795,2023-07-31 09:40:34,0,0.105,0.10646352,51.69,BTC-28JUN24-40000-C,29347.18,sell,,6.0,,,,
105,261835526,2023-07-31 10:06:18,0,0.1075,0.10682239,52.31,BTC-28JUN24-40000-C,29367.45,sell,,0.2,,,,
106,261835549,2023-07-31 10:07:25,2,0.106,0.10690854,51.89,BTC-28JUN24-40000-C,29372.7,sell,,0.1,,,,
107,261835679,2023-07-31 10:08:48,0,0.1085,0.10696641,52.58,BTC-28JUN24-40000-C,29377.76,buy,,0.1,,,,
108,261838872,2023-07-31 12:36:41,2,0.1075,0.10725179,52.21,BTC-28JUN24-40000-C,29434.54,sell,,0.3,,,,
109,261844339,2023-07-31 14:38:38,2,0.1045,0.10565078,51.74,BTC-28JUN24-40000-C,29303.86,sell,,6.0,,,,
110,261865087,2023-08-01 02:09:50,3,0.1045,0.10434215,52.3,BTC-28JUN24-40000-C,29101.6,sell,,0.3,,,,
111,261896081,2023-08-01 15:21:41,2,0.1,0.10081494,51.84,BTC-28JUN24-40000-C,28798.2,sell,,0.1,,,,
112,261950559,2023-08-02 01:24:19,0,0.113,0.11303162,52.35,BTC-28JUN24-40000-C,29912.64,sell,,0.1,,,,
113,261954169,2023-08-02 01:38:03,2,0.1125,0.11318438,52.19,BTC-28JUN24-40000-C,29909.11,sell,,0.1,,,,
114,261954170,2023-08-02 01:38:03,3,0.1125,0.11318438,52.19,BTC-28JUN24-40000-C,29909.11,sell,,0.1,,,,
115,261965409,2023-08-02 06:53:13,2,0.108,0.10928643,51.94,BTC-28JUN24-40000-C,29576.29,sell,,1.0,,,,
116,261981566,2023-08-02 13:32:07,2,0.1048,0.10696645,51.64,BTC-28JUN24-40000-C,29376.5,sell,,230.0,87951,,,
117,261984725,2023-08-02 14:10:56,2,0.1038,0.10632197,51.68,BTC-28JUN24-40000-C,29276.46,sell,,200.0,87962,,,
118,261985748,2023-08-02 14:21:00,0,0.1045,0.10645864,51.76,BTC-28JUN24-40000-C,29317.59,sell,,7.0,,,,
119,261989922,2023-08-02 15:20:43,2,0.1035,0.10499652,51.79,BTC-28JUN24-40000-C,29181.96,sell,,8.0,,,,
120,262012857,2023-08-02 21:13:35,0,0.106,0.10517378,52.77,BTC-28JUN24-40000-C,29097.82,sell,,0.4,,,,
121,262012862,2023-08-02 21:13:45,1,0.106,0.10518074,52.76,BTC-28JUN24-40000-C,29097.79,sell,,0.2,,,,
122,262019690,2023-08-03 02:06:00,2,0.1035,0.10451655,51.73,BTC-28JUN24-40000-C,29231.75,sell,,0.1,,,,
123,262019691,2023-08-03 02:06:00,3,0.1035,0.10451655,51.73,BTC-28JUN24-40000-C,29231.75,sell,,22.0,,,,
124,262037991,2023-08-03 11:43:11,2,0.1006,0.10222872,51.22,BTC-28JUN24-40000-C,29112.8,sell,,9.6,88125,,,
125,262097744,2023-08-04 13:53:28,0,0.1017,0.10127007,51.21,BTC-28JUN24-40000-C,29260.32,buy,,135.0,88413,BTC-CS-28JUN24-40000_55000,,
126,262099018,2023-08-04 14:06:32,2,0.1009,0.10038173,51.23,BTC-28JUN24-40000-C,29170.41,buy,,30.0,88421,BTC-CS-28JUN24-40000_55000,,
127,262112275,2023-08-04 19:42:21,2,0.0985,0.09964557,51.02,BTC-28JUN24-40000-C,29002.4,sell,,0.1,,,,
128,262130057,2023-08-05 09:56:42,2,0.098,0.09924541,50.87,BTC-28JUN24-40000-C,29027.21,sell,,0.1,,,,
129,262130059,2023-08-05 09:56:42,2,0.097,0.09924544,50.59,BTC-28JUN24-40000-C,29027.09,sell,,0.1,,,,
130,262130061,2023-08-05 09:56:42,2,0.095,0.09924544,50.03,BTC-28JUN24-40000-C,29027.09,sell,,0.1,,,,
131,262130063,2023-08-05 09:56:42,3,0.095,0.09924544,50.03,BTC-28JUN24-40000-C,29027.09,sell,,0.1,,,,
132,262149777,2023-08-06 12:36:10,3,0.095,0.09662221,50.16,BTC-28JUN24-40000-C,29021.97,sell,,0.2,,,,
133,262149788,2023-08-06 12:36:37,3,0.095,0.09659415,50.16,BTC-28JUN24-40000-C,29019.94,sell,,0.4,,,,
134,262154963,2023-08-06 18:17:31,3,0.095,0.09649787,50.04,BTC-28JUN24-40000-C,29057.22,sell,,0.2,,,,
135,262154964,2023-08-06 18:17:31,3,0.095,0.09649787,50.04,BTC-28JUN24-40000-C,29057.22,sell,,0.1,,,,
136,262176993,2023-08-07 10:38:14,0,0.097,0.09532911,50.72,BTC-28JUN24-40000-C,29038.42,buy,,0.1,,,,
137,262177060,2023-08-07 10:39:00,1,0.097,0.0955262,50.68,BTC-28JUN24-40000-C,29047.27,buy,,0.1,,,,
138,262177065,2023-08-07 10:39:26,0,0.0975,0.0955243,50.82,BTC-28JUN24-40000-C,29047.78,buy,,0.8,,,,
139,262181101,2023-08-07 13:11:48,0,0.098,0.09653296,51.09,BTC-28JUN24-40000-C,29006.95,buy,,1.0,,,,
140,262214820,2023-08-08 03:42:20,0,0.1,0.09862871,51.24,BTC-28JUN24-40000-C,29166.48,buy,,0.3,,,,
141,262215216,2023-08-08 04:29:26,0,0.1005,0.09786946,51.36,BTC-28JUN24-40000-C,29170.58,buy,,0.3,,,,
142,262226161,2023-08-08 11:26:26,2,0.0989,0.09844953,50.55,BTC-28JUN24-40000-C,29283.92,buy,,340.0,88838,BTC-CS-28JUN24-40000_55000,,
143,262254135,2023-08-08 17:04:45,0,0.102,0.10285237,50.34,BTC-28JUN24-40000-C,29681.28,buy,,25.0,88893,BTC-CS-28JUN24-40000_50000,,
144,262298228,2023-08-09 03:50:15,0,0.104,0.10472367,50.95,BTC-28JUN24-40000-C,29699.26,sell,,0.1,,,,
145,262298229,2023-08-09 03:50:15,1,0.104,0.10472367,50.95,BTC-28JUN24-40000-C,29699.26,sell,,0.1,,,,
146,262311517,2023-08-09 11:09:43,2,0.103,0.10367271,50.2,BTC-28JUN24-40000-C,29860.39,sell,,0.1,,,,
147,262313556,2023-08-09 12:28:05,0,0.105,0.10497985,50.78,BTC-28JUN24-40000-C,29863.19,sell,,0.1,,,,
148,262340493,2023-08-09 19:45:59,2,0.1035,0.10422635,51.44,BTC-28JUN24-40000-C,29460.5,sell,,0.2,,,,
149,262341460,2023-08-09 19:58:29,2,0.103,0.1036758,51.48,BTC-28JUN24-40000-C,29400.44,sell,,0.7,,,,
150,262362261,2023-08-10 09:58:55,3,0.103,0.10206284,51.28,BTC-28JUN24-40000-C,29503.49,buy,,0.1,,,,
151,262411758,2023-08-11 10:00:03,2,0.098,0.09662402,50.41,BTC-28JUN24-40000-C,29347.31,buy,,1.0,,,,
152,262450949,2023-08-12 15:35:53,3,0.098,0.09536436,50.22,BTC-28JUN24-40000-C,29437.21,buy,,0.2,,,,
153,262463522,2023-08-13 13:04:06,2,0.096,0.09321463,49.89,BTC-28JUN24-40000-C,29371.56,sell,,1.0,,,,
154,262470409,2023-08-13 21:53:03,2,0.0895,0.09245161,48.15,BTC-28JUN24-40000-C,29350.25,sell,,13.0,,,,
155,262470410,2023-08-13 21:53:03,3,0.0895,0.09245161,48.15,BTC-28JUN24-40000-C,29350.25,sell,,5.0,,,,
156,262470411,2023-08-13 21:53:03,3,0.0895,0.09245161,48.15,BTC-28JUN24-40000-C,29350.25,buy,,2.0,,,,
157,262502555,2023-08-14 14:20:37,2,0.089,0.0887874,47.96,BTC-28JUN24-40000-C,29379.33,buy,,1.6,,,,
158,262502694,2023-08-14 14:22:04,3,0.089,0.08885719,47.94,BTC-28JUN24-40000-C,29389.57,buy,,1.0,,,,
159,262503100,2023-08-14 14:26:59,3,0.089,0.08885606,47.88,BTC-28JUN24-40000-C,29408.14,buy,,1.0,,,,
160,262503991,2023-08-14 14:38:58,0,0.0893,0.08900039,47.92,BTC-28JUN24-40000-C,29422.84,buy,,12.5,89703,BTC-CS-28JUN24-40000_50000,,
161,262505030,2023-08-14 14:42:21,0,0.0895,0.08959092,47.8,BTC-28JUN24-40000-C,29494.33,buy,,3.5,,,,
162,262506082,2023-08-14 14:44:40,0,0.0901,0.08976788,47.87,BTC-28JUN24-40000-C,29517.96,buy,,12.5,89708,BTC-CS-28JUN24-40000_50000,,
163,262516732,2023-08-14 16:09:43,0,0.093,0.09271888,48.38,BTC-28JUN24-40000-C,29620.92,sell,,0.2,,,,
164,262539149,2023-08-15 00:54:24,2,0.09,0.08980618,48.2,BTC-28JUN24-40000-C,29383.64,sell,,0.1,,,,
165,262539454,2023-08-15 01:05:12,3,0.09,0.09007487,48.13,BTC-28JUN24-40000-C,29413.14,sell,,0.1,,,,
166,262539455,2023-08-15 01:05:14,3,0.09,0.09008278,48.13,BTC-28JUN24-40000-C,29413.19,sell,,0.1,,,,
167,262541304,2023-08-15 02:17:41,2,0.0895,0.08958593,48.12,BTC-28JUN24-40000-C,29357.55,sell,,0.1,,,,
168,262541305,2023-08-15 02:17:41,3,0.0895,0.08958593,48.12,BTC-28JUN24-40000-C,29357.55,sell,,0.1,,,,
169,262559711,2023-08-15 12:34:26,2,0.087,0.08728214,47.52,BTC-28JUN24-40000-C,29335.45,buy,,0.1,,,,
170,262636265,2023-08-16 17:24:32,2,0.086,0.08589082,48.16,BTC-28JUN24-40000-C,29063.69,sell,,0.1,,,,
171,262642555,2023-08-16 19:41:19,0,0.088,0.08687791,48.54,BTC-28JUN24-40000-C,29112.53,buy,,0.2,,,,
172,262654093,2023-08-16 22:20:03,2,0.0845,0.08473094,48.12,BTC-28JUN24-40000-C,28912.07,sell,,0.6,,,,
173,262654647,2023-08-16 22:49:20,3,0.0845,0.08450776,48.17,BTC-28JUN24-40000-C,28892.14,sell,,0.4,,,,
174,262667224,2023-08-17 00:44:39,2,0.0805,0.08107767,48.17,BTC-28JUN24-40000-C,28437.88,sell,,0.1,,,,
175,262669260,2023-08-17 00:45:11,2,0.08,0.08011563,48.32,BTC-28JUN24-40000-C,28363.93,sell,,0.1,,,,
176,262679017,2023-08-17 02:18:48,0,0.082,0.08157688,48.37,BTC-28JUN24-40000-C,28570.86,sell,,0.2,,,,
177,262679636,2023-08-17 02:23:07,1,0.082,0.08166542,48.37,BTC-28JUN24-40000-C,28568.54,sell,,0.2,,,,
178,262680011,2023-08-17 02:28:34,1,0.082,0.08185445,48.32,BTC-28JUN24-40000-C,28593.59,sell,,1.0,,,,
179,262681870,2023-08-17 03:15:19,2,0.0815,0.08182349,48.23,BTC-28JUN24-40000-C,28561.61,sell,,0.2,,,,
180,262681871,2023-08-17 03:15:21,2,0.081,0.08181284,48.09,BTC-28JUN24-40000-C,28561.6,sell,,0.2,,,,
181,262681872,2023-08-17 03:15:21,3,0.081,0.08181284,48.09,BTC-28JUN24-40000-C,28561.6,sell,,0.2,,,,
182,262681956,2023-08-17 03:17:15,2,0.0805,0.08183072,47.91,BTC-28JUN24-40000-C,28577.07,sell,,26.4,,,,
183,262685772,2023-08-17 04:32:58,0,0.0815,0.08192273,48.1,BTC-28JUN24-40000-C,28607.21,sell,,0.1,,,,
184,262686229,2023-08-17 04:53:52,0,0.082,0.08191601,48.25,BTC-28JUN24-40000-C,28607.7,sell,,0.1,,,,
185,262689138,2023-08-17 06:30:59,1,0.082,0.0821549,48.14,BTC-28JUN24-40000-C,28640.24,sell,,0.1,,,,
186,262689398,2023-08-17 06:38:29,2,0.0815,0.08185517,48.0,BTC-28JUN24-40000-C,28641.91,sell,,0.1,,,,
187,262689525,2023-08-17 06:42:59,3,0.0815,0.08182294,48.0,BTC-28JUN24-40000-C,28643.88,buy,,1.6,,,,
188,262689526,2023-08-17 06:42:59,3,0.0815,0.08182294,48.0,BTC-28JUN24-40000-C,28643.88,buy,,5.0,,,,
189,262689650,2023-08-17 06:47:22,3,0.0815,0.08173919,48.0,BTC-28JUN24-40000-C,28640.42,buy,,5.0,,,,
190,262689651,2023-08-17 06:47:22,3,0.0815,0.08173919,48.0,BTC-28JUN24-40000-C,28640.42,buy,,0.8,,,,
191,262693376,2023-08-17 08:20:32,0,0.082,0.0820307,48.37,BTC-28JUN24-40000-C,28559.64,sell,,0.1,,,,
192,262700728,2023-08-17 11:10:13,2,0.0815,0.08194244,48.44,BTC-28JUN24-40000-C,28492.85,sell,,0.1,,,,
193,262702285,2023-08-17 11:37:13,0,0.082,0.08164631,48.59,BTC-28JUN24-40000-C,28496.45,sell,,0.5,,,,
194,262702969,2023-08-17 12:00:16,2,0.081,0.08139807,48.26,BTC-28JUN24-40000-C,28502.39,sell,,0.1,,,,
195,262704291,2023-08-17 12:25:51,2,0.0801,0.08046551,48.16,BTC-28JUN24-40000-C,28443.03,buy,,6.3,90478,,,
196,262752954,2023-08-17 17:18:00,2,0.077,0.07876127,48.46,BTC-28JUN24-40000-C,27989.73,sell,,0.1,,,,
197,262768045,2023-08-17 20:54:44,2,0.076,0.07504696,49.4,BTC-28JUN24-40000-C,27519.89,sell,,0.1,,,,
198,262768046,2023-08-17 20:54:44,3,0.076,0.07504696,49.4,BTC-28JUN24-40000-C,27519.89,sell,,0.1,,,,
199,262772655,2023-08-17 21:35:10,3,0.076,0.07707466,49.01,BTC-28JUN24-40000-C,27677.16,sell,,4.0,,,,
200,262773000,2023-08-17 21:37:50,2,0.0755,0.07578584,49.18,BTC-28JUN24-40000-C,27560.33,sell,,0.1,,,,
201,262775316,2023-08-17 21:41:56,2,0.075,0.07389922,49.54,BTC-28JUN24-40000-C,27355.18,sell,,0.1,,,,
202,262775317,2023-08-17 21:41:56,3,0.075,0.07389922,49.54,BTC-28JUN24-40000-C,27355.18,sell,,0.1,,,,
203,262777727,2023-08-17 21:42:49,2,0.0735,0.07229237,49.72,BTC-28JUN24-40000-C,27117.4,sell,,0.1,,,,
204,262793297,2023-08-17 21:44:56,2,0.068,0.0627508,54.68,BTC-28JUN24-40000-C,25606.56,sell,,0.1,,,T,
205,262852718,2023-08-17 22:07:10,0,0.1395,0.12483836,76.54,BTC-28JUN24-40000-C,26327.5,sell,,0.6,,,M,
206,262869426,2023-08-17 22:17:40,0,0.14,0.13685319,73.42,BTC-28JUN24-40000-C,26392.43,buy,,2.0,,,T,
207,262871794,2023-08-17 22:19:04,1,0.14,0.13664629,73.39,BTC-28JUN24-40000-C,26343.15,buy,,0.1,,,T,
208,262876716,2023-08-17 22:22:30,1,0.14,0.13745322,73.09,BTC-28JUN24-40000-C,26346.25,buy,,1.1,,,T,
209,262930198,2023-08-17 23:21:32,2,0.09,0.08838524,56.14,BTC-28JUN24-40000-C,26735.47,buy,,0.1,,,,
210,262931963,2023-08-17 23:24:38,3,0.09,0.08847496,56.09,BTC-28JUN24-40000-C,26750.94,buy,,2.0,,,T,
211,262931990,2023-08-17 23:24:43,0,0.093,0.08852757,56.99,BTC-28JUN24-40000-C,26747.2,sell,,2.0,,,M,
212,262938388,2023-08-17 23:33:41,2,0.0905,0.08802087,56.71,BTC-28JUN24-40000-C,26583.63,buy,,1.1,,,T,
213,262938391,2023-08-17 23:33:43,0,0.0915,0.08802359,57.01,BTC-28JUN24-40000-C,26582.1,buy,,2.0,,,T,
214,262938402,2023-08-17 23:33:47,1,0.0915,0.08809893,57.02,BTC-28JUN24-40000-C,26579.07,buy,,0.1,,,T,
215,262950001,2023-08-18 00:10:55,0,0.0925,0.09057141,57.12,BTC-28JUN24-40000-C,26754.73,sell,,0.1,,,,
216,262959251,2023-08-18 01:29:55,2,0.089,0.08611108,56.5,BTC-28JUN24-40000-C,26602.12,buy,,0.1,,,,
217,262959462,2023-08-18 01:32:20,2,0.0885,0.08624306,56.33,BTC-28JUN24-40000-C,26605.52,buy,,0.1,,,,
218,262972972,2023-08-18 03:57:36,2,0.0845,0.08490259,55.55,BTC-28JUN24-40000-C,26397.54,sell,,0.2,,,,
219,262987726,2023-08-18 05:56:22,2,0.081,0.08033295,54.26,BTC-28JUN24-40000-C,26431.13,buy,,10.0,,,,
220,263012096,2023-08-18 08:35:59,2,0.077,0.07779888,53.06,BTC-28JUN24-40000-C,26442.87,buy,,0.1,,,,
221,263042921,2023-08-18 13:40:12,2,0.073,0.07141989,52.27,BTC-28JUN24-40000-C,26304.36,buy,,1.0,,,,
222,263087981,2023-08-18 18:10:22,2,0.0697,0.0691206,52.34,BTC-28JUN24-40000-C,25936.92,buy,,13.0,91195,,,
223,263092964,2023-08-18 18:51:51,2,0.0685,0.07046881,51.19,BTC-28JUN24-40000-C,26206.98,sell,,0.5,,,,
224,263093273,2023-08-18 18:55:02,0,0.069,0.06994314,51.42,BTC-28JUN24-40000-C,26178.08,buy,,0.4,,,,
225,263098343,2023-08-18 19:49:27,2,0.0685,0.06930094,51.52,BTC-28JUN24-40000-C,26091.07,buy,,2.2,,,,
226,263108782,2023-08-18 23:38:35,2,0.0675,0.06932185,51.44,BTC-28JUN24-40000-C,26029.93,sell,,0.2,,,,
227,263148724,2023-08-19 18:13:34,0,0.068,0.0695226,51.63,BTC-28JUN24-40000-C,26066.0,sell,,0.1,,,,
228,263149927,2023-08-19 18:26:31,2,0.067,0.06841215,51.27,BTC-28JUN24-40000-C,26066.72,sell,,0.1,,,,
229,263150877,2023-08-19 18:32:31,2,0.0655,0.06648134,50.69,BTC-28JUN24-40000-C,26110.27,sell,,0.2,,,,
230,263151938,2023-08-19 18:37:23,2,0.0635,0.06433877,50.03,BTC-28JUN24-40000-C,26099.87,sell,,0.2,,,,
231,263174143,2023-08-20 10:44:15,0,0.065,0.06635597,50.48,BTC-28JUN24-40000-C,26132.7,sell,,5.0,,,,
232,263174144,2023-08-20 10:44:17,1,0.065,0.06636498,50.47,BTC-28JUN24-40000-C,26134.05,sell,,5.0,,,,
233,263187567,2023-08-20 21:02:47,2,0.0645,0.06599552,50.12,BTC-28JUN24-40000-C,26221.75,buy,,0.1,,,,
234,263187568,2023-08-20 21:02:52,0,0.065,0.06599258,50.28,BTC-28JUN24-40000-C,26221.39,buy,,0.1,,,,
235,263194426,2023-08-21 02:32:26,2,0.064,0.06426695,50.19,BTC-28JUN24-40000-C,26101.84,sell,,0.4,,,,
236,263201271,2023-08-21 06:05:55,2,0.063,0.06445219,49.87,BTC-28JUN24-40000-C,26113.24,sell,,0.1,,,,
237,263203826,2023-08-21 07:33:06,0,0.0645,0.06345981,50.62,BTC-28JUN24-40000-C,26000.07,sell,,0.4,,,,
238,263204348,2023-08-21 07:46:59,1,0.0645,0.06380095,50.59,BTC-28JUN24-40000-C,26020.76,buy,,0.4,,,,
239,263204521,2023-08-21 07:53:58,0,0.065,0.06411453,50.74,BTC-28JUN24-40000-C,26013.65,buy,,0.4,,,,
240,263205234,2023-08-21 08:06:55,1,0.065,0.06464524,50.74,BTC-28JUN24-40000-C,26013.73,sell,,0.4,,,,
241,263205562,2023-08-21 08:18:08,1,0.065,0.06432329,50.82,BTC-28JUN24-40000-C,25989.36,buy,,0.6,,,,
242,263206245,2023-08-21 08:37:53,0,0.0665,0.06543982,51.15,BTC-28JUN24-40000-C,26051.45,buy,,0.1,,,,
243,263206255,2023-08-21 08:38:35,2,0.066,0.06532556,51.02,BTC-28JUN24-40000-C,26043.96,buy,,0.1,,,,
244,263225377,2023-08-21 14:56:05,0,0.068,0.06779562,51.49,BTC-28JUN24-40000-C,26121.14,sell,,0.3,,,,
245,263239658,2023-08-21 19:47:14,2,0.067,0.06751509,51.21,BTC-28JUN24-40000-C,26130.56,sell,,0.3,,,,
246,263257892,2023-08-22 09:19:29,2,0.064,0.06354016,50.6,BTC-28JUN24-40000-C,26048.64,sell,,0.3,,,,
247,263322439,2023-08-23 08:04:15,0,0.067,0.06656874,51.66,BTC-28JUN24-40000-C,26050.66,buy,,1.6,,,,
248,263375006,2023-08-23 18:11:18,0,0.078,0.07664076,53.71,BTC-28JUN24-40000-C,26525.55,buy,,1.3,,,,
249,263375066,2023-08-23 18:11:50,0,0.0785,0.07751718,53.87,BTC-28JUN24-40000-C,26520.85,sell,,1.8,,,,
250,263375089,2023-08-23 18:12:18,0,0.0795,0.0779967,54.2,BTC-28JUN24-40000-C,26513.83,buy,,1.6,,,,
251,263375287,2023-08-23 18:12:41,0,0.08,0.07879317,54.29,BTC-28JUN24-40000-C,26539.23,buy,,12.3,,,,
252,263375990,2023-08-23 18:18:27,0,0.0815,0.07993271,54.75,BTC-28JUN24-40000-C,26532.04,buy,,0.1,,,,
253,263388293,2023-08-23 20:02:23,2,0.0805,0.08338281,54.51,BTC-28JUN24-40000-C,26545.87,sell,,0.8,,,,
254,263389375,2023-08-23 20:14:05,2,0.077,0.0783546,53.41,BTC-28JUN24-40000-C,26569.18,buy,,0.1,,,,
255,263394624,2023-08-23 21:18:21,2,0.073,0.07507317,52.1,BTC-28JUN24-40000-C,26606.09,sell,,0.1,,,,
256,263429496,2023-08-24 11:49:26,3,0.073,0.07372658,52.46,BTC-28JUN24-40000-C,26495.37,buy,,0.1,,,,
257,263431635,2023-08-24 12:30:57,2,0.0715,0.0736083,52.22,BTC-28JUN24-40000-C,26411.44,buy,,0.1,,,,
258,263432277,2023-08-24 12:46:25,0,0.075,0.07383124,53.31,BTC-28JUN24-40000-C,26399.58,buy,,0.1,,,,
259,263432786,2023-08-24 12:58:55,2,0.0745,0.07374702,53.21,BTC-28JUN24-40000-C,26382.12,sell,,0.1,,,,
260,263435998,2023-08-24 13:44:17,2,0.073,0.07318104,52.91,BTC-28JUN24-40000-C,26309.99,buy,,0.1,,,,
261,263439637,2023-08-24 14:27:51,3,0.073,0.07331557,53.13,BTC-28JUN24-40000-C,26220.99,buy,,0.1,,,,
262,263442413,2023-08-24 14:41:35,0,0.074,0.0725811,53.74,BTC-28JUN24-40000-C,26133.74,buy,,0.1,,,,
263,263446456,2023-08-24 15:03:43,2,0.0715,0.07239929,53.01,BTC-28JUN24-40000-C,26122.22,buy,,0.1,,,,
264,263451306,2023-08-24 15:57:22,0,0.074,0.07200838,54.08,BTC-28JUN24-40000-C,26013.2,buy,,0.1,,,,
265,263452073,2023-08-24 16:08:31,2,0.0705,0.07182544,52.97,BTC-28JUN24-40000-C,26044.57,buy,,0.1,,,,
266,263453959,2023-08-24 16:37:41,0,0.074,0.071889,54.01,BTC-28JUN24-40000-C,26071.54,buy,,0.1,,,,
267,263454605,2023-08-24 16:50:39,2,0.0715,0.07231256,53.03,BTC-28JUN24-40000-C,26132.26,sell,,0.1,,,,
268,263455433,2023-08-24 17:10:08,0,0.0735,0.0723137,53.74,BTC-28JUN24-40000-C,26083.4,sell,,0.1,,,,
269,263460669,2023-08-24 18:38:16,2,0.073,0.07162712,53.85,BTC-28JUN24-40000-C,25996.18,buy,,0.1,,,,
270,263464730,2023-08-24 20:31:18,0,0.074,0.07217892,54.07,BTC-28JUN24-40000-C,26048.49,sell,,0.1,,,,
271,263467492,2023-08-24 21:52:43,1,0.074,0.07249682,54.0,BTC-28JUN24-40000-C,26068.18,buy,,0.1,,,,
272,263503746,2023-08-25 09:31:09,2,0.07,0.07198813,52.65,BTC-28JUN24-40000-C,26112.88,sell,,0.1,,,,
273,263544818,2023-08-25 19:37:39,0,0.0705,0.07031443,53.34,BTC-28JUN24-40000-C,25949.48,sell,,0.1,,,,
274,263547782,2023-08-25 22:02:52,0,0.0731,0.07208281,53.92,BTC-28JUN24-40000-C,26053.15,buy,,12.5,92658,BTC-CS-28JUN24-40000_50000,,
275,263585455,2023-08-28 04:09:36,2,0.07,0.07116963,53.27,BTC-28JUN24-40000-C,26000.09,sell,,0.1,,,,
276,263585456,2023-08-28 04:09:36,3,0.07,0.07116963,53.27,BTC-28JUN24-40000-C,26000.09,sell,,0.1,,,,
277,263602364,2023-08-28 12:15:10,0,0.0708,0.07064784,53.41,BTC-28JUN24-40000-C,26078.3,buy,,12.5,92782,BTC-CS-28JUN24-40000_50000,,
278,263646961,2023-08-29 14:20:40,0,0.0715,0.07190279,52.8,BTC-28JUN24-40000-C,26445.86,buy,,1.0,,,,
279,263646962,2023-08-29 14:20:40,1,0.0715,0.07190279,52.8,BTC-28JUN24-40000-C,26445.86,buy,,0.1,,,,
280,263646963,2023-08-29 14:20:40,1,0.0715,0.07190279,52.8,BTC-28JUN24-40000-C,26445.86,buy,,0.1,,,,
281,263651606,2023-08-29 14:21:40,0,0.073,0.07345124,52.76,BTC-28JUN24-40000-C,26627.2,buy,,1.0,,,,
282,263651607,2023-08-29 14:21:40,1,0.073,0.07345124,52.76,BTC-28JUN24-40000-C,26627.2,buy,,0.1,,,,
283,263651608,2023-08-29 14:21:40,1,0.073,0.07345124,52.76,BTC-28JUN24-40000-C,26627.2,buy,,0.1,,,,
284,263652426,2023-08-29 14:21:55,0,0.074,0.07481528,52.64,BTC-28JUN24-40000-C,26772.52,buy,,1.0,,,,
285,263670559,2023-08-29 14:33:33,0,0.077,0.07677265,52.67,BTC-28JUN24-40000-C,27129.41,buy,,0.1,,,,
286,263682569,2023-08-29 14:41:33,0,0.082,0.08027605,53.34,BTC-28JUN24-40000-C,27453.26,buy,,0.1,,,,
287,263715469,2023-08-29 15:40:52,0,0.0835,0.08279511,53.74,BTC-28JUN24-40000-C,27441.47,sell,,2.2,,,,
288,263722930,2023-08-29 16:13:43,0,0.084,0.08427651,53.22,BTC-28JUN24-40000-C,27692.21,buy,,1.1,,,,
289,263752855,2023-08-29 17:38:40,0,0.0865,0.08586438,53.2,BTC-28JUN24-40000-C,27968.92,sell,,0.1,,,,
290,263753497,2023-08-29 17:42:59,1,0.0865,0.08593634,53.29,BTC-28JUN24-40000-C,27931.16,sell,,0.1,,,,
291,263803468,2023-08-30 08:07:45,2,0.0795,0.0787338,52.54,BTC-28JUN24-40000-C,27416.08,sell,,0.1,,,,
292,263803707,2023-08-30 08:16:34,3,0.0795,0.07911039,52.55,BTC-28JUN24-40000-C,27408.17,sell,,0.1,,,,
293,263806091,2023-08-30 09:04:57,2,0.079,0.07967313,52.28,BTC-28JUN24-40000-C,27457.9,sell,,0.1,,,,
294,263806092,2023-08-30 09:04:57,2,0.0785,0.07967313,52.13,BTC-28JUN24-40000-C,27457.9,sell,,0.1,,,,
295,263816238,2023-08-30 13:37:46,2,0.078,0.07795017,52.46,BTC-28JUN24-40000-C,27285.57,sell,,0.1,,,,
296,263824829,2023-08-30 14:50:29,2,0.077,0.077392,52.57,BTC-28JUN24-40000-C,27155.55,sell,,0.1,,,,
297,263852881,2023-08-31 07:55:52,2,0.0745,0.07679227,51.69,BTC-28JUN24-40000-C,27245.86,sell,,0.2,,,,
298,263853077,2023-08-31 07:57:29,3,0.0745,0.07681901,51.66,BTC-28JUN24-40000-C,27255.57,sell,,0.2,,,,
299,263854057,2023-08-31 08:10:11,0,0.077,0.07614044,52.47,BTC-28JUN24-40000-C,27245.76,buy,,2.1,,,,
300,263860637,2023-08-31 11:42:27,0,0.0785,0.07816369,52.51,BTC-28JUN24-40000-C,27431.37,buy,,1.0,,,,
301,263913018,2023-08-31 18:50:05,2,0.0655,0.06863501,51.65,BTC-28JUN24-40000-C,26197.73,sell,,0.2,,,,
302,263949813,2023-09-01 03:04:46,0,0.066,0.06730463,52.37,BTC-28JUN24-40000-C,26047.64,sell,,2.5,,,,
303,263949814,2023-09-01 03:04:59,2,0.0655,0.06729706,52.21,BTC-28JUN24-40000-C,26047.52,sell,,1.3,,,,
304,263949815,2023-09-01 03:04:59,3,0.0655,0.06729706,52.21,BTC-28JUN24-40000-C,26047.52,sell,,1.2,,,,
305,263950062,2023-09-01 03:22:43,0,0.066,0.06639059,52.38,BTC-28JUN24-40000-C,26034.55,buy,,1.0,,,,
306,263951127,2023-09-01 04:57:22,0,0.068,0.06632634,53.04,BTC-28JUN24-40000-C,26032.19,buy,,0.2,,,,
307,263962743,2023-09-01 09:19:37,2,0.0665,0.06658832,52.52,BTC-28JUN24-40000-C,26017.51,buy,,1.0,,,,
308,264068042,2023-09-03 23:45:01,2,0.0655,0.06609286,52.63,BTC-28JUN24-40000-C,25962.25,buy,,1.0,,,,
309,264164608,2023-09-06 08:55:47,2,0.0629,0.06416102,52.57,BTC-28JUN24-40000-C,25742.96,buy,,25.0,94282,BTC-CCAL-28JUN24_29MAR24-40000,,
310,264168135,2023-09-06 11:29:13,0,0.064,0.06345025,52.98,BTC-28JUN24-40000-C,25745.95,buy,,1.0,,,,
311,264187849,2023-09-06 17:05:18,2,0.0625,0.06215069,53.37,BTC-28JUN24-40000-C,25420.1,sell,,0.1,,,,
312,264335191,2023-09-08 20:44:46,0,0.066,0.06626115,53.63,BTC-28JUN24-40000-C,25881.64,sell,,0.1,,,,
313,264335217,2023-09-08 20:45:27,2,0.0655,0.06618233,53.48,BTC-28JUN24-40000-C,25874.3,sell,,10.0,,,,
314,264335218,2023-09-08 20:45:27,3,0.0655,0.06618233,53.48,BTC-28JUN24-40000-C,25874.3,sell,,0.9,,,,
315,264335227,2023-09-08 20:45:55,2,0.0645,0.06614037,53.14,BTC-28JUN24-40000-C,25873.98,sell,,1.2,,,,
316,264335359,2023-09-08 20:48:00,3,0.0645,0.06484304,53.1,BTC-28JUN24-40000-C,25890.53,buy,,1.3,,,,
317,264374895,2023-09-10 20:23:14,0,0.066,0.06539622,53.8,BTC-28JUN24-40000-C,25880.5,sell,,0.1,,,,
318,264375807,2023-09-10 20:35:26,2,0.0655,0.06545059,53.77,BTC-28JUN24-40000-C,25811.32,sell,,0.2,,,,
319,264382323,2023-09-11 00:00:48,2,0.065,0.06530751,53.6,BTC-28JUN24-40000-C,25836.39,sell,,0.2,,,,
320,264383385,2023-09-11 00:36:14,2,0.064,0.06404376,53.52,BTC-28JUN24-40000-C,25747.18,sell,,0.5,,,,
321,264393556,2023-09-11 07:37:02,0,0.0655,0.06584964,53.88,BTC-28JUN24-40000-C,25802.31,sell,,8.0,,,,
322,264393557,2023-09-11 07:37:02,1,0.0655,0.06584964,53.88,BTC-28JUN24-40000-C,25802.31,sell,,8.0,,,,
323,264393562,2023-09-11 07:37:02,1,0.0655,0.06584964,53.88,BTC-28JUN24-40000-C,25802.31,sell,,1.4,,,,
324,264393563,2023-09-11 07:37:02,1,0.0655,0.06584964,53.88,BTC-28JUN24-40000-C,25802.31,sell,,1.0,,,,
325,264393652,2023-09-11 07:43:11,2,0.0635,0.06417421,53.23,BTC-28JUN24-40000-C,25796.02,buy,,1.1,,,,
326,264396407,2023-09-11 08:49:36,3,0.0635,0.06357835,53.2,BTC-28JUN24-40000-C,25790.7,buy,,1.4,,,,
327,264396433,2023-09-11 08:50:53,0,0.064,0.06355636,53.38,BTC-28JUN24-40000-C,25790.45,sell,,5.0,,,,
328,264396450,2023-09-11 08:51:32,1,0.064,0.06356302,53.37,BTC-28JUN24-40000-C,25792.1,sell,,1.1,,,,
329,264453069,2023-09-11 17:52:58,2,0.063,0.06255457,54.82,BTC-28JUN24-40000-C,25166.51,buy,,2.1,,,,
330,264455315,2023-09-11 19:07:13,2,0.0625,0.06282397,54.66,BTC-28JUN24-40000-C,25150.3,buy,,0.1,,,,
331,264455316,2023-09-11 19:07:16,3,0.0625,0.06282319,54.66,BTC-28JUN24-40000-C,25150.3,buy,,0.1,,,,
332,264455333,2023-09-11 19:07:39,3,0.0625,0.06272983,54.7,BTC-28JUN24-40000-C,25133.48,buy,,0.2,,,,
333,264455337,2023-09-11 19:07:42,3,0.0625,0.06269948,54.71,BTC-28JUN24-40000-C,25133.3,buy,,0.2,,,,
334,264455338,2023-09-11 19:07:45,3,0.0625,0.06270515,54.7,BTC-28JUN24-40000-C,25133.53,buy,,0.2,,,,
335,264455339,2023-09-11 19:07:48,3,0.0625,0.06271898,54.7,BTC-28JUN24-40000-C,25136.35,buy,,0.2,,,,
336,264455342,2023-09-11 19:07:52,3,0.0625,0.06273378,54.7,BTC-28JUN24-40000-C,25136.43,buy,,0.2,,,,
337,264455343,2023-09-11 19:07:55,3,0.0625,0.06273377,54.7,BTC-28JUN24-40000-C,25136.44,buy,,0.2,,,,
338,264455344,2023-09-11 19:07:57,3,0.0625,0.06273512,54.69,BTC-28JUN24-40000-C,25136.42,buy,,0.2,,,,
339,264455351,2023-09-11 19:08:02,3,0.0625,0.06273558,54.69,BTC-28JUN24-40000-C,25136.25,buy,,0.2,,,,
340,264461909,2023-09-11 20:19:05,0,0.064,0.06354305,55.38,BTC-28JUN24-40000-C,25091.71,buy,,0.2,,,,
341,264461955,2023-09-11 20:20:35,2,0.0635,0.06352574,55.23,BTC-28JUN24-40000-C,25080.93,sell,,0.2,,,,
342,264462776,2023-09-11 20:38:01,2,0.063,0.06338576,54.99,BTC-28JUN24-40000-C,25105.97,sell,,0.1,,,,
343,264462972,2023-09-11 20:44:15,2,0.0625,0.06310069,54.83,BTC-28JUN24-40000-C,25099.85,sell,,12.0,,,,
344,264463263,2023-09-11 20:54:21,3,0.0625,0.06268404,54.83,BTC-28JUN24-40000-C,25104.8,buy,,1.9,,,,
345,264464665,2023-09-11 21:22:56,2,0.062,0.06238945,54.49,BTC-28JUN24-40000-C,25171.72,sell,,0.1,,,,
346,264481338,2023-09-12 03:22:42,0,0.063,0.06425261,53.45,BTC-28JUN24-40000-C,25686.54,buy,,2.5,,,,
347,264481339,2023-09-12 03:22:42,1,0.063,0.06422527,53.45,BTC-28JUN24-40000-C,25686.54,buy,,2.5,,,,
348,264481344,2023-09-12 03:22:44,1,0.063,0.06422068,53.46,BTC-28JUN24-40000-C,25688.72,buy,,1.8,,,,
349,264496069,2023-09-12 04:40:21,0,0.064,0.06545194,53.38,BTC-28JUN24-40000-C,25826.63,sell,,0.2,,,,
350,264550264,2023-09-12 16:20:51,0,0.0685,0.06847391,53.83,BTC-28JUN24-40000-C,26212.03,buy,,0.8,,,,
351,264594912,2023-09-13 07:56:31,2,0.067,0.06661417,54.31,BTC-28JUN24-40000-C,25887.93,buy,,2.2,,,,
352,264596574,2023-09-13 08:47:12,0,0.0675,0.0674049,54.33,BTC-28JUN24-40000-C,25960.38,sell,,0.5,,,,
353,264655512,2023-09-14 06:03:36,0,0.071,0.07064583,54.93,BTC-28JUN24-40000-C,26211.79,buy,,0.1,,,,
354,264655733,2023-09-14 06:15:57,0,0.0715,0.07094716,55.03,BTC-28JUN24-40000-C,26232.0,buy,,0.1,,,,
355,264656333,2023-09-14 06:43:24,0,0.072,0.07146929,55.1,BTC-28JUN24-40000-C,26262.02,buy,,0.1,,,,
356,264656335,2023-09-14 06:43:26,0,0.0725,0.07146907,55.26,BTC-28JUN24-40000-C,26262.02,buy,,0.1,,,,
357,264656336,2023-09-14 06:43:26,1,0.0725,0.07146907,55.26,BTC-28JUN24-40000-C,26262.02,buy,,1.0,,,,
358,264656625,2023-09-14 06:53:40,2,0.072,0.07192421,55.11,BTC-28JUN24-40000-C,26261.48,sell,,0.8,,,,
359,264664085,2023-09-14 10:52:39,0,0.0725,0.07190887,55.21,BTC-28JUN24-40000-C,26301.42,buy,,1.2,,,,
360,264684532,2023-09-14 13:38:18,0,0.0749,0.07435019,55.11,BTC-28JUN24-40000-C,26616.36,sell,,12.5,95549,BTC-CS-28JUN24-40000_50000,,
361,264686029,2023-09-14 13:52:11,2,0.0745,0.0740241,55.12,BTC-28JUN24-40000-C,26565.64,sell,,12.5,95550,BTC-CS-28JUN24-40000_50000,,
362,264688187,2023-09-14 14:18:03,0,0.0746,0.07430877,55.09,BTC-28JUN24-40000-C,26593.9,sell,,12.5,95554,BTC-CS-28JUN24-40000_50000,,
363,264703615,2023-09-14 18:35:27,2,0.074,0.07409966,54.45,BTC-28JUN24-40000-C,26770.58,buy,,0.3,,,,
364,264867451,2023-09-18 09:35:04,2,0.0735,0.07303449,54.64,BTC-28JUN24-40000-C,26801.58,buy,,0.8,,,,
365,264867454,2023-09-18 09:35:04,3,0.0735,0.07303449,54.64,BTC-28JUN24-40000-C,26801.58,buy,,0.2,,,,
366,264875155,2023-09-18 10:20:05,0,0.0755,0.07524077,54.73,BTC-28JUN24-40000-C,27000.87,buy,,0.1,,,,
367,264876834,2023-09-18 10:30:45,0,0.076,0.07566678,54.86,BTC-28JUN24-40000-C,27031.02,buy,,0.1,,,,
368,264894432,2023-09-18 12:54:26,0,0.0803,0.07930753,55.18,BTC-28JUN24-40000-C,27394.89,buy,,25.0,95998,BTC-CDIAG-28JUN24_29MAR24-40000_38000,,
369,264956942,2023-09-19 09:28:37,2,0.08,0.0802101,55.51,BTC-28JUN24-40000-C,27272.31,buy,,1.0,,,,
370,264956943,2023-09-19 09:28:37,3,0.08,0.0802101,55.51,BTC-28JUN24-40000-C,27272.31,buy,,0.6,,,,
371,264957008,2023-09-19 09:29:02,3,0.08,0.08031499,55.46,BTC-28JUN24-40000-C,27292.66,buy,,0.4,,,,
372,264957009,2023-09-19 09:29:02,3,0.08,0.08031499,55.46,BTC-28JUN24-40000-C,27292.66,buy,,0.3,,,,
373,264957280,2023-09-19 09:30:33,3,0.08,0.08034948,55.42,BTC-28JUN24-40000-C,27314.23,buy,,0.7,,,,
374,264957505,2023-09-19 09:31:03,3,0.08,0.08025319,55.4,BTC-28JUN24-40000-C,27311.27,buy,,1.0,,,,
375,264957671,2023-09-19 09:31:33,0,0.0805,0.08055576,55.54,BTC-28JUN24-40000-C,27322.0,sell,,0.6,,,,
376,264958047,2023-09-19 09:35:13,0,0.081,0.08077352,55.61,BTC-28JUN24-40000-C,27351.77,sell,,1.6,,,,
377,264979107,2023-09-19 14:10:54,2,0.08,0.07942314,56.23,BTC-28JUN24-40000-C,27031.84,sell,,0.2,,,,
378,264982274,2023-09-19 14:45:03,2,0.0799,0.07990616,55.86,BTC-28JUN24-40000-C,27148.97,buy,,12.5,96283,BTC-CS-28JUN24-40000_50000,,
379,264990301,2023-09-19 15:41:56,0,0.0818,0.08110023,55.95,BTC-28JUN24-40000-C,27321.98,buy,,25.0,96303,,,
380,265002759,2023-09-19 18:02:28,2,0.0795,0.07941216,55.73,BTC-28JUN24-40000-C,27141.44,sell,,0.1,,,,
381,265004255,2023-09-19 18:37:25,3,0.0795,0.07962967,55.7,BTC-28JUN24-40000-C,27159.27,sell,,0.1,,,,
382,265006338,2023-09-19 19:26:26,3,0.0795,0.07927238,55.76,BTC-28JUN24-40000-C,27131.22,buy,,1.0,,,,
383,265023771,2023-09-20 02:09:38,0,0.0822,0.08126589,56.21,BTC-28JUN24-40000-C,27302.71,sell,,12.5,96381,BTC-CS-28JUN24-40000_50000,,
384,265024403,2023-09-20 02:25:26,2,0.0811,0.08089763,56.1,BTC-28JUN24-40000-C,27222.5,sell,,12.5,96383,BTC-CS-28JUN24-40000_50000,,
385,265027638,2023-09-20 04:10:08,2,0.0806,0.08061669,56.25,BTC-28JUN24-40000-C,27110.32,sell,,12.5,96392,BTC-CS-28JUN24-40000_50000,,
386,265027646,2023-09-20 04:10:34,0,0.0809,0.08061305,56.36,BTC-28JUN24-40000-C,27107.7,buy,,12.5,96393,BTC-CS-28JUN24-40000_50000,,
387,265034731,2023-09-20 06:57:21,0,0.0855,0.08445436,57.93,BTC-28JUN24-40000-C,27061.2,sell,,0.2,,,,
388,265038481,2023-09-20 08:31:02,0,0.086,0.08635883,57.88,BTC-28JUN24-40000-C,27145.4,sell,,0.7,,,,
389,265038482,2023-09-20 08:31:02,1,0.086,0.08635883,57.88,BTC-28JUN24-40000-C,27145.4,sell,,0.2,,,,
390,265038483,2023-09-20 08:31:02,1,0.086,0.08635883,57.88,BTC-28JUN24-40000-C,27145.4,buy,,7.6,,,,
391,265038689,2023-09-20 08:41:06,1,0.086,0.08557123,57.88,BTC-28JUN24-40000-C,27144.35,buy,,5.0,,,,
392,265038699,2023-09-20 08:41:21,1,0.086,0.08555238,57.88,BTC-28JUN24-40000-C,27144.24,buy,,6.5,,,,
393,265040861,2023-09-20 09:26:27,0,0.0865,0.08665016,58.09,BTC-28JUN24-40000-C,27116.78,sell,,1.4,,,,
394,265043343,2023-09-20 09:59:35,2,0.0855,0.08535033,57.98,BTC-28JUN24-40000-C,27049.08,buy,,3.6,,,,
395,265044050,2023-09-20 10:11:23,2,0.085,0.08497226,57.94,BTC-28JUN24-40000-C,26999.87,sell,,0.1,,,,
396,265046039,2023-09-20 10:56:53,0,0.0885,0.08664088,58.88,BTC-28JUN24-40000-C,27070.72,buy,,0.8,,,,
397,265046081,2023-09-20 10:57:35,2,0.088,0.08736277,58.73,BTC-28JUN24-40000-C,27065.12,buy,,0.9,,,,
398,265046082,2023-09-20 10:57:35,3,0.088,0.08736277,58.73,BTC-28JUN24-40000-C,27065.12,buy,,0.1,,,,
399,265047458,2023-09-20 11:33:52,3,0.088,0.08824222,58.65,BTC-28JUN24-40000-C,27100.98,buy,,0.8,,,,
400,265047522,2023-09-20 11:34:48,2,0.0875,0.0879905,58.51,BTC-28JUN24-40000-C,27096.23,buy,,1.2,,,,
401,265047782,2023-09-20 11:40:45,2,0.087,0.08739031,58.35,BTC-28JUN24-40000-C,27098.63,buy,,0.7,,,,
402,265048908,2023-09-20 12:20:00,0,0.0875,0.08692907,58.45,BTC-28JUN24-40000-C,27128.55,buy,,1.0,,,,
403,265048909,2023-09-20 12:20:00,1,0.0875,0.08692907,58.45,BTC-28JUN24-40000-C,27128.55,buy,,0.1,,,,
404,265051379,2023-09-20 13:18:23,2,0.084,0.08508965,57.42,BTC-28JUN24-40000-C,27110.53,sell,,0.2,,,,
405,265051380,2023-09-20 13:18:23,3,0.084,0.08508965,57.42,BTC-28JUN24-40000-C,27110.53,sell,,0.8,,,,
406,265051384,2023-09-20 13:18:29,3,0.084,0.08510736,57.42,BTC-28JUN24-40000-C,27110.38,buy,,1.0,,,,
407,265055723,2023-09-20 14:20:51,2,0.0825,0.08193702,56.94,BTC-28JUN24-40000-C,27101.14,buy,,0.3,,,,
408,265056393,2023-09-20 14:34:20,3,0.0825,0.08252445,56.74,BTC-28JUN24-40000-C,27186.72,buy,,0.9,,,,
409,265056394,2023-09-20 14:34:20,3,0.0825,0.08252445,56.74,BTC-28JUN24-40000-C,27186.72,buy,,0.1,,,,
410,265056634,2023-09-20 14:41:34,3,0.0825,0.082668,56.83,BTC-28JUN24-40000-C,27144.05,sell,,1.1,,,,
411,265058686,2023-09-20 15:25:38,3,0.0825,0.08223848,56.83,BTC-28JUN24-40000-C,27125.72,buy,,0.9,,,,
412,265058687,2023-09-20 15:25:38,3,0.0825,0.08223848,56.83,BTC-28JUN24-40000-C,27125.72,sell,,0.1,,,,
413,265060694,2023-09-20 16:04:36,3,0.0825,0.08229415,56.67,BTC-28JUN24-40000-C,27189.1,buy,,0.1,,,,
414,265132753,2023-09-21 13:08:53,2,0.081,0.08107389,58.0,BTC-28JUN24-40000-C,26584.21,sell,,0.2,,,,
415,265180078,2023-09-22 07:59:24,2,0.0795,0.07948914,57.42,BTC-28JUN24-40000-C,26668.68,buy,,2.0,,,,
416,265180090,2023-09-22 07:59:36,3,0.0795,0.07947714,57.42,BTC-28JUN24-40000-C,26668.59,buy,,1.9,,,,
417,265180091,2023-09-22 07:59:37,3,0.0795,0.07947714,57.42,BTC-28JUN24-40000-C,26668.59,buy,,0.1,,,,
418,265189836,2023-09-22 12:19:07,2,0.078,0.0781121,57.02,BTC-28JUN24-40000-C,26636.28,buy,,1.0,,,,
419,265197711,2023-09-22 15:23:03,0,0.0781,0.07768872,57.0,BTC-28JUN24-40000-C,26656.12,buy,,0.1,,BTC-CBUT-28JUN24-40000_41000_42000,,265197708
420,265201678,2023-09-22 17:07:43,2,0.077,0.07742869,56.81,BTC-28JUN24-40000-C,26605.62,sell,,0.5,,,,
421,265201682,2023-09-22 17:07:43,3,0.077,0.07742869,56.81,BTC-28JUN24-40000-C,26605.62,sell,,0.2,,,,
422,265216151,2023-09-23 04:59:27,3,0.077,0.07644627,57.02,BTC-28JUN24-40000-C,26547.8,sell,,0.2,,,,
423,265216168,2023-09-23 05:04:55,2,0.075,0.07468642,56.36,BTC-28JUN24-40000-C,26554.16,buy,,0.2,,,,
424,265221516,2023-09-23 09:32:00,2,0.0715,0.07248218,55.16,BTC-28JUN24-40000-C,26562.56,buy,,2.0,,,,
425,265221590,2023-09-23 09:38:09,0,0.072,0.07216258,55.33,BTC-28JUN24-40000-C,26567.07,buy,,2.0,,,,
426,265240929,2023-09-24 17:19:45,0,0.075,0.07381484,56.45,BTC-28JUN24-40000-C,26589.46,buy,,12.5,97065,BTC-CS-28JUN24-40000_50000,,
427,265290575,2023-09-25 06:30:43,2,0.0735,0.07282413,57.31,BTC-28JUN24-40000-C,26123.01,sell,,0.1,,,,
428,265290576,2023-09-25 06:30:47,2,0.073,0.07282803,57.14,BTC-28JUN24-40000-C,26123.07,sell,,0.1,,,,
429,265290578,2023-09-25 06:30:56,3,0.073,0.07283139,57.14,BTC-28JUN24-40000-C,26123.07,sell,,0.1,,,,
430,265290579,2023-09-25 06:30:58,3,0.073,0.07283268,57.14,BTC-28JUN24-40000-C,26123.07,sell,,0.1,,,,
431,265290580,2023-09-25 06:31:18,3,0.073,0.07284529,57.14,BTC-28JUN24-40000-C,26123.28,sell,,0.1,,,,
432,265293397,2023-09-25 07:43:13,2,0.0725,0.07324397,56.96,BTC-28JUN24-40000-C,26134.04,sell,,0.1,,,,
433,265298365,2023-09-25 09:08:20,2,0.0695,0.06998579,56.02,BTC-28JUN24-40000-C,26117.69,sell,,0.8,,,,
434,265301946,2023-09-25 10:13:09,2,0.069,0.06972553,55.97,BTC-28JUN24-40000-C,26068.09,sell,,7.0,,,,
435,265302385,2023-09-25 10:25:53,3,0.069,0.06977399,55.92,BTC-28JUN24-40000-C,26089.44,sell,,1.0,,,,
436,265302386,2023-09-25 10:25:53,3,0.069,0.06977399,55.92,BTC-28JUN24-40000-C,26089.44,sell,,2.1,,,,
437,265306301,2023-09-25 12:19:58,0,0.0695,0.06814734,56.25,BTC-28JUN24-40000-C,26039.32,buy,,2.3,,,,
438,265306302,2023-09-25 12:19:58,1,0.0695,0.06814734,56.25,BTC-28JUN24-40000-C,26039.32,buy,,0.1,,,,
439,265306303,2023-09-25 12:19:58,1,0.0695,0.06814734,56.25,BTC-28JUN24-40000-C,26039.32,sell,,0.1,,,,
440,265313830,2023-09-25 14:47:26,2,0.069,0.06868123,55.8,BTC-28JUN24-40000-C,26141.79,buy,,1.0,,,,
441,265314743,2023-09-25 15:10:02,0,0.0699,0.06933375,56.04,BTC-28JUN24-40000-C,26164.96,buy,,12.5,97304,BTC-CS-28JUN24-40000_50000,,
442,265315718,2023-09-25 15:21:18,0,0.07,0.06967084,55.92,BTC-28JUN24-40000-C,26216.24,buy,,0.1,,,,
443,265336561,2023-09-25 21:41:02,0,0.072,0.07245152,56.42,BTC-28JUN24-40000-C,26280.84,buy,,0.2,,,,
444,265336570,2023-09-25 21:42:37,2,0.07,0.07236766,55.75,BTC-28JUN24-40000-C,26280.21,sell,,1.0,,,,
445,265336571,2023-09-25 21:42:41,3,0.07,0.07236578,55.75,BTC-28JUN24-40000-C,26280.24,sell,,1.0,,,,
446,265336572,2023-09-25 21:42:42,3,0.07,0.07236623,55.75,BTC-28JUN24-40000-C,26280.25,sell,,0.1,,,,
447,265336573,2023-09-25 21:42:42,3,0.07,0.07236623,55.75,BTC-28JUN24-40000-C,26280.25,sell,,0.9,,,,
448,265336577,2023-09-25 21:43:11,3,0.07,0.0723727,55.75,BTC-28JUN24-40000-C,26280.07,sell,,1.0,,,,
449,265336578,2023-09-25 21:43:15,3,0.07,0.07237469,55.75,BTC-28JUN24-40000-C,26280.21,sell,,0.1,,,,
450,265336579,2023-09-25 21:43:15,3,0.07,0.07237469,55.75,BTC-28JUN24-40000-C,26280.21,sell,,0.9,,,,
451,265337464,2023-09-25 22:43:18,0,0.0705,0.07204428,55.94,BTC-28JUN24-40000-C,26275.27,sell,,1.0,,,,
452,265337483,2023-09-25 22:44:18,1,0.0705,0.07202577,55.94,BTC-28JUN24-40000-C,26272.88,sell,,1.5,,,,
453,265337566,2023-09-25 22:48:57,0,0.071,0.07208201,56.09,BTC-28JUN24-40000-C,26282.15,sell,,6.1,,,,
454,265337567,2023-09-25 22:48:57,2,0.0705,0.07208201,55.92,BTC-28JUN24-40000-C,26282.15,sell,,1.9,,,,
455,265337600,2023-09-25 22:52:11,3,0.0705,0.0721244,55.92,BTC-28JUN24-40000-C,26286.12,sell,,1.9,,,,
456,265337601,2023-09-25 22:52:11,3,0.0705,0.0721244,55.92,BTC-28JUN24-40000-C,26286.12,buy,,2.1,,,,
457,265338321,2023-09-25 23:56:13,0,0.0715,0.07218398,56.23,BTC-28JUN24-40000-C,26298.25,buy,,1.0,,,,
458,265338782,2023-09-26 00:26:35,1,0.0715,0.07205641,56.26,BTC-28JUN24-40000-C,26283.33,buy,,2.0,,,,
459,265347698,2023-09-26 07:44:29,2,0.0705,0.07169824,56.01,BTC-28JUN24-40000-C,26256.83,sell,,1.0,,,,
460,265428676,2023-09-27 12:19:15,0,0.0765,0.07617585,56.47,BTC-28JUN24-40000-C,26798.92,buy,,12.5,97702,BTC-CS-28JUN24-40000_50000,,
461,265476790,2023-09-28 01:02:33,2,0.0731,0.07260084,56.49,BTC-28JUN24-40000-C,26413.53,sell,,12.5,97831,BTC-CS-28JUN24-40000_50000,,
462,265630025,2023-09-29 14:07:17,0,0.0735,0.07365019,55.48,BTC-28JUN24-40000-C,26877.32,sell,,4.0,,,,
463,265630026,2023-09-29 14:07:17,1,0.0735,0.07365019,55.48,BTC-28JUN24-40000-C,26877.32,sell,,4.4,,,,
464,265630027,2023-09-29 14:07:17,1,0.0735,0.07365019,55.48,BTC-28JUN24-40000-C,26877.32,sell,,1.6,,,,
465,265660117,2023-09-29 21:29:16,2,0.072,0.07242917,54.87,BTC-28JUN24-40000-C,26908.09,sell,,0.5,,,,
466,265667368,2023-09-30 03:57:40,2,0.0715,0.07189317,54.75,BTC-28JUN24-40000-C,26915.1,sell,,2.0,,,,
467,265733970,2023-10-01 22:20:09,0,0.078,0.07783415,54.3,BTC-28JUN24-40000-C,27835.19,buy,,0.1,,,,
468,265765443,2023-10-02 02:18:21,0,0.0785,0.0795348,54.13,BTC-28JUN24-40000-C,27965.08,sell,,0.3,,,,
469,265765722,2023-10-02 02:23:23,1,0.0785,0.07950166,54.13,BTC-28JUN24-40000-C,27968.6,sell,,0.5,,,,
470,265768155,2023-10-02 03:31:41,0,0.08,0.07993007,54.5,BTC-28JUN24-40000-C,28004.47,buy,,0.2,,,,
471,265791994,2023-10-02 08:01:16,0,0.084,0.08300348,54.95,BTC-28JUN24-40000-C,28292.33,sell,,1.2,,,,
472,265792229,2023-10-02 08:01:54,2,0.0815,0.08286252,54.18,BTC-28JUN24-40000-C,28275.06,buy,,2.0,,,,
473,265792368,2023-10-02 08:02:10,2,0.081,0.08281431,54.04,BTC-28JUN24-40000-C,28263.34,sell,,2.0,,,,
474,265793094,2023-10-02 08:07:19,2,0.0805,0.08164612,53.9,BTC-28JUN24-40000-C,28265.13,sell,,2.0,,,,
475,265800444,2023-10-02 08:45:54,0,0.0845,0.08297313,54.9,BTC-28JUN24-40000-C,28367.65,buy,,0.9,,,,
476,265800445,2023-10-02 08:45:54,1,0.0845,0.08297313,54.9,BTC-28JUN24-40000-C,28367.65,buy,,0.2,,,,
477,265800541,2023-10-02 08:46:19,1,0.0845,0.08350521,54.87,BTC-28JUN24-40000-C,28384.41,sell,,0.5,,,,
478,265800674,2023-10-02 08:47:24,0,0.085,0.08434056,55.02,BTC-28JUN24-40000-C,28382.65,buy,,0.2,,,,
479,265802699,2023-10-02 09:06:11,0,0.086,0.08657556,55.46,BTC-28JUN24-40000-C,28333.86,buy,,0.1,,,,
480,265838513,2023-10-02 15:17:46,2,0.0857,0.08538087,55.57,BTC-28JUN24-40000-C,28272.98,sell,,12.5,98980,BTC-CS-28JUN24-31000_40000,,
481,265867685,2023-10-02 19:01:14,2,0.0825,0.08221771,56.06,BTC-28JUN24-40000-C,27732.62,sell,,0.5,,,,
482,265867686,2023-10-02 19:01:14,3,0.0825,0.08221771,56.06,BTC-28JUN24-40000-C,27732.62,sell,,0.1,,,,
483,265867720,2023-10-02 19:01:15,3,0.0825,0.0821564,56.08,BTC-28JUN24-40000-C,27726.48,sell,,0.4,,,,
484,265909778,2023-10-03 06:42:18,2,0.08,0.08087157,55.63,BTC-28JUN24-40000-C,27627.79,sell,,0.7,,,,
485,265918704,2023-10-03 10:42:24,2,0.0795,0.08017572,55.57,BTC-28JUN24-40000-C,27595.39,sell,,1.0,,,,
486,265952993,2023-10-03 18:12:53,2,0.078,0.07848075,55.7,BTC-28JUN24-40000-C,27408.56,sell,,0.6,,,,
487,265954470,2023-10-03 18:35:25,3,0.078,0.07826353,55.84,BTC-28JUN24-40000-C,27358.52,sell,,0.1,,,,
488,265954527,2023-10-03 18:35:46,3,0.078,0.07823219,55.85,BTC-28JUN24-40000-C,27354.41,sell,,0.1,,,,
489,265954533,2023-10-03 18:35:48,3,0.078,0.07822502,55.85,BTC-28JUN24-40000-C,27353.99,sell,,0.1,,,,
490,265954534,2023-10-03 18:35:49,3,0.078,0.07822559,55.85,BTC-28JUN24-40000-C,27354.09,sell,,0.1,,,,
491,266014491,2023-10-04 14:20:32,0,0.079,0.07877069,56.16,BTC-28JUN24-40000-C,27390.85,sell,,8.0,,,,
492,266021460,2023-10-04 16:36:04,0,0.08,0.08029389,55.94,BTC-28JUN24-40000-C,27578.84,buy,,0.2,,,,
493,266021461,2023-10-04 16:36:04,1,0.08,0.08029389,55.94,BTC-28JUN24-40000-C,27578.84,buy,,0.1,,,,
494,266025002,2023-10-04 17:45:35,2,0.0795,0.07993116,55.87,BTC-28JUN24-40000-C,27530.2,buy,,0.9,,,,
495,266037628,2023-10-04 20:21:42,0,0.08,0.07981314,55.61,BTC-28JUN24-40000-C,27692.92,sell,,0.7,,,,
496,266037832,2023-10-04 20:23:49,1,0.08,0.07960818,55.73,BTC-28JUN24-40000-C,27648.0,sell,,1.3,,,,
497,266038167,2023-10-04 20:28:23,0,0.082,0.08233727,56.2,BTC-28JUN24-40000-C,27697.66,sell,,2.3,,,,
498,266054984,2023-10-05 06:40:56,2,0.079,0.07857078,55.44,BTC-28JUN24-40000-C,27644.25,sell,,0.8,,,,
499,266065151,2023-10-05 12:45:53,3,0.079,0.07976063,55.34,BTC-28JUN24-40000-C,27707.56,sell,,0.1,,,,
500,266136412,2023-10-06 06:34:01,2,0.077,0.07724438,55.4,BTC-28JUN24-40000-C,27500.94,buy,,0.1,,,,
501,266156551,2023-10-06 12:30:37,2,0.076,0.07596814,54.69,BTC-28JUN24-40000-C,27627.41,sell,,0.5,,,,
502,266159219,2023-10-06 12:43:35,2,0.0755,0.07574822,54.83,BTC-28JUN24-40000-C,27544.21,buy,,0.1,,,,
503,266159220,2023-10-06 12:43:37,3,0.0755,0.07574391,54.82,BTC-28JUN24-40000-C,27545.85,buy,,0.1,,,,
504,266159221,2023-10-06 12:43:38,3,0.0755,0.07576114,54.82,BTC-28JUN24-40000-C,27545.4,buy,,0.1,,,,
505,266159222,2023-10-06 12:43:39,3,0.0755,0.07575024,54.82,BTC-28JUN24-40000-C,27545.4,buy,,0.1,,,,
506,266159223,2023-10-06 12:43:40,3,0.0755,0.07574939,54.83,BTC-28JUN24-40000-C,27545.49,buy,,0.1,,,,
507,266159224,2023-10-06 12:43:41,3,0.0755,0.0757352,54.83,BTC-28JUN24-40000-C,27544.16,buy,,0.1,,,,
508,266159310,2023-10-06 12:44:59,3,0.0755,0.07558125,54.86,BTC-28JUN24-40000-C,27537.89,buy,,0.7,,,,
509,266169074,2023-10-06 13:32:54,3,0.0755,0.07582523,54.99,BTC-28JUN24-40000-C,27503.22,buy,,0.4,,,,
510,266170621,2023-10-06 13:35:02,0,0.0765,0.07711873,54.84,BTC-28JUN24-40000-C,27666.05,buy,,5.0,,,,
511,266179394,2023-10-06 15:29:11,1,0.0765,0.07662177,54.51,BTC-28JUN24-40000-C,27787.15,sell,,0.5,,,,
512,266200408,2023-10-06 18:45:19,0,0.0772,0.07760294,54.32,BTC-28JUN24-40000-C,27921.61,sell,,6.5,99791,,,
513,266282511,2023-10-09 01:35:45,0,0.0795,0.07940416,55.57,BTC-28JUN24-40000-C,27857.44,sell,,1.5,,,,
514,266282721,2023-10-09 01:42:35,0,0.08,0.07984324,55.66,BTC-28JUN24-40000-C,27875.37,buy,,0.2,,,,
515,266288913,2023-10-09 06:16:26,2,0.0785,0.07922788,55.15,BTC-28JUN24-40000-C,27877.98,sell,,14.0,,,,
516,266301821,2023-10-09 09:49:43,2,0.0755,0.07533128,54.96,BTC-28JUN24-40000-C,27594.54,sell,,0.5,,,,
517,266301822,2023-10-09 09:49:43,3,0.0755,0.07533128,54.96,BTC-28JUN24-40000-C,27594.54,sell,,0.2,,,,
518,266301823,2023-10-09 09:49:43,3,0.0755,0.07533128,54.96,BTC-28JUN24-40000-C,27594.54,sell,,0.1,,,,
519,266301829,2023-10-09 09:49:43,3,0.0755,0.07533128,54.96,BTC-28JUN24-40000-C,27594.54,sell,,0.1,,,,
520,266307271,2023-10-09 10:17:59,0,0.076,0.07559118,55.32,BTC-28JUN24-40000-C,27561.67,sell,,0.8,,,,
521,266339677,2023-10-09 15:42:06,2,0.074,0.07397785,54.86,BTC-28JUN24-40000-C,27502.38,sell,,1.1,,,,
522,266352793,2023-10-09 17:41:39,2,0.0735,0.07448475,54.64,BTC-28JUN24-40000-C,27528.08,sell,,0.8,,,,
523,266356897,2023-10-09 18:05:40,2,0.073,0.07366292,54.14,BTC-28JUN24-40000-C,27641.22,buy,,1.0,,,,
524,266358339,2023-10-09 18:19:48,0,0.0755,0.07534377,55.0,BTC-28JUN24-40000-C,27636.95,sell,,0.8,,,,
525,266361338,2023-10-09 18:58:25,2,0.075,0.07519757,54.98,BTC-28JUN24-40000-C,27586.14,sell,,0.8,,,,
526,266366699,2023-10-09 22:18:00,2,0.0735,0.07352755,54.47,BTC-28JUN24-40000-C,27599.08,sell,,0.1,,,,
527,266366778,2023-10-09 22:18:23,3,0.0735,0.07351166,54.49,BTC-28JUN24-40000-C,27588.98,sell,,1.0,,,,
528,266381053,2023-10-10 08:21:13,0,0.0741,0.07406037,54.43,BTC-28JUN24-40000-C,27698.45,buy,,25.0,100188,BTC-CS-28JUN24-40000_55000,,
529,266384383,2023-10-10 10:16:21,2,0.0735,0.07350284,54.38,BTC-28JUN24-40000-C,27660.86,buy,,1.9,,,,
530,266384637,2023-10-10 10:30:07,2,0.0734,0.07327346,54.32,BTC-28JUN24-40000-C,27666.1,sell,,25.0,100204,BTC-CS-28JUN24-40000_55000,,
531,266392927,2023-10-10 12:56:39,2,0.073,0.07272057,54.92,BTC-28JUN24-40000-C,27433.42,buy,,0.5,,,,
532,266414856,2023-10-10 17:09:11,2,0.0725,0.07241934,54.88,BTC-28JUN24-40000-C,27392.13,buy,,0.6,,,,
533,266414983,2023-10-10 17:10:49,3,0.0725,0.07262847,54.8,BTC-28JUN24-40000-C,27416.76,buy,,1.0,,,,
534,266414984,2023-10-10 17:10:49,3,0.0725,0.07262847,54.8,BTC-28JUN24-40000-C,27416.76,buy,,0.1,,,,
535,266426439,2023-10-10 22:08:21,0,0.0735,0.07391274,55.0,BTC-28JUN24-40000-C,27462.35,buy,,0.1,,,,
536,266428943,2023-10-11 00:33:21,2,0.0715,0.07199499,54.47,BTC-28JUN24-40000-C,27418.92,sell,,0.1,,,,
537,266428944,2023-10-11 00:33:23,3,0.0715,0.07198828,54.48,BTC-28JUN24-40000-C,27418.89,sell,,0.1,,,,
538,266428945,2023-10-11 00:33:25,3,0.0715,0.07198839,54.48,BTC-28JUN24-40000-C,27418.92,sell,,0.1,,,,
539,266428946,2023-10-11 00:33:26,3,0.0715,0.07198832,54.48,BTC-28JUN24-40000-C,27417.58,sell,,0.1,,,,
540,266428947,2023-10-11 00:33:28,3,0.0715,0.07197135,54.48,BTC-28JUN24-40000-C,27416.28,sell,,0.1,,,,
541,266428948,2023-10-11 00:33:30,3,0.0715,0.07197014,54.48,BTC-28JUN24-40000-C,27416.01,sell,,0.1,,,,
542,266428949,2023-10-11 00:33:32,3,0.0715,0.07196288,54.48,BTC-28JUN24-40000-C,27415.77,sell,,0.1,,,,
543,266428950,2023-10-11 00:33:33,3,0.0715,0.07195814,54.49,BTC-28JUN24-40000-C,27414.65,sell,,0.1,,,,
544,266428952,2023-10-11 00:33:37,3,0.0715,0.07194976,54.49,BTC-28JUN24-40000-C,27414.77,sell,,0.1,,,,
545,266428953,2023-10-11 00:33:39,3,0.0715,0.07195492,54.49,BTC-28JUN24-40000-C,27415.39,sell,,0.1,,,,
546,266428955,2023-10-11 00:33:40,3,0.0715,0.07196471,54.48,BTC-28JUN24-40000-C,27416.6,sell,,0.1,,,,
547,266428956,2023-10-11 00:33:46,3,0.0715,0.07197627,54.48,BTC-28JUN24-40000-C,27417.87,sell,,0.1,,,,
548,266428957,2023-10-11 00:33:47,3,0.0715,0.07197602,54.48,BTC-28JUN24-40000-C,27417.87,sell,,0.1,,,,
549,266428959,2023-10-11 00:33:49,3,0.0715,0.07197658,54.48,BTC-28JUN24-40000-C,27417.92,sell,,0.1,,,,
550,266428960,2023-10-11 00:33:50,3,0.0715,0.07197632,54.48,BTC-28JUN24-40000-C,27417.92,sell,,0.1,,,,
551,266433550,2023-10-11 02:34:20,3,0.0715,0.07111009,55.13,BTC-28JUN24-40000-C,27203.14,sell,,0.1,,,,
552,266433554,2023-10-11 02:34:20,3,0.0715,0.07111009,55.13,BTC-28JUN24-40000-C,27197.29,sell,,0.1,,,,
553,266434021,2023-10-11 02:34:40,3,0.0715,0.07117537,55.23,BTC-28JUN24-40000-C,27159.41,sell,,0.1,,,,
554,266434096,2023-10-11 02:34:41,3,0.0715,0.0711958,55.23,BTC-28JUN24-40000-C,27159.41,sell,,0.1,,,,
555,266435160,2023-10-11 02:35:00,3,0.0715,0.07105724,55.46,BTC-28JUN24-40000-C,27072.12,sell,,4.0,,,,
556,266435162,2023-10-11 02:35:00,3,0.0715,0.07105724,55.46,BTC-28JUN24-40000-C,27072.12,sell,,2.1,,,,
557,266451404,2023-10-11 05:34:34,2,0.07,0.07051144,55.09,BTC-28JUN24-40000-C,27090.57,sell,,0.6,,,,
558,266451483,2023-10-11 05:36:53,3,0.07,0.07061087,55.03,BTC-28JUN24-40000-C,27110.42,sell,,0.1,,,,
559,266451484,2023-10-11 05:36:54,3,0.07,0.07060942,55.03,BTC-28JUN24-40000-C,27110.32,sell,,0.1,,,,
560,266451492,2023-10-11 05:37:01,3,0.07,0.07060634,55.03,BTC-28JUN24-40000-C,27111.36,sell,,0.1,,,,
561,266451494,2023-10-11 05:37:02,3,0.07,0.07061221,55.03,BTC-28JUN24-40000-C,27111.36,sell,,0.1,,,,
562,266451499,2023-10-11 05:37:04,3,0.07,0.07062636,55.02,BTC-28JUN24-40000-C,27113.21,sell,,0.1,,,,
563,266451501,2023-10-11 05:37:05,3,0.07,0.07062431,55.02,BTC-28JUN24-40000-C,27115.37,sell,,0.1,,,,
564,266451502,2023-10-11 05:37:06,3,0.07,0.0706416,55.01,BTC-28JUN24-40000-C,27115.22,sell,,0.1,,,,
565,266451609,2023-10-11 05:40:36,3,0.07,0.07054225,55.06,BTC-28JUN24-40000-C,27097.3,sell,,0.1,,,,
566,266451625,2023-10-11 05:40:45,3,0.07,0.07061069,55.04,BTC-28JUN24-40000-C,27106.14,sell,,0.1,,,,
567,266451789,2023-10-11 05:46:05,3,0.07,0.07079435,54.98,BTC-28JUN24-40000-C,27129.67,sell,,0.9,,,,
568,266456677,2023-10-11 07:26:03,3,0.07,0.07017807,55.22,BTC-28JUN24-40000-C,27046.79,sell,,0.1,,,,
569,266456679,2023-10-11 07:26:04,3,0.07,0.07017807,55.22,BTC-28JUN24-40000-C,27046.71,sell,,0.1,,,,
570,266456697,2023-10-11 07:26:18,3,0.07,0.07016518,55.23,BTC-28JUN24-40000-C,27043.68,sell,,0.1,,,,
571,266456699,2023-10-11 07:26:19,3,0.07,0.0701632,55.23,BTC-28JUN24-40000-C,27043.35,sell,,0.1,,,,
572,266456700,2023-10-11 07:26:21,3,0.07,0.07016441,55.23,BTC-28JUN24-40000-C,27043.26,sell,,0.1,,,,
573,266456702,2023-10-11 07:26:22,3,0.07,0.07016348,55.23,BTC-28JUN24-40000-C,27043.11,sell,,0.1,,,,
574,266456703,2023-10-11 07:26:23,3,0.07,0.07016348,55.23,BTC-28JUN24-40000-C,27043.16,sell,,0.1,,,,
575,266456724,2023-10-11 07:26:39,3,0.07,0.07017692,55.23,BTC-28JUN24-40000-C,27043.35,sell,,0.1,,,,
576,266456729,2023-10-11 07:26:40,3,0.07,0.07017734,55.23,BTC-28JUN24-40000-C,27043.35,sell,,0.1,,,,
577,266456730,2023-10-11 07:26:41,3,0.07,0.07017776,55.23,BTC-28JUN24-40000-C,27043.01,sell,,0.1,,,,
578,266456732,2023-10-11 07:26:42,3,0.07,0.07017469,55.23,BTC-28JUN24-40000-C,27042.94,sell,,0.1,,,,
579,266456891,2023-10-11 07:28:19,3,0.07,0.0702693,55.2,BTC-28JUN24-40000-C,27051.05,sell,,6.5,,,,
580,266498735,2023-10-11 15:30:02,2,0.068,0.06780572,55.21,BTC-28JUN24-40000-C,26835.16,buy,,0.1,,,,
581,266509276,2023-10-11 16:12:14,2,0.0675,0.06752686,55.48,BTC-28JUN24-40000-C,26679.19,sell,,0.1,,,,
582,266513423,2023-10-11 16:28:24,0,0.0685,0.06814697,55.98,BTC-28JUN24-40000-C,26655.58,sell,,0.9,,,,
583,266535475,2023-10-11 20:32:27,2,0.068,0.06789691,55.69,BTC-28JUN24-40000-C,26705.76,sell,,1.4,,,,
584,266543911,2023-10-12 01:15:07,3,0.068,0.06823603,55.58,BTC-28JUN24-40000-C,26767.98,sell,,1.1,,,,
585,266543912,2023-10-12 01:15:07,3,0.068,0.06823603,55.58,BTC-28JUN24-40000-C,26767.98,buy,,1.9,,,,
586,266587827,2023-10-12 17:48:36,2,0.067,0.06747779,55.73,BTC-28JUN24-40000-C,26613.79,sell,,0.1,,,,
587,266587829,2023-10-12 17:48:39,3,0.067,0.06747453,55.73,BTC-28JUN24-40000-C,26613.78,sell,,0.1,,,,
588,266595958,2023-10-12 22:12:29,3,0.067,0.06783821,55.26,BTC-28JUN24-40000-C,26761.2,sell,,5.0,,,,
589,266609819,2023-10-13 06:00:53,0,0.0685,0.06827804,55.67,BTC-28JUN24-40000-C,26813.28,sell,,0.8,,,,
590,266620820,2023-10-13 08:07:47,2,0.0675,0.06768467,55.18,BTC-28JUN24-40000-C,26891.07,sell,,1.9,,,,
591,266620864,2023-10-13 08:08:26,3,0.0675,0.06773945,55.17,BTC-28JUN24-40000-C,26891.73,sell,,1.4,,,,
592,266621646,2023-10-13 08:23:48,0,0.068,0.06827926,55.41,BTC-28JUN24-40000-C,26861.51,buy,,0.4,,,,
593,266623344,2023-10-13 09:10:12,2,0.067,0.06718579,55.28,BTC-28JUN24-40000-C,26780.95,sell,,0.1,,,,
594,266623345,2023-10-13 09:10:13,3,0.067,0.06718457,55.29,BTC-28JUN24-40000-C,26779.22,sell,,0.1,,,,
595,266623348,2023-10-13 09:10:19,3,0.067,0.0671807,55.29,BTC-28JUN24-40000-C,26779.28,sell,,0.1,,,,
596,266623349,2023-10-13 09:10:20,3,0.067,0.06718171,55.29,BTC-28JUN24-40000-C,26779.58,sell,,0.1,,,,
597,266623351,2023-10-13 09:10:21,3,0.067,0.06718217,55.29,BTC-28JUN24-40000-C,26780.65,sell,,0.1,,,,
598,266623355,2023-10-13 09:10:22,3,0.067,0.06718844,55.28,BTC-28JUN24-40000-C,26781.49,sell,,0.1,,,,
599,266624958,2023-10-13 10:01:08,3,0.067,0.06716941,55.43,BTC-28JUN24-40000-C,26746.06,sell,,1.4,,,,
600,266625049,2023-10-13 10:04:32,3,0.067,0.06721163,55.42,BTC-28JUN24-40000-C,26746.3,sell,,1.4,,,,
601,266625050,2023-10-13 10:04:32,3,0.067,0.06721163,55.42,BTC-28JUN24-40000-C,26746.3,sell,,1.2,,,,
602,266625069,2023-10-13 10:05:34,3,0.067,0.06720426,55.43,BTC-28JUN24-40000-C,26745.9,sell,,0.2,,,,
603,266625070,2023-10-13 10:05:34,3,0.067,0.06720426,55.43,BTC-28JUN24-40000-C,26745.9,sell,,0.8,,,,
604,266625071,2023-10-13 10:05:34,3,0.067,0.06720426,55.43,BTC-28JUN24-40000-C,26745.9,sell,,0.2,,,,
605,266625214,2023-10-13 10:09:21,2,0.066,0.06691572,55.06,BTC-28JUN24-40000-C,26750.02,buy,,1.4,,,,
606,266625266,2023-10-13 10:12:46,3,0.066,0.06682536,55.03,BTC-28JUN24-40000-C,26762.9,buy,,1.1,,,,
607,266660376,2023-10-13 20:54:28,0,0.0685,0.06848592,55.26,BTC-28JUN24-40000-C,26979.75,buy,,0.1,,,,
608,266686343,2023-10-14 06:34:47,2,0.0655,0.06583169,54.58,BTC-28JUN24-40000-C,26871.53,buy,,0.1,,,M,
609,266763005,2023-10-16 06:04:44,0,0.076,0.07494288,55.15,BTC-28JUN24-40000-C,27956.66,sell,,2.6,,,,
610,266779381,2023-10-16 09:03:58,2,0.074,0.07393361,54.99,BTC-28JUN24-40000-C,27806.95,buy,,0.9,,,,
611,266782370,2023-10-16 09:25:36,2,0.073,0.07313032,54.97,BTC-28JUN24-40000-C,27694.73,buy,,0.8,,,,
612,266782572,2023-10-16 09:29:12,3,0.073,0.07302091,54.97,BTC-28JUN24-40000-C,27701.17,sell,,13.0,101022,BTC-CS-28JUN24-40000_60000,,
613,266789497,2023-10-16 11:33:40,2,0.0725,0.0726492,54.67,BTC-28JUN24-40000-C,27727.82,buy,,0.8,,,,
614,266820518,2023-10-16 13:29:35,0,0.087,0.08382151,55.21,BTC-28JUN24-40000-C,29169.02,buy,,2.0,,,,
615,266820519,2023-10-16 13:29:35,1,0.087,0.08382151,55.21,BTC-28JUN24-40000-C,29169.02,buy,,0.1,,,,
616,266824597,2023-10-16 13:30:12,0,0.09,0.08624112,55.45,BTC-28JUN24-40000-C,29398.14,buy,,1.0,,,,
617,266824598,2023-10-16 13:30:12,1,0.09,0.08624112,55.45,BTC-28JUN24-40000-C,29398.14,buy,,0.1,,,,
618,266824599,2023-10-16 13:30:12,1,0.09,0.08624112,55.45,BTC-28JUN24-40000-C,29398.14,buy,,0.3,,,,
619,266824600,2023-10-16 13:30:12,1,0.09,0.08624112,55.45,BTC-28JUN24-40000-C,29398.14,buy,,0.1,,,,
620,266905890,2023-10-16 14:25:50,2,0.077,0.07605858,55.01,BTC-28JUN24-40000-C,28104.27,buy,,0.1,,,,
621,266906893,2023-10-16 14:30:00,2,0.0765,0.07644081,54.5,BTC-28JUN24-40000-C,28210.54,buy,,1.7,,,,
622,266931628,2023-10-16 16:28:51,2,0.0725,0.07294895,53.48,BTC-28JUN24-40000-C,28105.62,buy,,1.0,,,,
623,267011907,2023-10-17 07:59:25,0,0.0785,0.07887958,54.6,BTC-28JUN24-40000-C,28436.48,buy,,1.0,,,,
624,267012158,2023-10-17 08:00:39,2,0.0775,0.07859311,54.32,BTC-28JUN24-40000-C,28423.38,buy,,3.0,,,,
625,267020314,2023-10-17 09:37:47,3,0.0775,0.07731951,54.36,BTC-28JUN24-40000-C,28409.96,buy,,2.0,,,,
626,267022544,2023-10-17 10:19:48,0,0.0795,0.07915264,54.57,BTC-28JUN24-40000-C,28563.04,buy,,0.8,,,,
627,267032759,2023-10-17 12:50:34,2,0.0785,0.07827112,54.67,BTC-28JUN24-40000-C,28402.58,buy,,0.8,,,,
628,267048586,2023-10-17 13:52:57,2,0.0771,0.07710555,54.68,BTC-28JUN24-40000-C,28250.2,buy,,12.5,101400,BTC-RR-28JUN24-23000_40000,,
629,267059322,2023-10-17 15:07:24,0,0.0795,0.07963251,54.69,BTC-28JUN24-40000-C,28511.36,sell,,0.9,,,,
630,267164041,2023-10-18 13:47:01,2,0.0755,0.07573035,54.06,BTC-28JUN24-40000-C,28364.35,buy,,5.0,,,,
631,267170396,2023-10-18 14:48:18,2,0.074,0.07432035,54.0,BTC-28JUN24-40000-C,28203.35,buy,,0.1,,,,
632,267170454,2023-10-18 14:49:06,3,0.074,0.07423148,54.01,BTC-28JUN24-40000-C,28203.01,buy,,4.9,,,,
633,267170478,2023-10-18 14:49:45,3,0.074,0.07428634,53.99,BTC-28JUN24-40000-C,28210.0,buy,,0.2,,,,
634,267171131,2023-10-18 15:01:43,2,0.0735,0.07438989,53.8,BTC-28JUN24-40000-C,28223.31,sell,,1.0,,,,
635,267202145,2023-10-19 02:42:35,0,0.0774,0.0755657,55.26,BTC-28JUN24-40000-C,28202.24,sell,,175.0,101714,,,
636,267209401,2023-10-19 06:47:39,2,0.077,0.0761354,54.85,BTC-28JUN24-40000-C,28304.56,buy,,0.1,,,,
637,267209402,2023-10-19 06:47:48,3,0.077,0.07613942,54.86,BTC-28JUN24-40000-C,28304.62,sell,,0.1,,,,
638,267210284,2023-10-19 07:15:57,2,0.076,0.07604768,54.64,BTC-28JUN24-40000-C,28268.47,sell,,0.1,,,,
639,267318756,2023-10-20 04:02:03,0,0.0845,0.08611599,54.3,BTC-28JUN24-40000-C,29290.95,sell,,0.1,,,,
640,267333912,2023-10-20 06:50:39,0,0.0865,0.08645318,54.99,BTC-28JUN24-40000-C,29277.02,buy,,0.7,,,,
641,267333913,2023-10-20 06:50:39,1,0.0865,0.08645318,54.99,BTC-28JUN24-40000-C,29277.02,buy,,0.3,,,,
642,267333916,2023-10-20 06:50:40,1,0.0865,0.08645357,54.99,BTC-28JUN24-40000-C,29277.02,sell,,0.8,,,,
643,267341607,2023-10-20 07:44:21,0,0.089,0.08831995,55.6,BTC-28JUN24-40000-C,29350.75,buy,,10.0,,,,
644,267349350,2023-10-20 08:05:46,0,0.0895,0.0884479,55.88,BTC-28JUN24-40000-C,29319.12,buy,,0.1,,,,
645,267351803,2023-10-20 08:15:50,1,0.0895,0.08961093,55.73,BTC-28JUN24-40000-C,29370.57,buy,,0.8,,,,
646,267365823,2023-10-20 08:45:09,0,0.0955,0.09569943,56.27,BTC-28JUN24-40000-C,29844.22,buy,,0.1,,,,
647,267365924,2023-10-20 08:45:24,2,0.095,0.09515875,56.25,BTC-28JUN24-40000-C,29789.62,buy,,0.8,,,,
648,267370843,2023-10-20 09:12:31,0,0.0965,0.09710195,56.97,BTC-28JUN24-40000-C,29718.35,sell,,0.5,,,,
649,267374273,2023-10-20 09:31:40,0,0.097,0.09774639,56.85,BTC-28JUN24-40000-C,29778.7,buy,,0.1,,,,
650,267374278,2023-10-20 09:31:41,1,0.097,0.0976935,56.86,BTC-28JUN24-40000-C,29781.44,buy,,0.1,,,,
651,267374807,2023-10-20 09:35:47,2,0.096,0.097199,56.55,BTC-28JUN24-40000-C,29778.91,sell,,1.9,,,,
652,267374808,2023-10-20 09:35:47,3,0.096,0.097199,56.55,BTC-28JUN24-40000-C,29778.91,buy,,7.9,,,,
653,267377833,2023-10-20 10:07:15,0,0.097,0.09701456,56.63,BTC-28JUN24-40000-C,29863.07,buy,,0.5,,,,
654,267488249,2023-10-21 13:43:43,2,0.093,0.09404918,55.8,BTC-28JUN24-40000-C,29775.1,buy,,0.3,,,,
655,267488325,2023-10-21 13:46:39,3,0.093,0.09396033,55.82,BTC-28JUN24-40000-C,29772.99,buy,,0.3,,,,
656,267489379,2023-10-21 14:29:06,0,0.095,0.09412637,56.37,BTC-28JUN24-40000-C,29800.38,buy,,0.1,,,,
657,267489416,2023-10-21 14:30:08,1,0.095,0.09413707,56.38,BTC-28JUN24-40000-C,29796.1,buy,,0.2,,,,
658,267489559,2023-10-21 14:36:37,1,0.095,0.09410342,56.43,BTC-28JUN24-40000-C,29781.38,buy,,0.1,,,,
659,267489664,2023-10-21 14:39:43,1,0.095,0.09434361,56.37,BTC-28JUN24-40000-C,29800.57,buy,,0.1,,,,
660,267511803,2023-10-21 18:18:30,0,0.096,0.09727513,55.9,BTC-28JUN24-40000-C,30069.45,buy,,0.3,,,,
661,267511875,2023-10-21 18:19:02,2,0.0955,0.09732447,55.7,BTC-28JUN24-40000-C,30078.26,buy,,0.1,,,,
662,267632903,2023-10-23 04:05:47,0,0.1075,0.10943393,57.21,BTC-28JUN24-40000-C,30806.49,buy,,1.0,,,,
663,267718096,2023-10-23 12:49:48,0,0.108,0.10725762,58.17,BTC-28JUN24-40000-C,30636.39,buy,,0.8,,,,
664,267718097,2023-10-23 12:49:48,1,0.108,0.10725762,58.17,BTC-28JUN24-40000-C,30636.39,sell,,3.2,,,,
665,267721802,2023-10-23 13:25:11,2,0.1065,0.10680564,57.79,BTC-28JUN24-40000-C,30613.29,sell,,0.2,,,,
666,267809528,2023-10-23 19:31:38,0,0.117,0.11700867,59.34,BTC-28JUN24-40000-C,31147.87,sell,,0.1,,,,
667,267875035,2023-10-23 22:42:03,0,0.15,0.14093625,62.21,BTC-28JUN24-40000-C,33490.2,buy,,1.0,,,,
668,268098683,2023-10-24 05:44:02,2,0.1475,0.14836645,58.3,BTC-28JUN24-40000-C,34310.98,buy,,0.8,,,,
669,268103428,2023-10-24 05:54:09,2,0.1455,0.14638912,58.52,BTC-28JUN24-40000-C,34030.19,buy,,0.3,,,,
670,268168577,2023-10-24 09:58:37,0,0.153,0.15304557,59.85,BTC-28JUN24-40000-C,34340.01,sell,,0.3,,,,
671,268180746,2023-10-24 10:54:07,2,0.1525,0.15365735,59.44,BTC-28JUN24-40000-C,34427.78,buy,,0.1,,,,
672,268180856,2023-10-24 10:55:41,3,0.1525,0.15360212,59.45,BTC-28JUN24-40000-C,34429.53,sell,,0.1,,,,
673,268181628,2023-10-24 10:59:13,0,0.155,0.15395548,60.14,BTC-28JUN24-40000-C,34452.03,sell,,0.1,,,,
674,268181632,2023-10-24 10:59:18,1,0.155,0.15397434,60.14,BTC-28JUN24-40000-C,34452.41,sell,,0.1,,,,
675,268181633,2023-10-24 10:59:21,1,0.155,0.1539652,60.14,BTC-28JUN24-40000-C,34450.45,sell,,0.1,,,,
676,268181634,2023-10-24 10:59:26,2,0.1545,0.1539865,59.99,BTC-28JUN24-40000-C,34453.66,sell,,0.1,,,,
677,268188051,2023-10-24 11:16:25,0,0.1575,0.15717954,60.11,BTC-28JUN24-40000-C,34702.98,sell,,0.5,,,,
678,268199067,2023-10-24 11:44:49,2,0.1545,0.15499513,59.86,BTC-28JUN24-40000-C,34481.44,sell,,0.1,,,,
679,268212800,2023-10-24 12:36:56,0,0.1555,0.15568507,59.68,BTC-28JUN24-40000-C,34677.98,buy,,1.0,,,,
680,268216448,2023-10-24 12:53:54,0,0.156,0.15664239,59.77,BTC-28JUN24-40000-C,34678.76,buy,,0.1,,,,
681,268224477,2023-10-24 13:21:53,2,0.154,0.15344939,59.98,BTC-28JUN24-40000-C,34429.21,buy,,0.1,,,,
682,268224478,2023-10-24 13:21:53,3,0.154,0.15344939,59.98,BTC-28JUN24-40000-C,34429.21,buy,,0.1,,,,
683,268224625,2023-10-24 13:22:38,2,0.1535,0.15366261,59.76,BTC-28JUN24-40000-C,34458.6,buy,,0.1,,,,
684,268226004,2023-10-24 13:28:30,2,0.153,0.15289954,59.73,BTC-28JUN24-40000-C,34420.88,buy,,0.1,,,,
685,268226331,2023-10-24 13:30:49,0,0.1535,0.15333565,59.72,BTC-28JUN24-40000-C,34475.01,buy,,0.1,,,,
686,268245947,2023-10-24 14:41:56,2,0.153,0.15129781,60.27,BTC-28JUN24-40000-C,34244.06,buy,,0.4,,,,
687,268245948,2023-10-24 14:41:56,3,0.153,0.15129781,60.27,BTC-28JUN24-40000-C,34244.06,buy,,16.0,,,,
688,268245950,2023-10-24 14:41:56,3,0.153,0.15129781,60.27,BTC-28JUN24-40000-C,34244.06,sell,,3.6,,,,
689,268248167,2023-10-24 14:49:18,2,0.1525,0.15231095,59.64,BTC-28JUN24-40000-C,34404.96,buy,,14.0,,,,
690,268248168,2023-10-24 14:49:18,3,0.1525,0.15231095,59.64,BTC-28JUN24-40000-C,34404.96,sell,,1.0,,,,
691,268307465,2023-10-24 16:01:50,2,0.1295,0.13191376,55.35,BTC-28JUN24-40000-C,33600.65,sell,,0.1,,,,
692,268309498,2023-10-24 16:04:42,2,0.1255,0.1288429,54.25,BTC-28JUN24-40000-C,33586.08,sell,,0.1,,,,
693,268310763,2023-10-24 16:06:08,2,0.1225,0.12560491,53.66,BTC-28JUN24-40000-C,33506.11,sell,,0.1,,,,
694,268526846,2023-10-25 11:06:55,0,0.139,0.13909681,56.51,BTC-28JUN24-40000-C,34255.96,buy,,15.0,104467,BTC-CBUT-28JUN24-40000_55000_70000,,
695,268543971,2023-10-25 12:52:13,1,0.139,0.13996327,56.08,BTC-28JUN24-40000-C,34335.58,buy,,0.1,,,,
696,268570498,2023-10-25 14:47:06,0,0.1456,0.14356053,56.86,BTC-28JUN24-40000-C,34658.76,buy,,25.0,104545,,,
697,268642519,2023-10-25 21:10:34,0,0.15,0.15228462,57.79,BTC-28JUN24-40000-C,34760.45,sell,,0.5,,,,
698,268642520,2023-10-25 21:10:34,1,0.15,0.15228462,57.79,BTC-28JUN24-40000-C,34760.45,sell,,0.5,,,,
699,268787760,2023-10-26 16:05:04,2,0.1487,0.14834935,59.72,BTC-28JUN24-40000-C,34064.72,buy,,100.0,104954,,,
700,268791823,2023-10-26 16:34:00,2,0.146,0.14569957,59.34,BTC-28JUN24-40000-C,33925.08,sell,,0.2,,,,
701,268837338,2023-10-26 22:43:01,2,0.1455,0.14554642,58.33,BTC-28JUN24-40000-C,34206.74,sell,,0.1,,,,
702,268837339,2023-10-26 22:43:04,3,0.1455,0.14555379,58.33,BTC-28JUN24-40000-C,34206.84,sell,,0.1,,,,
703,268843916,2023-10-26 23:42:11,3,0.1455,0.1452028,58.42,BTC-28JUN24-40000-C,34169.46,sell,,1.0,,,,
704,268843917,2023-10-26 23:42:17,3,0.1455,0.1452122,58.41,BTC-28JUN24-40000-C,34169.91,sell,,0.2,,,,
705,268853754,2023-10-27 01:27:19,2,0.142,0.14191948,58.02,BTC-28JUN24-40000-C,33961.47,sell,,0.1,,,,
706,268853755,2023-10-27 01:27:19,3,0.142,0.14191948,58.02,BTC-28JUN24-40000-C,33961.47,sell,,0.1,,,,
707,268879569,2023-10-27 06:41:01,0,0.144,0.14292252,58.02,BTC-28JUN24-40000-C,34151.51,buy,,0.1,,,,
708,268907024,2023-10-27 08:28:29,2,0.142,0.14159685,57.89,BTC-28JUN24-40000-C,34026.68,sell,,6.1,,,,
709,268907033,2023-10-27 08:28:31,3,0.142,0.14159906,57.89,BTC-28JUN24-40000-C,34026.68,sell,,2.9,,,,
710,268937105,2023-10-27 12:16:58,2,0.1405,0.14060095,57.37,BTC-28JUN24-40000-C,34038.64,buy,,0.1,,,,
711,268937392,2023-10-27 12:20:00,0,0.1415,0.14102798,57.57,BTC-28JUN24-40000-C,34076.81,sell,,0.1,,,,
712,268937496,2023-10-27 12:21:08,0,0.142,0.14118673,57.69,BTC-28JUN24-40000-C,34078.78,buy,,0.1,,,,
713,268989045,2023-10-27 16:02:29,1,0.142,0.14251017,57.84,BTC-28JUN24-40000-C,33992.5,buy,,2.3,,,,
714,268989486,2023-10-27 16:08:11,1,0.142,0.14240398,57.72,BTC-28JUN24-40000-C,34034.01,buy,,0.7,,,,
715,269012613,2023-10-27 18:31:07,2,0.1345,0.13565622,57.25,BTC-28JUN24-40000-C,33448.79,buy,,0.1,,,,
716,269022978,2023-10-27 22:13:16,0,0.137,0.13826142,56.72,BTC-28JUN24-40000-C,33848.8,buy,,0.1,,,,
717,269034839,2023-10-28 03:44:39,0,0.1385,0.14096383,56.52,BTC-28JUN24-40000-C,34054.61,sell,,0.1,,,,
718,269066862,2023-10-28 15:55:38,0,0.144,0.14319866,57.61,BTC-28JUN24-40000-C,34227.5,sell,,3.0,,,,
719,269117656,2023-10-29 17:52:55,0,0.15,0.1486331,57.75,BTC-28JUN24-40000-C,34739.7,buy,,1.0,,,,
720,269129282,2023-10-29 19:29:13,0,0.1515,0.15213349,58.67,BTC-28JUN24-40000-C,34559.69,sell,,0.1,,,,
721,269134158,2023-10-29 21:38:59,0,0.152,0.15255686,58.73,BTC-28JUN24-40000-C,34612.09,sell,,0.1,,,,
722,269134772,2023-10-29 21:50:52,2,0.1515,0.15200208,58.66,BTC-28JUN24-40000-C,34587.68,sell,,0.1,,,,
723,269135338,2023-10-29 21:58:55,2,0.1505,0.15126427,58.53,BTC-28JUN24-40000-C,34534.03,sell,,0.1,,,,
724,269215336,2023-10-30 14:37:54,2,0.15,0.15102912,58.19,BTC-28JUN24-40000-C,34635.04,buy,,0.4,,,,
725,269434834,2023-11-01 17:07:38,0,0.152,0.15250893,59.31,BTC-28JUN24-40000-C,34500.84,buy,,0.1,,,,
726,269543871,2023-11-02 03:58:34,0,0.173,0.1720798,61.79,BTC-28JUN24-40000-C,35609.91,sell,,1.0,,,,
727,269566303,2023-11-02 06:53:25,2,0.165,0.1663949,60.65,BTC-28JUN24-40000-C,35250.84,buy,,0.1,,,,
728,269609390,2023-11-02 13:16:09,0,0.1665,0.16766804,61.48,BTC-28JUN24-40000-C,35209.97,sell,,0.1,,,,
729,269656183,2023-11-02 16:56:14,2,0.1605,0.16143346,61.53,BTC-28JUN24-40000-C,34637.34,buy,,0.3,,,,
730,269706373,2023-11-03 00:52:09,0,0.161,0.16103182,61.63,BTC-28JUN24-40000-C,34663.6,sell,,0.1,,,,
731,269721000,2023-11-03 04:00:12,0,0.1625,0.16161441,61.97,BTC-28JUN24-40000-C,34696.6,sell,,0.1,,,,
732,269721141,2023-11-03 04:06:48,0,0.163,0.16142706,62.13,BTC-28JUN24-40000-C,34687.54,buy,,8.0,,,,
733,269748601,2023-11-03 07:47:35,2,0.1585,0.15974839,61.8,BTC-28JUN24-40000-C,34381.42,buy,,0.1,,,M,
734,269749479,2023-11-03 07:50:10,3,0.1585,0.15973474,61.78,BTC-28JUN24-40000-C,34386.39,buy,,0.1,,,M,
735,269750447,2023-11-03 07:52:35,2,0.1575,0.15995597,61.36,BTC-28JUN24-40000-C,34415.82,buy,,2.0,,,M,
736,269768524,2023-11-03 09:06:49,3,0.1575,0.1586127,61.52,BTC-28JUN24-40000-C,34413.95,buy,,0.1,,,,
737,269770682,2023-11-03 09:26:48,0,0.1585,0.15790132,62.15,BTC-28JUN24-40000-C,34316.62,sell,,0.6,,,,
738,269782351,2023-11-03 11:19:50,2,0.1575,0.1565501,62.14,BTC-28JUN24-40000-C,34224.86,buy,,8.0,,,,
739,269885931,2023-11-04 16:00:12,0,0.1625,0.16203122,62.23,BTC-28JUN24-40000-C,34732.59,buy,,0.1,,,,
740,269886023,2023-11-04 16:04:52,2,0.16,0.16257933,61.4,BTC-28JUN24-40000-C,34747.97,sell,,0.1,,,,
741,270037308,2023-11-06 11:44:19,0,0.1683,0.16822041,62.37,BTC-28JUN24-40000-C,35203.71,buy,,25.0,107155,,,
742,270058129,2023-11-06 15:07:24,2,0.1675,0.16832091,62.37,BTC-28JUN24-40000-C,35178.65,buy,,0.2,,,,
743,270081608,2023-11-06 21:20:45,2,0.1665,0.16691929,62.81,BTC-28JUN24-40000-C,34941.17,sell,,0.1,,,,
744,270111494,2023-11-07 08:27:15,0,0.167,0.16669538,62.89,BTC-28JUN24-40000-C,34927.38,sell,,1.8,,,,
745,270112610,2023-11-07 08:43:28,2,0.1665,0.16571502,62.87,BTC-28JUN24-40000-C,34898.46,buy,,0.1,,,,
746,270114606,2023-11-07 09:32:52,2,0.1645,0.16520236,62.38,BTC-28JUN24-40000-C,34852.88,sell,,1.1,,,,
747,270155277,2023-11-07 17:42:36,2,0.1605,0.16047267,61.33,BTC-28JUN24-40000-C,34811.34,buy,,1.0,,,,
748,270177479,2023-11-07 19:10:55,0,0.171,0.17026194,62.2,BTC-28JUN24-40000-C,35505.99,sell,,0.4,,,,
749,270177568,2023-11-07 19:11:18,2,0.1705,0.1702699,62.05,BTC-28JUN24-40000-C,35502.98,sell,,0.7,,,,
750,270179230,2023-11-07 19:19:14,2,0.1695,0.16883678,62.15,BTC-28JUN24-40000-C,35394.23,buy,,0.5,,,,
751,270214623,2023-11-07 23:23:16,0,0.172,0.17168911,62.89,BTC-28JUN24-40000-C,35405.34,sell,,0.1,,,,
752,270214677,2023-11-07 23:24:20,0,0.1725,0.17178861,63.04,BTC-28JUN24-40000-C,35412.05,sell,,0.3,,,,
753,270299662,2023-11-08 20:11:43,0,0.173,0.17256139,62.28,BTC-28JUN24-40000-C,35739.37,sell,,1.0,,,,
754,270401965,2023-11-09 04:56:53,0,0.1905,0.18910848,64.84,BTC-28JUN24-40000-C,36714.14,sell,,0.1,,,,
755,270413218,2023-11-09 06:31:24,2,0.1885,0.18789377,64.25,BTC-28JUN24-40000-C,36715.1,sell,,6.1,,,,
756,270430554,2023-11-09 08:48:05,3,0.1885,0.18922732,64.39,BTC-28JUN24-40000-C,36648.42,sell,,1.7,,,,
757,270430555,2023-11-09 08:48:05,3,0.1885,0.18922732,64.39,BTC-28JUN24-40000-C,36648.42,sell,,1.0,,,,
758,270431892,2023-11-09 08:57:34,2,0.188,0.18937316,63.99,BTC-28JUN24-40000-C,36726.83,sell,,0.5,,,,
759,270433158,2023-11-09 09:16:52,2,0.187,0.18735919,63.88,BTC-28JUN24-40000-C,36670.82,buy,,0.1,,,,
760,270433163,2023-11-09 09:16:55,3,0.187,0.18738859,63.87,BTC-28JUN24-40000-C,36674.34,buy,,0.1,,,,
761,270433170,2023-11-09 09:16:58,3,0.187,0.18744088,63.85,BTC-28JUN24-40000-C,36678.86,buy,,0.1,,,,
762,270433171,2023-11-09 09:17:00,3,0.187,0.1874464,63.85,BTC-28JUN24-40000-C,36679.46,buy,,0.1,,,,
763,270433174,2023-11-09 09:17:02,3,0.187,0.1874489,63.84,BTC-28JUN24-40000-C,36680.82,buy,,0.1,,,,
764,270433176,2023-11-09 09:17:04,3,0.187,0.18744295,63.85,BTC-28JUN24-40000-C,36679.23,buy,,0.1,,,,
765,270433177,2023-11-09 09:17:06,3,0.187,0.18743381,63.85,BTC-28JUN24-40000-C,36678.42,buy,,0.1,,,,
766,270446626,2023-11-09 10:49:17,0,0.189,0.18949658,63.74,BTC-28JUN24-40000-C,36874.07,buy,,0.1,,,,
767,270477359,2023-11-09 13:49:13,0,0.195,0.19262363,64.99,BTC-28JUN24-40000-C,37076.69,buy,,0.1,,,,
768,270478491,2023-11-09 13:51:11,2,0.194,0.19297699,64.6,BTC-28JUN24-40000-C,37102.88,buy,,0.1,,,,
769,270507884,2023-11-09 14:37:07,0,0.198,0.19847156,63.98,BTC-28JUN24-40000-C,37671.77,buy,,0.1,,,,
770,270517475,2023-11-09 14:55:01,0,0.2985,0.2027772,96.28,BTC-28JUN24-40000-C,37925.56,buy,,0.1,,,,
771,270522779,2023-11-09 15:02:31,2,0.2075,0.20276061,66.18,BTC-28JUN24-40000-C,37900.05,buy,,0.1,,,,
772,270543876,2023-11-09 15:36:54,2,0.1965,0.19655328,63.94,BTC-28JUN24-40000-C,37511.62,sell,,0.1,,,,
773,270544377,2023-11-09 15:38:55,2,0.1953,0.19613476,63.55,BTC-28JUN24-40000-C,37505.03,sell,,15.0,108354,BTC-CS-28JUN24-40000_50000,,
774,270574588,2023-11-09 16:26:05,2,0.1825,0.18300698,62.91,BTC-28JUN24-40000-C,36535.46,buy,,0.1,,,,
775,270618001,2023-11-09 19:14:36,2,0.18,0.18001069,63.03,BTC-28JUN24-40000-C,36295.39,sell,,0.1,,,,
776,270643313,2023-11-09 22:21:40,0,0.1803,0.17956075,62.3,BTC-28JUN24-40000-C,36554.03,sell,,12.5,108600,BTC-CS-28JUN24-40000_50000,,
777,270643864,2023-11-09 22:25:36,2,0.1795,0.17957339,62.08,BTC-28JUN24-40000-C,36552.59,buy,,12.5,108603,BTC-CS-28JUN24-40000_50000,,
778,270649113,2023-11-09 23:25:41,2,0.1775,0.17878753,61.45,BTC-28JUN24-40000-C,36545.69,sell,,0.5,,,,
779,270654969,2023-11-10 00:00:05,0,0.179,0.17970673,61.43,BTC-28JUN24-40000-C,36706.95,sell,,0.1,,,,
780,270656720,2023-11-10 00:10:49,0,0.18,0.17918275,61.89,BTC-28JUN24-40000-C,36653.75,buy,,0.4,,,,
781,270656721,2023-11-10 00:10:49,1,0.18,0.17918275,61.89,BTC-28JUN24-40000-C,36653.75,buy,,1.4,,,,
782,270656725,2023-11-10 00:11:00,1,0.18,0.17922438,61.88,BTC-28JUN24-40000-C,36656.28,sell,,3.2,,,,
783,270656735,2023-11-10 00:11:05,1,0.18,0.17921409,61.89,BTC-28JUN24-40000-C,36654.73,sell,,2.0,,,,
784,270661298,2023-11-10 00:52:40,0,0.1802,0.17971005,62.32,BTC-28JUN24-40000-C,36552.97,sell,,13.0,108686,BTC-CS-28JUN24-40000_50000,,
785,270686217,2023-11-10 05:36:41,2,0.1785,0.17838493,61.36,BTC-28JUN24-40000-C,36674.08,sell,,0.1,,,,
786,270689996,2023-11-10 06:25:24,3,0.1785,0.17879648,61.54,BTC-28JUN24-40000-C,36621.72,sell,,0.1,,,,
787,270730875,2023-11-10 11:33:25,0,0.183,0.18351509,61.41,BTC-28JUN24-40000-C,37084.89,buy,,0.9,,,,
788,270732037,2023-11-10 11:36:04,0,0.1835,0.18360464,61.41,BTC-28JUN24-40000-C,37126.65,buy,,0.1,,,,
789,270732977,2023-11-10 11:44:39,2,0.1825,0.18157466,61.6,BTC-28JUN24-40000-C,36968.27,buy,,1.0,,,,
790,270733484,2023-11-10 11:49:35,0,0.184,0.18370233,61.58,BTC-28JUN24-40000-C,37098.95,buy,,1.0,,,,
791,270761404,2023-11-10 15:48:57,2,0.183,0.18365833,61.56,BTC-28JUN24-40000-C,37051.48,buy,,0.1,,,,
792,270761405,2023-11-10 15:48:57,3,0.183,0.18365833,61.56,BTC-28JUN24-40000-C,37051.48,buy,,3.6,,,,
793,270761411,2023-11-10 15:48:57,3,0.183,0.18365833,61.56,BTC-28JUN24-40000-C,37051.48,buy,,0.1,,,,
794,270775799,2023-11-10 17:05:13,0,0.186,0.18640895,61.24,BTC-28JUN24-40000-C,37387.56,buy,,0.1,,,,
795,270781412,2023-11-10 18:35:38,2,0.184,0.18430067,60.99,BTC-28JUN24-40000-C,37283.1,buy,,0.1,,,,
796,270781584,2023-11-10 18:36:57,3,0.184,0.18435902,60.94,BTC-28JUN24-40000-C,37301.15,buy,,0.1,,,,
797,270781867,2023-11-10 18:43:24,2,0.1835,0.18398982,60.81,BTC-28JUN24-40000-C,37297.15,sell,,8.0,,,,
798,270781868,2023-11-10 18:43:24,3,0.1835,0.18398982,60.81,BTC-28JUN24-40000-C,37297.15,sell,,0.8,,,,
799,270801552,2023-11-10 22:49:16,0,0.1845,0.18414008,60.56,BTC-28JUN24-40000-C,37472.88,buy,,1.9,,,,
800,270801553,2023-11-10 22:49:16,1,0.1845,0.18414008,60.56,BTC-28JUN24-40000-C,37472.88,buy,,0.3,,,,
801,270801848,2023-11-10 22:49:20,1,0.1845,0.18455497,60.44,BTC-28JUN24-40000-C,37505.23,buy,,3.8,,,,
802,270871668,2023-11-11 19:53:28,2,0.18,0.18130631,60.28,BTC-28JUN24-40000-C,37169.75,sell,,1.0,,,,
803,270878571,2023-11-11 21:57:49,0,0.1802,0.17911874,61.01,BTC-28JUN24-40000-C,36966.59,buy,,0.4,,BTC-CS-28JUN24-40000_47000,,270878570
804,270911910,2023-11-12 07:52:19,2,0.1785,0.18162596,60.04,BTC-28JUN24-40000-C,37142.51,buy,,0.5,,,M,
805,270920676,2023-11-12 13:12:30,2,0.178,0.17936585,60.22,BTC-28JUN24-40000-C,37035.81,sell,,1.0,,,,
806,270953571,2023-11-13 01:27:46,0,0.1815,0.18067506,60.27,BTC-28JUN24-40000-C,37314.2,buy,,2.4,,,,
807,270953656,2023-11-13 01:29:02,2,0.181,0.1809497,60.04,BTC-28JUN24-40000-C,37333.77,sell,,1.2,,,,
808,270955665,2023-11-13 01:50:36,3,0.181,0.18023553,60.27,BTC-28JUN24-40000-C,37255.1,buy,,0.4,,,,
809,270981612,2023-11-13 08:47:14,2,0.179,0.17827189,60.54,BTC-28JUN24-40000-C,37037.17,buy,,2.6,,,,
810,270981613,2023-11-13 08:47:14,3,0.179,0.17827189,60.54,BTC-28JUN24-40000-C,37037.17,buy,,7.0,,,,
811,270981867,2023-11-13 08:49:40,2,0.178,0.17818192,60.26,BTC-28JUN24-40000-C,37023.35,sell,,0.8,,,,
812,270983921,2023-11-13 09:42:51,0,0.179,0.17841297,60.66,BTC-28JUN24-40000-C,36997.79,buy,,0.4,,,,
813,270999293,2023-11-13 14:20:52,2,0.1775,0.17748009,60.37,BTC-28JUN24-40000-C,36915.44,sell,,0.4,,,,
814,271007447,2023-11-13 15:09:43,2,0.1745,0.17504645,59.9,BTC-28JUN24-40000-C,36778.4,sell,,0.6,,,,
815,271011693,2023-11-13 15:56:24,3,0.1745,0.17563311,59.6,BTC-28JUN24-40000-C,36832.05,sell,,1.8,,,,
816,271011694,2023-11-13 15:56:24,3,0.1745,0.17563311,59.6,BTC-28JUN24-40000-C,36832.05,buy,,4.0,,,,
817,271011695,2023-11-13 15:56:24,3,0.1745,0.17563311,59.6,BTC-28JUN24-40000-C,36832.05,buy,,4.0,,,,
818,271011697,2023-11-13 15:56:24,3,0.1745,0.17563311,59.6,BTC-28JUN24-40000-C,36832.05,buy,,0.2,,,,
819,271012781,2023-11-13 16:05:00,0,0.176,0.17605583,59.97,BTC-28JUN24-40000-C,36884.13,sell,,0.4,,,,
820,271115688,2023-11-14 11:14:31,2,0.169,0.169049,59.57,BTC-28JUN24-40000-C,36389.65,buy,,1.0,,,,
821,271208104,2023-11-14 18:53:42,2,0.1585,0.15825934,59.89,BTC-28JUN24-40000-C,35280.72,sell,,0.5,,,,
822,271241452,2023-11-14 20:25:35,0,0.1625,0.16190067,60.78,BTC-28JUN24-40000-C,35417.94,sell,,0.1,,,,
823,271241456,2023-11-14 20:25:35,1,0.1625,0.16190067,60.79,BTC-28JUN24-40000-C,35414.78,sell,,0.1,,,,
824,271241458,2023-11-14 20:25:35,1,0.1625,0.16190067,60.79,BTC-28JUN24-40000-C,35414.78,sell,,0.1,,,,
825,271241461,2023-11-14 20:25:35,1,0.1625,0.16190067,60.79,BTC-28JUN24-40000-C,35414.78,sell,,0.1,,,,
826,271241462,2023-11-14 20:25:35,1,0.1625,0.16187272,60.79,BTC-28JUN24-40000-C,35414.78,sell,,0.1,,,,
827,271241466,2023-11-14 20:25:35,1,0.1625,0.16187272,60.79,BTC-28JUN24-40000-C,35414.78,sell,,0.1,,,,
828,271241467,2023-11-14 20:25:35,1,0.1625,0.16187272,60.79,BTC-28JUN24-40000-C,35414.78,sell,,0.4,,,,
829,271293559,2023-11-15 09:44:55,0,0.165,0.16407828,60.25,BTC-28JUN24-40000-C,35839.24,sell,,1.4,,,,
830,271296049,2023-11-15 10:48:53,2,0.163,0.16386123,59.63,BTC-28JUN24-40000-C,35837.16,buy,,0.1,,,,
831,271296070,2023-11-15 10:49:08,0,0.1635,0.16381153,59.8,BTC-28JUN24-40000-C,35835.58,buy,,0.1,,,,
832,271296094,2023-11-15 10:49:49,2,0.163,0.16374979,59.65,BTC-28JUN24-40000-C,35832.38,buy,,0.1,,,,
833,271418384,2023-11-15 20:39:33,0,0.1847,0.18354357,61.3,BTC-28JUN24-40000-C,37372.02,buy,,1.0,,BTC-CS-28JUN24-40000_60000,,271418383
834,271494455,2023-11-16 09:13:25,2,0.18,0.1808887,60.0,BTC-28JUN24-40000-C,37329.55,buy,,0.1,,,,
835,271494498,2023-11-16 09:13:45,0,0.1815,0.1809383,60.46,BTC-28JUN24-40000-C,37338.47,buy,,1.0,,,,
836,271507207,2023-11-16 11:46:21,0,0.182,0.18081373,60.71,BTC-28JUN24-40000-C,37347.01,buy,,1.1,,,,
837,271507208,2023-11-16 11:46:21,1,0.182,0.18081373,60.71,BTC-28JUN24-40000-C,37347.01,buy,,1.4,,,,
838,271507243,2023-11-16 11:46:31,1,0.182,0.18074648,60.73,BTC-28JUN24-40000-C,37341.86,buy,,0.6,,,,
839,271734111,2023-11-17 10:58:32,2,0.168,0.16887256,60.18,BTC-28JUN24-40000-C,36358.79,sell,,0.6,,,,
840,271734112,2023-11-17 10:58:32,3,0.168,0.16887256,60.18,BTC-28JUN24-40000-C,36358.79,sell,,1.7,,,,
841,271794932,2023-11-17 17:21:40,0,0.1685,0.16811039,60.47,BTC-28JUN24-40000-C,36335.02,sell,,0.7,,,,
842,271884433,2023-11-19 07:33:57,2,0.167,0.16737623,59.55,BTC-28JUN24-40000-C,36624.11,buy,,2.0,,,M,
843,271899347,2023-11-19 15:22:57,0,0.169,0.16593317,60.64,BTC-28JUN24-40000-C,36539.66,sell,,0.1,,,,
844,271957839,2023-11-20 08:09:02,0,0.1755,0.17560192,60.29,BTC-28JUN24-40000-C,37201.59,sell,,1.0,,,,
845,272060964,2023-11-20 20:37:54,0,0.18,0.1802424,60.84,BTC-28JUN24-40000-C,37507.31,sell,,0.1,,,,
846,272090059,2023-11-21 03:15:20,0,0.183,0.18091355,61.66,BTC-28JUN24-40000-C,37537.96,buy,,0.5,,,,
847,272090154,2023-11-21 03:16:27,2,0.1825,0.18055119,61.62,BTC-28JUN24-40000-C,37506.43,buy,,0.4,,,,
848,272090327,2023-11-21 03:19:09,0,0.183,0.18091672,61.67,BTC-28JUN24-40000-C,37540.75,buy,,0.6,,,,
849,272112250,2023-11-21 10:18:48,2,0.178,0.17681956,60.66,BTC-28JUN24-40000-C,37366.53,buy,,1.3,,,,
850,272112251,2023-11-21 10:18:48,3,0.178,0.17681956,60.66,BTC-28JUN24-40000-C,37366.53,buy,,1.5,,,,
851,272112515,2023-11-21 10:24:29,0,0.1785,0.17803844,60.72,BTC-28JUN24-40000-C,37397.05,sell,,0.1,,,,
852,272112519,2023-11-21 10:24:40,1,0.1785,0.17803728,60.72,BTC-28JUN24-40000-C,37395.69,sell,,0.1,,,,
853,272112530,2023-11-21 10:25:26,1,0.1785,0.17814574,60.71,BTC-28JUN24-40000-C,37398.8,sell,,0.2,,,,
854,272112559,2023-11-21 10:26:16,1,0.1785,0.17817518,60.72,BTC-28JUN24-40000-C,37393.99,sell,,0.1,,,,
855,272112590,2023-11-21 10:26:48,1,0.1785,0.17817208,60.73,BTC-28JUN24-40000-C,37391.75,sell,,0.1,,,,
856,272112616,2023-11-21 10:28:00,1,0.1785,0.17830452,60.72,BTC-28JUN24-40000-C,37392.32,sell,,0.2,,,,
857,272114235,2023-11-21 10:50:46,1,0.1785,0.17875313,60.68,BTC-28JUN24-40000-C,37390.41,sell,,5.0,,,,
858,272114236,2023-11-21 10:50:46,1,0.1785,0.17875313,60.68,BTC-28JUN24-40000-C,37390.41,sell,,4.2,,,,
859,272114237,2023-11-21 10:50:46,1,0.1785,0.17875313,60.68,BTC-28JUN24-40000-C,37390.41,sell,,0.8,,,,
860,272114336,2023-11-21 10:51:31,1,0.1785,0.17869917,60.71,BTC-28JUN24-40000-C,37381.16,sell,,2.0,,,,
861,272114337,2023-11-21 10:51:31,1,0.1785,0.17869917,60.71,BTC-28JUN24-40000-C,37381.16,sell,,0.4,,,,
862,272114375,2023-11-21 10:51:53,1,0.1785,0.17871353,60.7,BTC-28JUN24-40000-C,37379.89,sell,,5.0,,,,
863,272114390,2023-11-21 10:51:54,1,0.1785,0.17871353,60.7,BTC-28JUN24-40000-C,37379.89,sell,,2.0,,,,
864,272114391,2023-11-21 10:51:54,1,0.1785,0.17871353,60.7,BTC-28JUN24-40000-C,37379.89,sell,,0.4,,,,
865,272114395,2023-11-21 10:51:55,1,0.1785,0.17871386,60.7,BTC-28JUN24-40000-C,37379.93,sell,,5.0,,,,
866,272114424,2023-11-21 10:52:06,1,0.1785,0.17876417,60.69,BTC-28JUN24-40000-C,37383.82,sell,,1.6,,,,
867,272141385,2023-11-21 14:44:02,2,0.1699,0.17046004,60.24,BTC-28JUN24-40000-C,36786.65,sell,,35.0,111167,BTC-CS-28JUN24-40000_55000,,
868,272293926,2023-11-22 00:24:56,2,0.161,0.16132086,60.27,BTC-28JUN24-40000-C,36072.14,sell,,0.5,,,,
869,272329291,2023-11-22 09:11:30,0,0.1675,0.16771851,60.46,BTC-28JUN24-40000-C,36572.93,sell,,0.4,,,,
870,272329362,2023-11-22 09:12:33,1,0.1675,0.16783547,60.45,BTC-28JUN24-40000-C,36575.62,sell,,0.4,,,,
871,272329783,2023-11-22 09:17:38,1,0.1675,0.1675867,60.57,BTC-28JUN24-40000-C,36539.59,sell,,15.0,111413,BTC-CS-28JUN24-40000_75000,,
872,272359167,2023-11-22 16:00:11,2,0.1645,0.16588564,59.8,BTC-28JUN24-40000-C,36484.07,sell,,0.1,,,,
873,272396536,2023-11-22 19:43:54,0,0.1745,0.17432804,60.38,BTC-28JUN24-40000-C,37225.92,sell,,0.1,,,,
874,272396593,2023-11-22 19:44:13,1,0.1745,0.17440318,60.34,BTC-28JUN24-40000-C,37234.54,sell,,0.1,,,,
875,272396670,2023-11-22 19:45:03,1,0.1745,0.17434864,60.37,BTC-28JUN24-40000-C,37229.61,sell,,0.1,,,,
876,272396698,2023-11-22 19:45:15,1,0.1745,0.17450147,60.31,BTC-28JUN24-40000-C,37246.0,sell,,0.1,,,,
877,272396779,2023-11-22 19:46:28,2,0.174,0.17419613,60.26,BTC-28JUN24-40000-C,37212.09,sell,,0.1,,,,
878,272453398,2023-11-23 08:07:07,0,0.1775,0.17605293,60.6,BTC-28JUN24-40000-C,37405.11,buy,,0.1,,,,
879,272457401,2023-11-23 09:04:45,1,0.1775,0.1766227,60.26,BTC-28JUN24-40000-C,37481.69,buy,,0.9,,,,
880,272495921,2023-11-23 15:57:56,2,0.1715,0.17102458,60.26,BTC-28JUN24-40000-C,36953.09,buy,,0.7,,,,
881,272595359,2023-11-24 13:04:00,0,0.1795,0.17932565,60.06,BTC-28JUN24-40000-C,37704.69,sell,,0.2,,,,
882,272637145,2023-11-24 15:58:41,0,0.185,0.18521855,59.85,BTC-28JUN24-40000-C,38203.82,buy,,0.1,,,,
883,272689617,2023-11-24 23:26:07,2,0.18,0.1800797,60.32,BTC-28JUN24-40000-C,37707.23,sell,,3.0,,,,
884,272689646,2023-11-24 23:26:51,3,0.18,0.18006932,60.33,BTC-28JUN24-40000-C,37704.25,sell,,3.0,,,,
885,272718759,2023-11-25 15:09:34,2,0.173,0.17676226,58.08,BTC-28JUN24-40000-C,37701.92,sell,,0.1,,,,
886,272721121,2023-11-25 16:36:00,0,0.179,0.17889724,59.88,BTC-28JUN24-40000-C,37753.91,sell,,0.1,,,,
887,272743413,2023-11-26 11:56:54,2,0.1785,0.17960987,59.91,BTC-28JUN24-40000-C,37704.38,sell,,0.1,,,,
888,272776027,2023-11-26 18:28:40,2,0.174,0.17448824,60.13,BTC-28JUN24-40000-C,37240.81,sell,,0.1,,,,
889,272781980,2023-11-26 20:42:53,2,0.1735,0.17297759,59.13,BTC-28JUN24-40000-C,37474.81,sell,,12.7,,,,
890,272781995,2023-11-26 20:42:53,3,0.1735,0.17297759,59.13,BTC-28JUN24-40000-C,37474.81,sell,,0.2,,,,
891,272782023,2023-11-26 20:43:03,0,0.174,0.17321123,59.28,BTC-28JUN24-40000-C,37477.46,sell,,2.4,,,,
892,272782119,2023-11-26 20:43:18,1,0.174,0.17358973,59.26,BTC-28JUN24-40000-C,37483.98,sell,,6.1,,,,
893,272782120,2023-11-26 20:43:18,1,0.174,0.17358973,59.26,BTC-28JUN24-40000-C,37483.98,sell,,1.3,,,,
894,272782129,2023-11-26 20:43:20,1,0.174,0.1736337,59.27,BTC-28JUN24-40000-C,37482.96,sell,,6.2,,,,
895,272782130,2023-11-26 20:43:20,1,0.174,0.1736337,59.27,BTC-28JUN24-40000-C,37482.96,sell,,1.1,,,,
896,272794282,2023-11-26 23:01:48,0,0.176,0.17609272,59.29,BTC-28JUN24-40000-C,37620.26,sell,,0.1,,,,
897,272831728,2023-11-27 10:04:50,2,0.173,0.17296614,59.66,BTC-28JUN24-40000-C,37347.06,sell,,0.5,,,,
898,272834296,2023-11-27 10:39:28,2,0.171,0.17133944,59.83,BTC-28JUN24-40000-C,37118.34,sell,,0.4,,,,
899,272889923,2023-11-27 18:10:55,2,0.1695,0.16856486,60.09,BTC-28JUN24-40000-C,36982.09,buy,,0.1,,,,
900,272889925,2023-11-27 18:11:00,3,0.1695,0.16859922,60.08,BTC-28JUN24-40000-C,36985.08,buy,,0.1,,,,
901,272920347,2023-11-28 03:47:35,2,0.168,0.16846927,59.02,BTC-28JUN24-40000-C,37130.01,sell,,0.1,,,,
902,272937909,2023-11-28 09:41:13,2,0.1673,0.16761728,58.87,BTC-28JUN24-40000-C,37106.56,buy,,159.4,112352,,,
903,273015749,2023-11-28 20:23:01,0,0.1805,0.17937801,59.43,BTC-28JUN24-40000-C,38145.81,buy,,0.4,,,,
904,273019619,2023-11-28 21:02:14,2,0.18,0.17949023,59.2,BTC-28JUN24-40000-C,38190.57,buy,,0.5,,,,
905,273089044,2023-11-29 13:06:36,0,0.182,0.18139883,59.65,BTC-28JUN24-40000-C,38248.48,buy,,0.8,,,,
906,273094672,2023-11-29 14:33:00,2,0.18,0.17962445,59.95,BTC-28JUN24-40000-C,37999.17,sell,,0.1,,,,
907,273136246,2023-11-30 00:03:59,2,0.1785,0.1765542,60.23,BTC-28JUN24-40000-C,37838.81,buy,,1.0,,,,
908,273168227,2023-11-30 11:10:54,2,0.1752,0.17586296,59.71,BTC-28JUN24-40000-C,37681.48,sell,,25.0,112823,BTC-CS-28JUN24-40000_60000,,
909,273198209,2023-11-30 16:10:57,2,0.173,0.1733565,59.37,BTC-28JUN24-40000-C,37602.14,buy,,1.0,,,,
910,273338735,2023-12-01 16:19:38,0,0.183,0.18360191,58.93,BTC-28JUN24-40000-C,38603.74,buy,,0.1,,,,
911,273484029,2023-12-03 03:12:55,0,0.193,0.19283302,59.7,BTC-28JUN24-40000-C,39299.2,sell,,0.1,,,,
912,273495247,2023-12-03 09:51:32,2,0.1925,0.19320301,59.11,BTC-28JUN24-40000-C,39443.14,sell,,0.1,,,,
913,273650237,2023-12-04 08:00:38,0,0.2148,0.21367418,58.95,BTC-28JUN24-40000-C,41481.72,buy,,25.0,113583,BTC-STRD-28JUN24-40000,,
914,273716626,2023-12-04 14:20:47,0,0.2195,0.21626912,60.19,BTC-28JUN24-40000-C,41658.69,sell,,1.0,,,,
915,273759464,2023-12-04 18:53:57,2,0.2185,0.21760136,59.79,BTC-28JUN24-40000-C,41749.07,sell,,0.1,,,,
916,273759471,2023-12-04 18:54:01,3,0.2185,0.21760569,59.78,BTC-28JUN24-40000-C,41751.33,sell,,0.1,,,,
917,273759478,2023-12-04 18:54:28,3,0.2185,0.21766143,59.77,BTC-28JUN24-40000-C,41755.01,sell,,0.1,,,,
918,273765442,2023-12-04 19:38:39,3,0.2185,0.21863184,59.11,BTC-28JUN24-40000-C,41898.74,buy,,0.5,,,,
919,273765886,2023-12-04 19:44:30,3,0.2185,0.21834744,59.24,BTC-28JUN24-40000-C,41867.22,buy,,2.1,,,,
920,273765887,2023-12-04 19:44:30,3,0.2185,0.21834744,59.24,BTC-28JUN24-40000-C,41867.22,buy,,0.3,,,,
921,273768049,2023-12-04 19:59:03,0,0.2195,0.21936451,59.26,BTC-28JUN24-40000-C,41948.9,buy,,0.2,,,,
922,273768566,2023-12-04 20:02:03,1,0.2195,0.21950304,59.23,BTC-28JUN24-40000-C,41956.12,buy,,0.1,,,,
923,273847706,2023-12-05 13:06:35,2,0.2185,0.21733335,59.19,BTC-28JUN24-40000-C,41889.15,sell,,0.1,,,,
924,273847709,2023-12-05 13:06:40,3,0.2185,0.21739373,59.19,BTC-28JUN24-40000-C,41889.56,sell,,0.1,,,,
925,273847721,2023-12-05 13:06:44,3,0.2185,0.21747572,59.16,BTC-28JUN24-40000-C,41896.14,sell,,0.1,,,,
926,273873214,2023-12-05 15:48:30,0,0.222,0.22211357,59.15,BTC-28JUN24-40000-C,42257.2,sell,,0.2,,,,
927,273998269,2023-12-05 21:01:08,0,0.235,0.23701815,57.92,BTC-28JUN24-40000-C,43786.41,buy,,6.0,,,,
928,274005627,2023-12-05 21:47:02,0,0.24,0.2400715,58.44,BTC-28JUN24-40000-C,44163.3,buy,,0.5,,,,
929,274008835,2023-12-05 21:56:53,2,0.238,0.23911466,57.97,BTC-28JUN24-40000-C,44062.38,buy,,4.0,,,,
930,274008836,2023-12-05 21:56:53,3,0.238,0.23911466,57.97,BTC-28JUN24-40000-C,44062.38,buy,,1.0,,,,
931,274021294,2023-12-05 22:36:21,0,0.242,0.24422446,58.19,BTC-28JUN24-40000-C,44394.06,buy,,0.1,,,,
932,274204646,2023-12-07 04:53:32,2,0.238,0.23729168,58.84,BTC-28JUN24-40000-C,43991.2,sell,,1.0,,,,
933,274205609,2023-12-07 05:16:45,2,0.2365,0.23668405,58.29,BTC-28JUN24-40000-C,43994.1,sell,,2.0,,,,
934,274488081,2023-12-08 20:54:56,0,0.238,0.23818571,57.61,BTC-28JUN24-40000-C,44339.88,buy,,3.1,,,,
935,274488322,2023-12-08 20:54:58,1,0.238,0.23840581,57.52,BTC-28JUN24-40000-C,44353.75,buy,,3.9,,,,
936,274509769,2023-12-08 22:51:21,0,0.24,0.23982772,57.98,BTC-28JUN24-40000-C,44397.3,sell,,0.1,,,,
937,274638616,2023-12-10 21:42:11,2,0.2315,0.23274101,57.42,BTC-28JUN24-40000-C,43803.86,sell,,0.5,,,,
938,274673973,2023-12-11 02:12:12,2,0.21,0.21401755,56.23,BTC-28JUN24-40000-C,42168.97,buy,,0.1,,,,
939,274683830,2023-12-11 02:13:23,2,0.197,0.19437495,58.79,BTC-28JUN24-40000-C,40484.85,buy,,0.1,,,,
940,274873283,2023-12-11 18:11:08,0,0.2005,0.20118885,57.07,BTC-28JUN24-40000-C,41064.84,buy,,0.6,,,,
941,274873374,2023-12-11 18:11:17,1,0.2005,0.20128517,57.03,BTC-28JUN24-40000-C,41070.42,buy,,0.4,,,,
942,275150137,2023-12-13 06:47:02,2,0.1975,0.19824476,56.32,BTC-28JUN24-40000-C,40932.47,buy,1.0,1.0,,,,
943,275323929,2023-12-14 13:26:09,0,0.221,0.22064368,57.29,BTC-28JUN24-40000-C,42846.05,sell,1.7,1.7,,,,
944,275406842,2023-12-14 18:09:59,2,0.2205,0.22142767,56.39,BTC-28JUN24-40000-C,43051.92,buy,0.1,0.1,,,,
945,275418147,2023-12-14 20:17:22,2,0.22,0.22044865,56.65,BTC-28JUN24-40000-C,42926.8,sell,5.0,5.0,,,,
946,275626971,2023-12-16 16:40:22,2,0.216,0.21649038,56.33,BTC-28JUN24-40000-C,42654.16,buy,1.0,1.0,,,,
947,275848374,2023-12-18 17:18:26,2,0.202,0.20205395,56.28,BTC-28JUN24-40000-C,41523.22,buy,0.1,0.1,,,,
948,276071263,2023-12-20 11:03:54,0,0.209,0.21931265,53.37,BTC-28JUN24-40000-C,42834.34,buy,59.4,59.4,116976,,,
949,276092479,2023-12-20 13:43:28,0,0.2256,0.22571244,57.53,BTC-28JUN24-40000-C,43391.63,sell,12.5,12.5,117014,BTC-CS-28JUN24-40000_42000,,
950,276106884,2023-12-20 14:14:42,0,0.2287,0.22930455,57.58,BTC-28JUN24-40000-C,43679.8,sell,500.0,500.0,117039,BTC-CBUT-28JUN24-40000_55000_80000,,
951,276137598,2023-12-20 16:35:05,0,0.234,0.23376426,58.25,BTC-28JUN24-40000-C,43963.85,sell,1.0,1.0,,,,
952,276268307,2023-12-21 14:16:57,2,0.233,0.23255867,58.44,BTC-28JUN24-40000-C,43752.52,sell,3.0,3.0,,,,
953,276268390,2023-12-21 14:16:58,3,0.233,0.2325596,58.44,BTC-28JUN24-40000-C,43739.06,sell,2.0,2.0,,,,
954,276519860,2023-12-24 04:49:54,0,0.234,0.23478573,58.66,BTC-28JUN24-40000-C,43814.72,sell,0.1,0.1,,,,
955,276680364,2023-12-26 06:54:53,2,0.217,0.21750256,57.32,BTC-28JUN24-40000-C,42694.8,buy,1.0,1.0,,,,
956,276851578,2023-12-27 17:07:57,0,0.229,0.22835694,59.91,BTC-28JUN24-40000-C,43102.01,sell,0.4,0.4,,,,
957,276881247,2023-12-27 23:01:54,0,0.232,0.23236394,59.72,BTC-28JUN24-40000-C,43405.9,buy,1.0,1.0,,,,
