trade_seq,trade_id,timestamp,tick_direction,price,mark_price,iv,instrument_name,index_price,direction,amount,combo_id,block_trade_id,combo_trade_id,liquidation
1,220695747,2022-06-23 09:09:40,1,0.1665,0.16700201,72.32,BTC-30JUN23-30000-C,20579.97,sell,0.1,,,,
2,220877316,2022-06-24 11:46:34,0,0.17,0.17090575,70.34,BTC-30JUN23-30000-C,21213.63,sell,0.4,,,,
3,221102238,2022-06-27 14:41:00,0,0.165,0.16628152,71.7,BTC-30JUN23-30000-C,20654.0,sell,1.0,,,,
4,221149960,2022-06-28 04:50:03,0,0.1655,0.16434412,71.57,BTC-30JUN23-30000-C,20748.71,sell,0.1,,,,
5,221239536,2022-06-29 00:46:04,2,0.1545,0.15452111,70.4,BTC-30JUN23-30000-C,20279.22,buy,0.1,,,,
6,221246677,2022-06-29 03:10:35,0,0.159,0.15657474,71.44,BTC-30JUN23-30000-C,20339.6,sell,0.1,,,,
7,221739555,2022-07-03 04:52:22,2,0.1465,0.14849292,73.25,BTC-30JUN23-30000-C,19028.42,sell,2.0,,,,
8,222260956,2022-07-07 16:46:16,0,0.176,0.17509077,73.66,BTC-30JUN23-30000-C,21151.81,sell,4.5,,,,
9,222261025,2022-07-07 16:46:35,1,0.176,0.1747662,73.73,BTC-30JUN23-30000-C,21135.71,sell,0.5,,,,
10,222320508,2022-07-08 03:36:36,0,0.1865,0.18598869,73.15,BTC-30JUN23-30000-C,22090.82,buy,0.8,,,,
11,222330169,2022-07-08 05:52:32,2,0.185,0.18502896,73.68,BTC-30JUN23-30000-C,21801.29,sell,2.0,,,,
12,222398008,2022-07-08 17:17:59,0,0.1875,0.18169437,74.58,BTC-30JUN23-30000-C,21723.76,buy,1.0,,,,
13,222596224,2022-07-11 15:34:35,2,0.157,0.15192925,71.89,BTC-30JUN23-30000-C,20385.69,buy,15.0,,,,
14,222675742,2022-07-12 12:18:28,2,0.1525,0.14839937,72.9,BTC-30JUN23-30000-C,19821.69,buy,11.0,,,,
15,222778086,2022-07-13 12:39:58,2,0.1465,0.14701751,73.84,BTC-30JUN23-30000-C,19094.9,sell,1.0,,,,
16,223077500,2022-07-15 18:47:10,0,0.162,0.15915475,71.68,BTC-30JUN23-30000-C,20979.27,sell,1.0,,,,
17,223353561,2022-07-18 14:11:21,0,0.1755,0.17372667,71.85,BTC-30JUN23-30000-C,22035.34,sell,0.1,,,,
18,223370714,2022-07-18 16:02:31,0,0.1815,0.18096064,71.2,BTC-30JUN23-30000-C,22680.16,buy,1.0,,,,
19,223689520,2022-07-20 00:14:39,0,0.1845,0.19026936,69.99,BTC-30JUN23-30000-C,23260.81,sell,11.0,,,,
20,223804041,2022-07-20 15:07:07,0,0.2035,0.20413561,71.82,BTC-30JUN23-30000-C,24167.58,buy,0.7,,,,
21,223814204,2022-07-20 16:03:56,0,0.2075,0.2076551,72.78,BTC-30JUN23-30000-C,24158.3,buy,0.6,,,,
22,223878910,2022-07-20 21:35:48,2,0.1945,0.18307073,72.42,BTC-30JUN23-30000-C,23334.46,buy,13.9,,,,
23,224219964,2022-07-23 04:38:18,2,0.1925,0.19119857,73.84,BTC-30JUN23-30000-C,22883.03,buy,7.0,,,,
24,224606178,2022-07-26 15:38:15,2,0.1595,0.15829065,72.63,BTC-30JUN23-30000-C,20791.31,sell,4.0,,,,
25,224619139,2022-07-26 17:40:29,0,0.16,0.16040823,72.52,BTC-30JUN23-30000-C,20933.74,buy,3.7,,,,
26,224847572,2022-07-28 04:02:02,0,0.182,0.18184672,70.4,BTC-30JUN23-30000-C,23146.91,buy,0.1,,,,
27,224919028,2022-07-28 14:52:33,2,0.1815,0.18081024,70.72,BTC-30JUN23-30000-C,23062.88,buy,0.1,,,,
28,224919043,2022-07-28 14:52:39,2,0.1805,0.18078399,70.46,BTC-30JUN23-30000-C,23062.1,buy,0.1,,,,
29,225118264,2022-07-29 12:34:19,0,0.189,0.18884198,70.39,BTC-30JUN23-30000-C,23578.49,sell,1.0,,,,
30,225121449,2022-07-29 12:45:01,2,0.188,0.18782584,70.47,BTC-30JUN23-30000-C,23472.34,sell,1.0,,,,
31,225261868,2022-07-30 04:31:03,2,0.1815,0.18084293,68.13,BTC-30JUN23-30000-C,23730.56,buy,0.8,,,,
32,225664869,2022-08-03 00:43:58,2,0.181,0.18123549,71.83,BTC-30JUN23-30000-C,22784.55,sell,0.1,,,,
33,225809611,2022-08-04 17:37:19,0,0.1835,0.17933773,73.35,BTC-30JUN23-30000-C,22606.08,buy,0.1,,,,
34,226181308,2022-08-10 06:41:56,0,0.1845,0.18266003,73.48,BTC-30JUN23-30000-C,22915.91,sell,0.5,,,,
35,226181351,2022-08-10 06:46:12,1,0.1845,0.18306357,73.46,BTC-30JUN23-30000-C,22924.01,sell,1.0,,,,
36,226186309,2022-08-10 08:40:29,0,0.1875,0.18394338,73.82,BTC-30JUN23-30000-C,23045.27,buy,0.1,,,,
37,226241634,2022-08-10 18:47:01,0,0.19,0.18871525,72.46,BTC-30JUN23-30000-C,23600.93,sell,0.1,,,,
38,226419519,2022-08-12 15:51:50,0,0.192,0.18999518,71.72,BTC-30JUN23-30000-C,23996.67,sell,2.0,,,,
39,226419535,2022-08-12 15:52:04,1,0.192,0.18997379,71.73,BTC-30JUN23-30000-C,23993.52,sell,2.0,,,,
40,226458446,2022-08-13 03:43:38,0,0.203,0.19985685,71.89,BTC-30JUN23-30000-C,24793.78,sell,1.0,,,,
41,226458463,2022-08-13 03:44:24,1,0.203,0.19975775,71.93,BTC-30JUN23-30000-C,24788.1,sell,1.0,,,,
42,226514072,2022-08-14 07:37:01,2,0.2,0.19963817,70.48,BTC-30JUN23-30000-C,24974.15,buy,2.0,,,,
43,226531570,2022-08-14 13:49:00,2,0.1995,0.2002628,72.11,BTC-30JUN23-30000-C,24523.25,sell,0.2,,,,
44,226715391,2022-08-16 22:14:49,0,0.23,0.19601975,82.77,BTC-30JUN23-30000-C,23910.22,buy,0.1,,,,
45,226766947,2022-08-17 10:55:47,2,0.18,0.18361866,70.11,BTC-30JUN23-30000-C,23760.76,sell,0.1,,,,
46,226766948,2022-08-17 10:55:47,3,0.18,0.18361866,70.11,BTC-30JUN23-30000-C,23760.76,sell,0.9,,,,
47,226766955,2022-08-17 10:56:13,3,0.18,0.18362087,70.1,BTC-30JUN23-30000-C,23760.28,sell,1.0,,,,
48,226815814,2022-08-17 19:48:28,0,0.1824,0.18109424,72.53,BTC-30JUN23-30000-C,23283.79,buy,87.5,,47352,,
49,226951404,2022-08-19 06:49:39,2,0.16,0.16487976,71.77,BTC-30JUN23-30000-C,21936.97,buy,2.0,,,,
50,226951583,2022-08-19 06:50:28,2,0.1585,0.16425282,71.55,BTC-30JUN23-30000-C,21881.99,sell,2.0,,,,
51,226961172,2022-08-19 07:20:42,0,0.164,0.16579037,72.74,BTC-30JUN23-30000-C,21991.2,buy,4.4,,,,
52,227008549,2022-08-19 11:22:13,2,0.1545,0.15614573,71.91,BTC-30JUN23-30000-C,21510.81,buy,1.7,,,,
53,227012756,2022-08-19 11:48:45,2,0.153,0.15555098,71.59,BTC-30JUN23-30000-C,21456.61,buy,3.6,,,,
54,227034661,2022-08-19 15:27:43,0,0.1615,0.157112,74.32,BTC-30JUN23-30000-C,21340.44,buy,1.0,,,,
55,227136066,2022-08-20 19:05:02,2,0.1545,0.15539541,73.32,BTC-30JUN23-30000-C,21098.74,sell,0.1,,,,
56,227136180,2022-08-20 19:05:37,2,0.154,0.15513063,73.25,BTC-30JUN23-30000-C,21058.57,sell,1.0,,,,
57,227579508,2022-08-26 15:15:35,2,0.142,0.14147553,72.37,BTC-30JUN23-30000-C,20746.09,sell,1.0,,,,
58,227667785,2022-08-27 07:54:32,2,0.1325,0.13054882,71.74,BTC-30JUN23-30000-C,20249.17,buy,17.5,,,,
59,227793324,2022-08-29 14:16:07,0,0.133,0.12993643,72.13,BTC-30JUN23-30000-C,20255.63,buy,2.0,,,,
60,227869266,2022-08-30 14:32:02,2,0.1305,0.12990586,72.3,BTC-30JUN23-30000-C,20028.51,sell,0.1,,,,
61,227987509,2022-08-31 21:44:42,0,0.1372,0.14030268,73.85,BTC-30JUN23-30000-C,20198.1,buy,0.4,BTC-CCAL-30JUN23_30DEC22-30000,,227987507,
62,228012748,2022-09-01 07:09:50,2,0.129,0.12775263,72.64,BTC-30JUN23-30000-C,19918.18,sell,0.5,,,,
63,228053962,2022-09-01 16:35:48,2,0.1235,0.123312,71.93,BTC-30JUN23-30000-C,19680.16,sell,0.2,,,,
64,228185251,2022-09-03 07:24:46,2,0.122,0.124112,70.78,BTC-30JUN23-30000-C,19910.63,buy,0.1,,,,
65,228190828,2022-09-03 09:28:37,2,0.1205,0.12128035,70.83,BTC-30JUN23-30000-C,19790.75,buy,0.1,,,,
66,228190832,2022-09-03 09:29:03,3,0.1205,0.12117002,70.83,BTC-30JUN23-30000-C,19791.09,buy,0.1,,,,
67,228256332,2022-09-05 08:26:17,0,0.123,0.12174198,71.96,BTC-30JUN23-30000-C,19751.4,sell,4.0,,,,
68,228280565,2022-09-05 19:51:11,2,0.12,0.12288991,71.17,BTC-30JUN23-30000-C,19735.44,sell,0.1,,,,
69,228434042,2022-09-06 20:15:12,2,0.113,0.11260884,72.87,BTC-30JUN23-30000-C,18785.39,buy,0.1,,,,
70,228434139,2022-09-06 20:15:43,0,0.1135,0.11288916,72.87,BTC-30JUN23-30000-C,18824.65,buy,0.1,,,,
71,228436646,2022-09-06 20:34:27,1,0.1135,0.11361342,72.68,BTC-30JUN23-30000-C,18865.73,buy,0.1,,,,
72,228436676,2022-09-06 20:35:37,1,0.1135,0.11357558,72.69,BTC-30JUN23-30000-C,18873.97,buy,0.1,,,,
73,228455221,2022-09-07 02:38:25,2,0.113,0.11381086,73.36,BTC-30JUN23-30000-C,18635.3,buy,0.3,,,,
74,228455549,2022-09-07 02:50:03,3,0.113,0.1139386,73.25,BTC-30JUN23-30000-C,18668.81,buy,0.5,,,,
75,228474929,2022-09-07 11:04:45,0,0.117,0.11416067,74.36,BTC-30JUN23-30000-C,18739.97,buy,5.0,,,,
76,228474931,2022-09-07 11:04:53,1,0.117,0.11414411,74.36,BTC-30JUN23-30000-C,18739.17,buy,5.0,,,,
77,228474969,2022-09-07 11:05:39,1,0.117,0.11417587,74.36,BTC-30JUN23-30000-C,18741.27,buy,5.0,,,,
78,228474970,2022-09-07 11:05:41,1,0.117,0.11417019,74.36,BTC-30JUN23-30000-C,18741.22,buy,5.0,,,,
79,228474979,2022-09-07 11:05:44,1,0.117,0.11417975,74.35,BTC-30JUN23-30000-C,18741.18,buy,5.0,,,,
80,228474990,2022-09-07 11:06:10,1,0.117,0.11421605,74.34,BTC-30JUN23-30000-C,18740.99,buy,1.0,,,,
81,228474991,2022-09-07 11:06:14,1,0.117,0.11421805,74.34,BTC-30JUN23-30000-C,18740.87,buy,1.0,,,,
82,228474992,2022-09-07 11:06:17,1,0.117,0.11421732,74.34,BTC-30JUN23-30000-C,18740.67,buy,1.0,,,,
83,228474993,2022-09-07 11:06:19,1,0.117,0.1142287,74.34,BTC-30JUN23-30000-C,18741.64,buy,1.0,,,,
84,228625937,2022-09-09 04:44:07,0,0.132,0.12843868,72.77,BTC-30JUN23-30000-C,20339.13,buy,2.0,,,,
85,228671876,2022-09-09 10:09:22,0,0.1365,0.13515345,72.45,BTC-30JUN23-30000-C,20758.31,sell,1.0,,,,
86,228677875,2022-09-09 10:52:57,0,0.138,0.13861567,71.69,BTC-30JUN23-30000-C,21086.12,buy,0.9,,,,
87,228680249,2022-09-09 11:16:49,2,0.135,0.13742607,71.07,BTC-30JUN23-30000-C,21029.93,buy,1.0,,,,
88,228852250,2022-09-12 02:22:07,0,0.151,0.1509112,73.07,BTC-30JUN23-30000-C,21804.05,buy,0.5,,,,
89,228852577,2022-09-12 02:24:42,0,0.152,0.15171356,73.16,BTC-30JUN23-30000-C,21852.04,buy,0.5,,,,
90,228852700,2022-09-12 02:27:33,2,0.151,0.15171444,72.87,BTC-30JUN23-30000-C,21817.27,buy,0.2,,,,
91,228867864,2022-09-12 07:32:14,0,0.1515,0.15204235,72.21,BTC-30JUN23-30000-C,22068.3,buy,1.0,,,,
92,228868444,2022-09-12 07:37:44,2,0.151,0.1527262,72.16,BTC-30JUN23-30000-C,22045.72,buy,2.0,,,,
93,228869736,2022-09-12 07:42:43,0,0.1515,0.15391867,71.89,BTC-30JUN23-30000-C,22124.06,buy,1.5,,,,
94,228869966,2022-09-12 07:43:32,0,0.153,0.15364378,72.39,BTC-30JUN23-30000-C,22114.13,buy,1.0,,,,
95,228870237,2022-09-12 07:44:07,2,0.1525,0.15366897,72.24,BTC-30JUN23-30000-C,22119.11,buy,1.3,,,,
96,228873490,2022-09-12 08:05:12,0,0.153,0.15560089,72.13,BTC-30JUN23-30000-C,22178.72,buy,0.1,,,,
97,228889327,2022-09-12 12:06:09,0,0.156,0.15650336,72.45,BTC-30JUN23-30000-C,22309.96,buy,1.0,,,,
98,228899379,2022-09-12 14:46:39,2,0.154,0.15692998,71.7,BTC-30JUN23-30000-C,22359.8,sell,0.1,,,,
99,228933839,2022-09-12 23:54:46,0,0.156,0.15892844,72.13,BTC-30JUN23-30000-C,22394.71,sell,0.1,,,,
100,228971515,2022-09-13 10:26:44,0,0.163,0.16213317,73.84,BTC-30JUN23-30000-C,22480.48,buy,1.0,,,,
101,228973792,2022-09-13 11:11:28,0,0.1645,0.16406184,73.86,BTC-30JUN23-30000-C,22591.66,buy,0.5,,,,
102,228973841,2022-09-13 11:12:54,2,0.164,0.16414484,73.72,BTC-30JUN23-30000-C,22585.34,buy,0.5,,,,
103,228973871,2022-09-13 11:13:36,3,0.164,0.16417815,73.73,BTC-30JUN23-30000-C,22584.31,buy,1.0,,,,
104,229048097,2022-09-13 14:20:44,2,0.145,0.14488773,73.64,BTC-30JUN23-30000-C,21234.4,buy,1.0,,,,
105,229048098,2022-09-13 14:20:44,3,0.145,0.14488773,73.64,BTC-30JUN23-30000-C,21234.4,buy,1.0,,,,
106,229048127,2022-09-13 14:21:15,2,0.1445,0.14460273,73.57,BTC-30JUN23-30000-C,21216.75,buy,1.0,,,,
107,229048442,2022-09-13 14:23:08,2,0.144,0.14422478,73.5,BTC-30JUN23-30000-C,21195.41,buy,1.0,,,,
108,229083329,2022-09-13 18:57:58,2,0.1345,0.13255683,74.11,BTC-30JUN23-30000-C,20256.87,sell,0.1,,,,
109,229257431,2022-09-15 15:26:16,2,0.1235,0.12045533,73.44,BTC-30JUN23-30000-C,19699.5,buy,0.1,,,,
110,229353610,2022-09-17 01:18:35,2,0.122,0.11835225,71.94,BTC-30JUN23-30000-C,19998.17,buy,0.1,,,,
111,229406178,2022-09-18 15:16:42,2,0.1195,0.11672679,71.92,BTC-30JUN23-30000-C,19836.58,buy,0.1,,,,
112,229427265,2022-09-18 21:53:50,2,0.1145,0.11546355,72.04,BTC-30JUN23-30000-C,19447.11,sell,1.0,,,,
113,229440675,2022-09-19 02:17:22,2,0.11,0.1080741,72.36,BTC-30JUN23-30000-C,19037.94,sell,0.8,,,,
114,229440676,2022-09-19 02:17:22,3,0.11,0.1080741,72.36,BTC-30JUN23-30000-C,19037.94,sell,0.1,,,,
115,229487772,2022-09-19 07:56:00,2,0.104,0.10444434,72.73,BTC-30JUN23-30000-C,18468.94,buy,0.5,,,,
116,229487919,2022-09-19 07:57:28,3,0.104,0.1043062,72.72,BTC-30JUN23-30000-C,18470.21,buy,0.5,,,,
117,229817915,2022-09-21 19:39:51,0,0.1105,0.10741435,72.76,BTC-30JUN23-30000-C,19054.29,buy,25.0,,49973,,
118,229928571,2022-09-22 15:33:41,2,0.108,0.10707658,72.59,BTC-30JUN23-30000-C,18960.15,sell,0.1,,,,
119,230019740,2022-09-23 14:41:21,2,0.1025,0.10254477,72.24,BTC-30JUN23-30000-C,18665.7,buy,0.4,,,,
120,230028757,2022-09-23 16:10:39,0,0.103,0.10232496,72.44,BTC-30JUN23-30000-C,18616.69,sell,0.1,,,,
121,230077394,2022-09-24 03:46:36,2,0.1015,0.10358098,70.24,BTC-30JUN23-30000-C,19056.37,sell,0.1,,,,
122,230108366,2022-09-24 19:57:24,0,0.1075,0.10627304,72.09,BTC-30JUN23-30000-C,19106.82,sell,0.1,,,,
123,230108721,2022-09-24 20:24:44,1,0.1075,0.10687003,72.12,BTC-30JUN23-30000-C,19087.3,sell,0.1,,,,
124,230149209,2022-09-25 14:54:56,2,0.1,0.09987012,70.71,BTC-30JUN23-30000-C,18914.98,sell,1.0,,,,
125,230149210,2022-09-25 14:54:56,3,0.1,0.09987012,70.71,BTC-30JUN23-30000-C,18914.98,sell,0.1,,,,
126,230224900,2022-09-26 10:30:25,2,0.098,0.09893083,69.19,BTC-30JUN23-30000-C,19160.63,buy,2.5,,,,
127,230325424,2022-09-27 06:34:56,0,0.122,0.12158203,72.55,BTC-30JUN23-30000-C,20222.93,sell,5.0,,,,
128,230329899,2022-09-27 07:38:51,2,0.118,0.12079222,71.23,BTC-30JUN23-30000-C,20267.66,sell,2.5,,,,
129,230389805,2022-09-27 17:05:36,2,0.107,0.10394955,72.68,BTC-30JUN23-30000-C,19008.61,buy,0.1,,,,
130,230418138,2022-09-27 21:06:52,2,0.1,0.1010659,70.59,BTC-30JUN23-30000-C,18986.55,buy,0.1,,,,
131,230453655,2022-09-28 03:30:32,0,0.103,0.1039114,72.53,BTC-30JUN23-30000-C,18740.61,buy,0.5,,,,
132,230454282,2022-09-28 03:32:21,2,0.1025,0.10350603,72.47,BTC-30JUN23-30000-C,18712.19,buy,0.5,,,,
133,230458928,2022-09-28 04:40:13,3,0.1025,0.10456361,72.18,BTC-30JUN23-30000-C,18781.05,buy,1.0,,,,
134,230551417,2022-09-28 17:13:45,0,0.1082,0.11111917,71.18,BTC-30JUN23-30000-C,19557.17,sell,25.0,BTC-STRG-30JUN23-15000_30000,50863,,
135,230610130,2022-09-29 07:32:28,0,0.1085,0.10955343,72.36,BTC-30JUN23-30000-C,19283.83,buy,0.1,,,,
136,230630975,2022-09-29 12:44:16,2,0.107,0.10726351,72.19,BTC-30JUN23-30000-C,19212.22,buy,1.0,,,,
137,230681673,2022-09-29 19:33:34,3,0.107,0.11076312,71.21,BTC-30JUN23-30000-C,19458.71,sell,15.0,,,,
138,230700549,2022-09-30 02:20:51,2,0.1055,0.10704914,71.07,BTC-30JUN23-30000-C,19409.03,sell,13.0,,,,
139,230714621,2022-09-30 06:53:02,2,0.104,0.10614007,70.43,BTC-30JUN23-30000-C,19452.48,sell,2.0,,,,
140,230714712,2022-09-30 06:55:35,2,0.1035,0.10603011,70.26,BTC-30JUN23-30000-C,19456.69,sell,7.0,,,,
141,230714785,2022-09-30 06:57:48,3,0.1035,0.10582182,70.27,BTC-30JUN23-30000-C,19453.04,sell,3.0,,,,
142,230730223,2022-09-30 08:07:06,0,0.1065,0.10636585,70.83,BTC-30JUN23-30000-C,19563.47,sell,0.3,,,,
143,230735288,2022-09-30 08:46:52,2,0.1025,0.10461978,69.72,BTC-30JUN23-30000-C,19543.78,sell,0.1,,,,
144,230752959,2022-09-30 12:30:08,3,0.1025,0.10259876,70.32,BTC-30JUN23-30000-C,19374.12,sell,0.9,,,,
145,230776122,2022-09-30 14:28:58,2,0.101,0.10371845,68.99,BTC-30JUN23-30000-C,19574.71,sell,1.6,,,,
146,230784811,2022-09-30 14:49:58,0,0.108,0.10743933,69.55,BTC-30JUN23-30000-C,20007.94,buy,10.0,,,,
147,230831918,2022-09-30 19:52:11,2,0.1,0.09982911,68.75,BTC-30JUN23-30000-C,19523.71,sell,2.4,,,,
148,230831919,2022-09-30 19:52:11,3,0.1,0.09982911,68.75,BTC-30JUN23-30000-C,19523.71,sell,0.1,,,,
149,230848348,2022-09-30 22:47:03,0,0.101,0.10110448,69.68,BTC-30JUN23-30000-C,19381.32,sell,5.0,,,,
150,230848351,2022-09-30 22:47:36,1,0.101,0.10101819,69.68,BTC-30JUN23-30000-C,19381.95,sell,2.5,,,,
151,230891193,2022-10-02 02:46:25,2,0.0955,0.09920803,68.09,BTC-30JUN23-30000-C,19345.27,sell,0.1,,,,
152,230965020,2022-10-03 05:00:18,0,0.1015,0.10149496,71.22,BTC-30JUN23-30000-C,19083.03,sell,1.0,,,,
153,230979438,2022-10-03 08:36:34,2,0.099,0.10130332,69.99,BTC-30JUN23-30000-C,19212.96,sell,14.0,,,,
154,231022104,2022-10-03 17:29:33,0,0.1005,0.10020149,69.32,BTC-30JUN23-30000-C,19514.16,sell,0.2,,,,
155,231103265,2022-10-04 14:31:10,0,0.105,0.10568625,68.64,BTC-30JUN23-30000-C,20079.44,buy,0.5,,,,
156,231311395,2022-10-06 15:46:40,0,0.1058,0.10489293,69.06,BTC-30JUN23-30000-C,20067.87,buy,50.0,,51730,,
157,231451751,2022-10-07 17:49:40,2,0.0945,0.09297408,68.09,BTC-30JUN23-30000-C,19450.97,sell,0.1,,,,
158,231451764,2022-10-07 17:49:59,3,0.0945,0.09298067,68.09,BTC-30JUN23-30000-C,19450.63,sell,0.1,,,,
159,231553075,2022-10-09 21:07:13,2,0.09,0.09145366,66.79,BTC-30JUN23-30000-C,19474.18,buy,1.0,,,,
160,231553077,2022-10-09 21:07:57,0,0.0905,0.09149822,66.96,BTC-30JUN23-30000-C,19474.21,buy,3.0,,,,
161,231658354,2022-10-11 00:12:21,2,0.085,0.08582625,67.07,BTC-30JUN23-30000-C,19010.29,sell,1.2,,,,
162,231681496,2022-10-11 07:07:48,2,0.083,0.08525493,66.34,BTC-30JUN23-30000-C,19046.19,sell,3.0,,,,
163,231798514,2022-10-13 02:47:31,0,0.0865,0.08593199,67.73,BTC-30JUN23-30000-C,19065.36,sell,0.1,,,,
164,231857134,2022-10-13 12:31:01,2,0.08,0.07841765,69.28,BTC-30JUN23-30000-C,18220.71,sell,0.2,,,,
165,231878641,2022-10-13 13:13:08,2,0.0755,0.07775876,67.11,BTC-30JUN23-30000-C,18298.38,buy,0.2,,,,
166,231894852,2022-10-13 14:52:53,2,0.0745,0.07510562,66.41,BTC-30JUN23-30000-C,18408.22,buy,0.1,,,,
167,231956748,2022-10-13 20:30:11,0,0.0845,0.08380034,65.91,BTC-30JUN23-30000-C,19407.82,sell,0.1,,,,
168,232014983,2022-10-14 10:08:09,2,0.0805,0.0799154,63.38,BTC-30JUN23-30000-C,19712.79,buy,2.0,,,,
169,232069025,2022-10-14 18:56:00,2,0.0785,0.0769888,64.72,BTC-30JUN23-30000-C,19194.01,buy,2.0,,,,
170,232201538,2022-10-17 22:37:36,0,0.0787,0.07857881,63.83,BTC-30JUN23-30000-C,19521.83,buy,33.0,BTC-CSR23-30JUN23-25000_30000,52825,,
171,232285931,2022-10-19 00:20:14,2,0.0755,0.07627969,63.93,BTC-30JUN23-30000-C,19285.15,sell,0.5,,,,
172,232290699,2022-10-19 03:33:43,3,0.0755,0.07648261,63.92,BTC-30JUN23-30000-C,19283.64,sell,29.5,,,,
173,232293582,2022-10-19 05:26:02,2,0.075,0.07488481,63.74,BTC-30JUN23-30000-C,19293.28,buy,0.5,,,,
174,232324637,2022-10-19 15:12:50,2,0.0735,0.07314704,63.59,BTC-30JUN23-30000-C,19209.15,sell,0.2,,,,
175,232357439,2022-10-20 03:49:50,2,0.072,0.07215497,63.85,BTC-30JUN23-30000-C,19038.83,buy,0.3,,,,
176,232378233,2022-10-20 11:05:16,0,0.073,0.07410408,63.54,BTC-30JUN23-30000-C,19199.6,buy,0.2,,,,
177,232444055,2022-10-21 08:10:11,2,0.072,0.07257249,63.95,BTC-30JUN23-30000-C,19026.84,sell,1.0,,,,
178,232460946,2022-10-21 12:11:36,2,0.07,0.06926316,64.08,BTC-30JUN23-30000-C,18836.77,sell,0.5,,,,
179,232517089,2022-10-22 08:26:05,0,0.073,0.07119064,63.87,BTC-30JUN23-30000-C,19167.77,buy,0.1,,,,
180,232590261,2022-10-24 08:39:24,2,0.0725,0.07455396,63.37,BTC-30JUN23-30000-C,19318.83,sell,1.8,,,,
181,232590262,2022-10-24 08:39:24,3,0.0725,0.07455396,63.37,BTC-30JUN23-30000-C,19318.83,sell,0.2,,,,
182,232638129,2022-10-25 07:38:16,0,0.075,0.0739731,64.43,BTC-30JUN23-30000-C,19296.73,sell,0.2,,,,
183,232638250,2022-10-25 07:40:55,1,0.075,0.07417038,64.4,BTC-30JUN23-30000-C,19303.54,sell,0.4,,,,
184,232648327,2022-10-25 12:38:32,2,0.0735,0.07396504,64.03,BTC-30JUN23-30000-C,19284.12,buy,0.4,,,,
185,232648478,2022-10-25 12:41:18,3,0.0735,0.07390449,64.07,BTC-30JUN23-30000-C,19270.45,buy,0.2,,,,
186,232681964,2022-10-25 16:04:16,0,0.0806,0.08004367,64.37,BTC-30JUN23-30000-C,19806.87,buy,50.0,BTC-CS-30JUN23-25000_30000,53535,,
187,232682363,2022-10-25 16:06:33,0,0.0812,0.08020054,64.58,BTC-30JUN23-30000-C,19809.76,buy,50.0,BTC-CS-30JUN23-25000_30000,53537,,
188,232716427,2022-10-25 18:29:32,0,0.0855,0.08515865,64.05,BTC-30JUN23-30000-C,20333.12,buy,0.5,,,,
189,232724552,2022-10-25 19:02:50,0,0.09,0.0901757,65.6,BTC-30JUN23-30000-C,20311.77,buy,0.5,,,,
190,232727307,2022-10-25 19:25:30,2,0.089,0.09054371,65.14,BTC-30JUN23-30000-C,20346.57,sell,2.0,,,,
191,232830151,2022-10-26 11:14:37,0,0.0913,0.09148354,64.58,BTC-30JUN23-30000-C,20673.66,sell,25.0,BTC-CS-30JUN23-25000_30000,53740,,
192,232866108,2022-10-26 14:18:18,2,0.0906,0.09570348,63.63,BTC-30JUN23-30000-C,20884.43,sell,25.0,BTC-CS-30JUN23-25000_30000,53808,,
193,232869207,2022-10-26 14:24:44,0,0.094,0.09487844,65.02,BTC-30JUN23-30000-C,20804.48,buy,0.3,,,,
194,232939718,2022-10-27 07:42:57,2,0.092,0.09194693,64.92,BTC-30JUN23-30000-C,20690.27,buy,0.4,,,,
195,232950104,2022-10-27 09:45:31,2,0.0915,0.0910769,65.14,BTC-30JUN23-30000-C,20602.17,buy,2.1,,,,
196,232975393,2022-10-27 14:01:05,2,0.0903,0.09061617,65.05,BTC-30JUN23-30000-C,20535.11,sell,100.0,BTC-CDIAG-30JUN23_31MAR23-30000_28000,53988,,
197,232983698,2022-10-27 15:31:58,0,0.0904,0.09116574,64.7,BTC-30JUN23-30000-C,20615.77,sell,500.0,BTC-CDIAG-30JUN23_31MAR23-30000_28000,53997,,
198,232983910,2022-10-27 15:34:24,0,0.0907,0.0914751,64.68,BTC-30JUN23-30000-C,20653.92,sell,200.0,BTC-CDIAG-30JUN23_31MAR23-30000_28000,53998,,
199,232984183,2022-10-27 15:37:45,0,0.0909,0.09107083,64.88,BTC-30JUN23-30000-C,20615.43,sell,25.0,BTC-CDIAG-30JUN23_31MAR23-30000_28000,53999,,
200,232984184,2022-10-27 15:37:45,0,0.091,0.09107083,64.91,BTC-30JUN23-30000-C,20615.43,sell,50.0,BTC-CDIAG-30JUN23_31MAR23-30000_28000,54000,,
201,232995430,2022-10-27 18:46:45,2,0.0905,0.08963977,64.87,BTC-30JUN23-30000-C,20586.19,buy,1.0,,,,
202,233242133,2022-10-31 04:01:27,0,0.088,0.09008864,64.7,BTC-30JUN23-30000-C,20527.22,sell,16.0,,,,
203,233312864,2022-11-01 02:44:30,2,0.085,0.08675518,63.81,BTC-30JUN23-30000-C,20530.88,sell,8.0,,,,
204,233315426,2022-11-01 04:42:12,0,0.087,0.08625991,64.59,BTC-30JUN23-30000-C,20514.18,sell,0.1,,,,
205,233315575,2022-11-01 04:58:58,0,0.0875,0.08593417,64.85,BTC-30JUN23-30000-C,20492.47,sell,0.1,,,,
206,233322682,2022-11-01 08:05:57,0,0.0885,0.08758839,64.63,BTC-30JUN23-30000-C,20634.38,sell,0.1,,,,
207,233323019,2022-11-01 08:08:31,2,0.087,0.08761825,64.13,BTC-30JUN23-30000-C,20625.69,buy,0.1,,,,
208,233323137,2022-11-01 08:10:17,0,0.0885,0.08744978,64.71,BTC-30JUN23-30000-C,20618.87,sell,0.1,,,,
209,233362270,2022-11-02 03:46:13,2,0.087,0.08622334,64.54,BTC-30JUN23-30000-C,20535.53,sell,0.1,,,,
210,233461708,2022-11-03 04:46:30,2,0.0805,0.0791478,63.26,BTC-30JUN23-30000-C,20362.82,sell,0.2,,,,
211,233462001,2022-11-03 05:00:20,3,0.0805,0.07925624,63.27,BTC-30JUN23-30000-C,20359.07,sell,0.2,,,,
212,233462099,2022-11-03 05:03:30,0,0.081,0.0792834,63.47,BTC-30JUN23-30000-C,20350.86,buy,0.2,,,,
213,233462127,2022-11-03 05:05:14,2,0.0805,0.07935137,63.29,BTC-30JUN23-30000-C,20351.55,sell,0.1,,,,
214,233467842,2022-11-03 07:58:52,2,0.0785,0.07885874,62.76,BTC-30JUN23-30000-C,20302.03,buy,0.4,,,,
215,233475900,2022-11-03 11:39:03,2,0.0769,0.076408,62.77,BTC-30JUN23-30000-C,20153.11,sell,25.0,BTC-CDIAG-30JUN23_31MAR23-30000_28000,54597,,
216,233476040,2022-11-03 11:40:40,0,0.077,0.07630691,62.87,BTC-30JUN23-30000-C,20140.84,sell,0.1,,,,
217,233490952,2022-11-03 14:14:38,2,0.0763,0.07722376,62.44,BTC-30JUN23-30000-C,20200.52,buy,12.5,BTC-CDIAG-30JUN23_31MAR23-30000_28000,54616,,
218,233523540,2022-11-04 03:02:17,0,0.077,0.07764916,62.28,BTC-30JUN23-30000-C,20322.2,buy,0.8,,,,
219,233588373,2022-11-04 13:49:53,0,0.0825,0.08298096,62.74,BTC-30JUN23-30000-C,20697.6,buy,50.0,BTC-CDIAG-30JUN23_31MAR23-30000_28000,54730,,
220,233811862,2022-11-06 22:58:49,0,0.085,0.08690608,62.06,BTC-30JUN23-30000-C,21137.39,sell,0.4,,,,
221,233811863,2022-11-06 22:58:50,1,0.085,0.08690637,62.06,BTC-30JUN23-30000-C,21137.37,sell,0.4,,,,
222,233811864,2022-11-06 22:58:50,1,0.085,0.08690637,62.06,BTC-30JUN23-30000-C,21137.37,buy,0.1,,,,
223,233932069,2022-11-08 04:13:39,2,0.079,0.07472111,65.98,BTC-30JUN23-30000-C,19689.27,buy,0.1,,,,
224,233932086,2022-11-08 04:13:40,3,0.079,0.07459716,66.03,BTC-30JUN23-30000-C,19678.33,buy,0.1,,,,
225,233932118,2022-11-08 04:13:42,3,0.079,0.07453784,66.05,BTC-30JUN23-30000-C,19672.37,buy,0.1,,,,
226,233932158,2022-11-08 04:13:43,3,0.079,0.07466698,66.01,BTC-30JUN23-30000-C,19681.54,buy,0.1,,,,
227,233932186,2022-11-08 04:13:45,3,0.079,0.07467226,66.0,BTC-30JUN23-30000-C,19681.63,buy,0.1,,,,
228,233932213,2022-11-08 04:13:46,3,0.079,0.07456478,66.05,BTC-30JUN23-30000-C,19677.06,buy,0.1,,,,
229,233932232,2022-11-08 04:13:47,3,0.079,0.07453616,66.06,BTC-30JUN23-30000-C,19677.35,buy,0.1,,,,
230,233932238,2022-11-08 04:13:49,3,0.079,0.074534,66.06,BTC-30JUN23-30000-C,19679.82,buy,0.1,,,,
231,233932244,2022-11-08 04:13:50,3,0.079,0.07453195,66.06,BTC-30JUN23-30000-C,19682.26,buy,0.1,,,,
232,234002797,2022-11-08 13:22:28,2,0.0755,0.07614246,64.82,BTC-30JUN23-30000-C,19690.7,sell,25.0,BTC-RR-30JUN23-14000_30000,55199,,
233,234068176,2022-11-08 16:33:28,0,0.086,0.0862069,64.76,BTC-30JUN23-30000-C,20602.76,buy,1.0,,,,
234,234068177,2022-11-08 16:33:28,1,0.086,0.0862069,64.76,BTC-30JUN23-30000-C,20602.76,buy,0.1,,,,
235,234160839,2022-11-08 19:10:07,2,0.0775,0.07585656,70.09,BTC-30JUN23-30000-C,18588.61,sell,0.1,,,,
236,234191152,2022-11-08 19:32:45,2,0.0725,0.06662546,74.0,BTC-30JUN23-30000-C,17320.4,sell,0.1,,,,
237,234258556,2022-11-08 20:49:51,0,0.074,0.07572499,69.66,BTC-30JUN23-30000-C,18395.6,sell,0.2,,,,
238,234343692,2022-11-09 07:01:13,2,0.067,0.06754758,67.32,BTC-30JUN23-30000-C,18316.13,sell,0.1,,,,
239,234343693,2022-11-09 07:01:13,3,0.067,0.06754758,67.32,BTC-30JUN23-30000-C,18316.13,buy,1.9,,,,
240,234467066,2022-11-09 12:56:53,2,0.065,0.06392545,70.44,BTC-30JUN23-30000-C,17452.05,sell,1.0,,,,
241,234645864,2022-11-09 19:38:39,0,0.0675,0.0679463,74.1,BTC-30JUN23-30000-C,16861.66,sell,5.0,,,,
242,234850345,2022-11-10 01:03:46,2,0.059,0.05975023,72.89,BTC-30JUN23-30000-C,16357.4,buy,0.1,,,,
243,235320318,2022-11-11 03:47:23,2,0.056,0.05444959,69.45,BTC-30JUN23-30000-C,16985.22,sell,0.1,,,,
244,235461033,2022-11-11 14:19:35,2,0.052,0.05086048,68.94,BTC-30JUN23-30000-C,16782.33,sell,1.0,,,,
245,235497169,2022-11-11 15:12:16,0,0.058,0.05376125,71.53,BTC-30JUN23-30000-C,16815.53,buy,2.0,,,,
246,235661775,2022-11-12 20:38:04,2,0.0525,0.05376412,69.45,BTC-30JUN23-30000-C,16813.78,sell,0.5,,,,
247,235673484,2022-11-13 04:49:47,2,0.051,0.05354926,68.66,BTC-30JUN23-30000-C,16849.82,sell,2.0,,,,
248,235674222,2022-11-13 06:17:05,2,0.0505,0.0509071,68.51,BTC-30JUN23-30000-C,16834.05,sell,0.2,,,,
249,235756265,2022-11-14 02:47:05,0,0.051,0.04908698,72.44,BTC-30JUN23-30000-C,16009.0,sell,0.5,,,,
250,235768407,2022-11-14 04:51:20,0,0.052,0.04813937,73.41,BTC-30JUN23-30000-C,15911.15,buy,2.0,,,,
251,235827037,2022-11-14 09:15:29,2,0.0505,0.04887999,69.32,BTC-30JUN23-30000-C,16670.19,sell,15.0,,,,
252,235839503,2022-11-14 11:10:16,2,0.043,0.04524925,65.49,BTC-30JUN23-30000-C,16781.98,sell,0.2,,,,
253,235947965,2022-11-14 20:39:19,2,0.0415,0.04291652,67.0,BTC-30JUN23-30000-C,16305.47,sell,0.2,,,,
254,235947999,2022-11-14 20:40:07,0,0.0435,0.04280005,67.97,BTC-30JUN23-30000-C,16298.66,sell,0.2,,,,
255,235948705,2022-11-14 20:47:52,2,0.041,0.04227439,66.99,BTC-30JUN23-30000-C,16241.56,sell,0.2,,,,
256,235964615,2022-11-14 23:15:43,0,0.0425,0.0441069,66.48,BTC-30JUN23-30000-C,16573.71,sell,0.2,,,,
257,236014149,2022-11-15 09:39:30,2,0.042,0.04355996,65.45,BTC-30JUN23-30000-C,16779.86,sell,2.1,,,,
258,236088916,2022-11-16 00:11:47,2,0.0415,0.04069567,64.85,BTC-30JUN23-30000-C,16871.23,sell,0.1,,,,
259,236132936,2022-11-16 12:42:15,0,0.043,0.04164581,66.51,BTC-30JUN23-30000-C,16634.68,buy,2.5,,,,
260,236132937,2022-11-16 12:42:15,1,0.043,0.04164581,66.51,BTC-30JUN23-30000-C,16634.68,buy,15.0,,,,
261,236132938,2022-11-16 12:42:15,1,0.043,0.04164581,66.51,BTC-30JUN23-30000-C,16634.68,buy,0.1,,,,
262,236188936,2022-11-16 20:27:42,0,0.0435,0.04510471,67.15,BTC-30JUN23-30000-C,16525.9,sell,2.0,,,,
263,236197271,2022-11-16 23:10:23,0,0.0465,0.04551554,67.96,BTC-30JUN23-30000-C,16698.08,sell,1.0,,,,
264,236203077,2022-11-17 02:11:50,2,0.046,0.04561188,67.88,BTC-30JUN23-30000-C,16653.96,sell,0.5,,,,
265,236203079,2022-11-17 02:11:58,3,0.046,0.04559586,67.89,BTC-30JUN23-30000-C,16652.99,sell,0.5,,,,
266,236207286,2022-11-17 04:20:52,0,0.0465,0.04496805,69.03,BTC-30JUN23-30000-C,16457.19,sell,13.0,BTC-CS-30JUN23-20000_30000,56474,,
267,236207645,2022-11-17 04:35:19,2,0.0439,0.04531218,67.58,BTC-30JUN23-30000-C,16500.75,sell,50.0,,56477,,
268,236208696,2022-11-17 05:09:52,0,0.0469,0.04586941,68.79,BTC-30JUN23-30000-C,16536.54,sell,13.0,BTC-CS-30JUN23-20000_30000,56482,,
269,236209310,2022-11-17 05:38:51,2,0.046,0.0460106,68.34,BTC-30JUN23-30000-C,16538.02,buy,0.1,,,,
270,236210616,2022-11-17 06:18:06,3,0.046,0.04612968,68.18,BTC-30JUN23-30000-C,16578.74,sell,50.0,,56483,,
271,236211120,2022-11-17 06:33:47,2,0.0451,0.04592196,67.88,BTC-30JUN23-30000-C,16553.75,sell,200.0,,56485,,
272,236212034,2022-11-17 07:01:36,2,0.0449,0.04548683,67.74,BTC-30JUN23-30000-C,16563.26,sell,25.0,BTC-CS-30JUN23-20000_30000,56486,,
273,236213005,2022-11-17 07:28:53,0,0.0454,0.04607959,67.95,BTC-30JUN23-30000-C,16568.95,sell,50.0,BTC-CS-30JUN23-20000_30000,56488,,
274,236245357,2022-11-17 16:04:57,2,0.0446,0.0455313,67.75,BTC-30JUN23-30000-C,16517.61,sell,50.0,BTC-CS-30JUN23-20000_30000,56546,,
275,236248646,2022-11-17 16:48:15,0,0.046,0.04596415,67.91,BTC-30JUN23-30000-C,16632.26,sell,50.0,,56557,,
276,236249489,2022-11-17 16:59:36,2,0.0449,0.04604418,67.39,BTC-30JUN23-30000-C,16637.75,sell,40.0,,56559,,
277,236249805,2022-11-17 17:02:45,0,0.0453,0.0463225,67.43,BTC-30JUN23-30000-C,16670.37,sell,360.0,,56560,,
278,236255699,2022-11-17 18:14:27,0,0.047,0.04620779,68.15,BTC-30JUN23-30000-C,16683.83,buy,2.5,,,,
279,236273824,2022-11-18 00:21:53,0,0.048,0.047152,67.97,BTC-30JUN23-30000-C,16852.93,buy,0.9,,,,
280,236286926,2022-11-18 04:21:53,2,0.046,0.04703382,67.3,BTC-30JUN23-30000-C,16802.08,sell,2.1,,,,
281,236299335,2022-11-18 08:07:18,3,0.046,0.04610465,67.75,BTC-30JUN23-30000-C,16677.47,buy,1.0,,,,
282,236369482,2022-11-20 07:24:53,2,0.0425,0.04136734,66.43,BTC-30JUN23-30000-C,16675.74,buy,1.7,,,,
283,236390781,2022-11-20 19:23:07,0,0.0435,0.0444595,67.52,BTC-30JUN23-30000-C,16543.21,buy,0.1,,,,
284,236433519,2022-11-21 06:55:17,2,0.042,0.04186459,68.79,BTC-30JUN23-30000-C,16099.49,sell,0.8,,,,
285,236433630,2022-11-21 06:55:43,3,0.042,0.04171645,68.86,BTC-30JUN23-30000-C,16081.42,sell,0.2,,,,
286,236459682,2022-11-21 13:53:19,0,0.0435,0.04205759,69.52,BTC-30JUN23-30000-C,16138.54,buy,2.0,,,,
287,236464844,2022-11-21 14:41:59,2,0.043,0.04247347,69.08,BTC-30JUN23-30000-C,16163.48,sell,1.0,,,,
288,236632798,2022-11-23 15:30:11,2,0.042,0.04298611,67.58,BTC-30JUN23-30000-C,16448.96,buy,0.1,,,,
289,236735804,2022-11-25 14:19:05,2,0.0405,0.04116468,66.94,BTC-30JUN23-30000-C,16441.42,sell,0.4,,,,
290,236735821,2022-11-25 14:19:54,3,0.0405,0.04116157,66.93,BTC-30JUN23-30000-C,16446.33,sell,0.4,,,,
291,236735835,2022-11-25 14:20:45,3,0.0405,0.04113347,66.94,BTC-30JUN23-30000-C,16446.14,sell,0.4,,,,
292,236735845,2022-11-25 14:21:15,3,0.0405,0.04112915,66.93,BTC-30JUN23-30000-C,16447.09,sell,0.4,,,,
293,236735887,2022-11-25 14:22:04,3,0.0405,0.04112691,66.92,BTC-30JUN23-30000-C,16450.19,sell,0.4,,,,
294,236741565,2022-11-25 16:20:55,3,0.0405,0.04107768,66.83,BTC-30JUN23-30000-C,16467.4,sell,0.3,,,,
295,236741566,2022-11-25 16:20:55,3,0.0405,0.04107768,66.83,BTC-30JUN23-30000-C,16467.4,sell,0.1,,,,
296,236744247,2022-11-25 17:51:22,3,0.0405,0.04128955,66.66,BTC-30JUN23-30000-C,16509.88,sell,2.6,,,,
297,236744248,2022-11-25 17:51:22,2,0.0395,0.04128955,66.16,BTC-30JUN23-30000-C,16509.88,buy,0.4,,,,
298,236746185,2022-11-25 20:12:15,0,0.041,0.03973739,66.89,BTC-30JUN23-30000-C,16512.04,buy,2.5,,,,
299,236748687,2022-11-25 22:04:16,2,0.0402,0.0401741,66.59,BTC-30JUN23-30000-C,16496.99,buy,835.0,BTC-CS-30JUN23-30000_45000,57421,,
300,236778666,2022-11-26 19:09:14,2,0.037,0.0394149,65.36,BTC-30JUN23-30000-C,16454.95,sell,0.1,,,,
301,236778800,2022-11-26 19:14:14,0,0.039,0.03932586,66.37,BTC-30JUN23-30000-C,16450.75,buy,0.1,,,,
302,236856709,2022-11-28 16:44:17,2,0.037,0.03732125,66.69,BTC-30JUN23-30000-C,16185.62,buy,0.4,,,,
303,236863503,2022-11-28 17:20:17,3,0.037,0.03758963,66.29,BTC-30JUN23-30000-C,16286.5,buy,4.0,,,,
304,236863863,2022-11-28 17:25:03,3,0.037,0.03726329,66.32,BTC-30JUN23-30000-C,16273.9,buy,1.0,,,,
305,236910301,2022-11-29 10:36:40,0,0.0375,0.03755338,65.77,BTC-30JUN23-30000-C,16497.29,sell,1.0,,,,
306,236910397,2022-11-29 10:40:49,1,0.0375,0.03767857,65.77,BTC-30JUN23-30000-C,16502.18,sell,2.2,,,,
307,236913093,2022-11-29 12:14:42,1,0.0375,0.0375901,65.93,BTC-30JUN23-30000-C,16469.11,sell,0.4,,,,
308,236936759,2022-11-29 20:24:15,2,0.037,0.0368348,65.89,BTC-30JUN23-30000-C,16442.12,sell,0.5,,,,
309,236938409,2022-11-29 21:46:54,3,0.037,0.03647778,65.8,BTC-30JUN23-30000-C,16462.91,sell,0.4,,,,
310,237003723,2022-11-30 19:04:46,0,0.041,0.04170922,65.64,BTC-30JUN23-30000-C,16998.63,buy,0.1,,,,
311,237003724,2022-11-30 19:04:46,1,0.041,0.04170922,65.64,BTC-30JUN23-30000-C,16998.63,sell,3.3,,,,
312,237003726,2022-11-30 19:04:46,1,0.041,0.04170922,65.64,BTC-30JUN23-30000-C,16998.63,sell,1.2,,,,
313,237003923,2022-11-30 19:04:55,1,0.041,0.04181544,65.59,BTC-30JUN23-30000-C,17010.32,sell,0.4,,,,
314,237037533,2022-11-30 23:55:40,0,0.0435,0.04191769,65.96,BTC-30JUN23-30000-C,17183.57,buy,0.1,,,,
315,237083712,2022-12-01 13:46:21,2,0.0405,0.0402885,65.18,BTC-30JUN23-30000-C,17047.29,sell,0.4,,,,
316,237083713,2022-12-01 13:46:21,3,0.0405,0.0402885,65.18,BTC-30JUN23-30000-C,17047.29,sell,0.2,,,,
317,237083714,2022-12-01 13:46:21,3,0.0405,0.04023214,65.18,BTC-30JUN23-30000-C,17047.29,sell,0.1,,,,
318,237084845,2022-12-01 13:49:33,3,0.0405,0.04033078,65.23,BTC-30JUN23-30000-C,17042.94,sell,5.0,,,,
319,237084913,2022-12-01 13:49:44,3,0.0405,0.04024554,65.27,BTC-30JUN23-30000-C,17029.05,sell,0.4,,,,
320,237084919,2022-12-01 13:49:46,3,0.0405,0.04026849,65.26,BTC-30JUN23-30000-C,17030.29,sell,4.2,,,,
321,237095908,2022-12-01 15:17:24,2,0.04,0.0396676,65.31,BTC-30JUN23-30000-C,16981.69,sell,11.0,,,,
322,237103230,2022-12-01 16:01:26,3,0.04,0.03987043,65.31,BTC-30JUN23-30000-C,16972.18,buy,0.4,,,,
323,237103766,2022-12-01 16:11:45,2,0.0375,0.03984171,64.09,BTC-30JUN23-30000-C,16962.19,sell,100.0,,57952,,
324,237104050,2022-12-01 16:14:22,3,0.0375,0.0398665,64.11,BTC-30JUN23-30000-C,16957.45,sell,100.0,,57953,,
325,237104739,2022-12-01 16:26:21,0,0.0395,0.03987935,65.11,BTC-30JUN23-30000-C,16961.19,sell,10.8,,,,
326,237115802,2022-12-01 20:58:30,2,0.039,0.03844277,65.02,BTC-30JUN23-30000-C,16925.4,buy,0.1,,,,
327,237210829,2022-12-03 14:30:03,2,0.0385,0.03822611,64.91,BTC-30JUN23-30000-C,16945.28,buy,1.0,,,,
328,237211668,2022-12-03 15:11:22,0,0.039,0.03867489,65.15,BTC-30JUN23-30000-C,16960.26,buy,1.0,,,,
329,237211670,2022-12-03 15:11:42,1,0.039,0.03867894,65.14,BTC-30JUN23-30000-C,16960.21,buy,1.0,,,,
330,237211742,2022-12-03 15:17:30,1,0.039,0.0387059,65.15,BTC-30JUN23-30000-C,16960.37,buy,1.0,,,,
331,237211748,2022-12-03 15:17:47,1,0.039,0.03870552,65.14,BTC-30JUN23-30000-C,16960.64,buy,1.0,,,,
332,237211817,2022-12-03 15:24:30,1,0.039,0.03866429,65.14,BTC-30JUN23-30000-C,16964.3,buy,1.0,,,,
333,237211863,2022-12-03 15:26:02,1,0.039,0.03866552,65.14,BTC-30JUN23-30000-C,16966.06,buy,1.0,,,,
334,237243290,2022-12-04 11:07:05,0,0.04,0.04004788,65.55,BTC-30JUN23-30000-C,17007.16,buy,0.1,,,,
335,237243291,2022-12-04 11:07:05,1,0.04,0.04004788,65.55,BTC-30JUN23-30000-C,17007.16,sell,0.9,,,,
336,237247766,2022-12-04 14:30:14,2,0.0395,0.04003374,65.58,BTC-30JUN23-30000-C,16946.23,sell,2.0,,,,
337,237248028,2022-12-04 14:41:57,2,0.039,0.03970306,65.25,BTC-30JUN23-30000-C,16969.92,sell,2.0,,,,
338,237289765,2022-12-05 04:44:24,0,0.0395,0.03940964,64.19,BTC-30JUN23-30000-C,17255.43,buy,0.7,,,,
339,237290026,2022-12-05 04:44:26,1,0.0395,0.03939686,64.11,BTC-30JUN23-30000-C,17275.98,buy,0.8,,,,
340,237290031,2022-12-05 04:44:26,1,0.0395,0.03939686,64.11,BTC-30JUN23-30000-C,17275.98,buy,0.1,,,,
341,237292878,2022-12-05 04:57:57,1,0.0395,0.04052402,63.65,BTC-30JUN23-30000-C,17387.49,buy,0.4,,,,
342,237339829,2022-12-05 19:26:12,2,0.038,0.03811192,64.95,BTC-30JUN23-30000-C,16911.65,sell,1.0,,,,
343,237340265,2022-12-05 19:30:33,3,0.038,0.03812016,65.0,BTC-30JUN23-30000-C,16894.75,sell,4.0,,,,
344,237340266,2022-12-05 19:30:33,3,0.038,0.03812016,65.0,BTC-30JUN23-30000-C,16894.75,sell,15.9,,,,
345,237355260,2022-12-06 07:21:37,2,0.0375,0.03781192,64.33,BTC-30JUN23-30000-C,17016.16,sell,12.0,,,,
346,237355261,2022-12-06 07:21:37,3,0.0375,0.03781192,64.33,BTC-30JUN23-30000-C,17016.16,sell,0.3,,,,
347,237401243,2022-12-07 07:50:38,3,0.0375,0.03764196,65.75,BTC-30JUN23-30000-C,16748.31,sell,12.5,,,,
348,237422524,2022-12-07 19:42:46,3,0.0375,0.03807419,65.83,BTC-30JUN23-30000-C,16810.49,buy,0.1,,,,
349,237425428,2022-12-07 20:57:07,0,0.0385,0.03843793,66.27,BTC-30JUN23-30000-C,16830.25,sell,2.9,,,,
350,237425429,2022-12-07 20:57:07,1,0.0385,0.03843793,66.27,BTC-30JUN23-30000-C,16830.25,sell,2.1,,,,
351,237517921,2022-12-09 18:16:59,0,0.04,0.03998807,66.16,BTC-30JUN23-30000-C,17135.91,sell,13.8,,,,
352,237523899,2022-12-09 23:53:06,0,0.0405,0.04085445,66.47,BTC-30JUN23-30000-C,17131.68,buy,1.0,,,,
353,237523900,2022-12-09 23:53:08,1,0.0405,0.04085359,66.47,BTC-30JUN23-30000-C,17131.65,buy,1.0,,,,
354,237523901,2022-12-09 23:53:10,1,0.0405,0.04085417,66.47,BTC-30JUN23-30000-C,17131.67,buy,0.8,,,,
355,237524073,2022-12-10 00:05:38,1,0.0405,0.04084686,66.44,BTC-30JUN23-30000-C,17135.06,buy,0.2,,,,
356,237544670,2022-12-11 08:01:05,0,0.041,0.04117486,66.66,BTC-30JUN23-30000-C,17182.62,buy,0.1,,,,
357,237544671,2022-12-11 08:01:05,1,0.041,0.04117486,66.66,BTC-30JUN23-30000-C,17182.62,buy,1.0,,,,
358,237553772,2022-12-11 19:41:32,0,0.0415,0.04189869,66.99,BTC-30JUN23-30000-C,17167.31,buy,0.1,,,,
359,237570227,2022-12-12 06:45:04,1,0.0415,0.04175164,68.19,BTC-30JUN23-30000-C,16939.45,sell,5.2,,,,
360,237570538,2022-12-12 07:05:17,1,0.0415,0.04176824,68.19,BTC-30JUN23-30000-C,16939.31,sell,5.0,,,,
361,237570558,2022-12-12 07:05:19,1,0.0415,0.04176321,68.19,BTC-30JUN23-30000-C,16939.35,sell,4.8,,,,
362,237570559,2022-12-12 07:05:19,1,0.0415,0.04176321,68.19,BTC-30JUN23-30000-C,16939.35,sell,0.2,,,,
363,237570561,2022-12-12 07:05:21,1,0.0415,0.04175642,68.19,BTC-30JUN23-30000-C,16938.57,sell,4.6,,,,
364,237661085,2022-12-13 15:19:02,0,0.045,0.04499075,66.16,BTC-30JUN23-30000-C,17816.4,sell,11.0,,,,
365,237667123,2022-12-13 17:12:29,2,0.043,0.04317145,65.48,BTC-30JUN23-30000-C,17749.75,buy,1.2,,,,
366,237667181,2022-12-13 17:13:45,3,0.043,0.04312345,65.44,BTC-30JUN23-30000-C,17759.78,buy,3.8,,,,
367,237669622,2022-12-13 17:56:19,2,0.0412,0.04248524,65.16,BTC-30JUN23-30000-C,17624.59,buy,2.0,BTC-CS-30JUN23-21000_30000,,237669620,
368,237698472,2022-12-14 11:22:29,0,0.044,0.04345058,65.77,BTC-30JUN23-30000-C,17829.32,sell,0.1,,,,
369,237703805,2022-12-14 13:25:20,2,0.0437,0.04387937,65.27,BTC-30JUN23-30000-C,17917.66,buy,100.0,BTC-CS-30JUN23-25000_30000,58827,,
370,237704237,2022-12-14 13:30:29,3,0.0437,0.04375371,65.28,BTC-30JUN23-30000-C,17916.76,buy,50.0,BTC-CS-30JUN23-25000_30000,58829,,
371,237704257,2022-12-14 13:30:47,3,0.0437,0.04372277,65.29,BTC-30JUN23-30000-C,17913.4,buy,50.0,BTC-CS-30JUN23-25000_30000,58830,,
372,237705760,2022-12-14 14:09:25,2,0.043,0.04384651,64.95,BTC-30JUN23-30000-C,17915.49,sell,50.0,BTC-CS-30JUN23-25000_30000,58837,,
373,237709341,2022-12-14 14:40:06,0,0.0435,0.04455068,64.62,BTC-30JUN23-30000-C,18043.86,sell,25.0,BTC-CS-30JUN23-25000_30000,58849,,
374,237711054,2022-12-14 14:54:59,1,0.0435,0.04449079,64.56,BTC-30JUN23-30000-C,18061.02,sell,75.0,BTC-CS-30JUN23-25000_30000,58854,,
375,237711939,2022-12-14 15:06:10,0,0.045,0.04454525,65.34,BTC-30JUN23-30000-C,18049.93,buy,0.1,,,,
376,237724314,2022-12-14 18:15:47,0,0.0463,0.04584307,65.39,BTC-30JUN23-30000-C,18177.15,buy,25.0,BTC-RR-30JUN23-10000_30000,58883,,
377,237725938,2022-12-14 18:23:20,2,0.0444,0.04649111,64.09,BTC-30JUN23-30000-C,18279.16,sell,100.0,BTC-CS-30JUN23-25000_30000,58888,,
378,237772028,2022-12-14 23:25:01,2,0.0425,0.04302619,65.15,BTC-30JUN23-30000-C,17807.05,sell,12.2,,,,
379,237786385,2022-12-15 07:06:50,2,0.041,0.04125929,64.78,BTC-30JUN23-30000-C,17730.93,sell,13.9,,,,
380,237822164,2022-12-15 17:32:18,2,0.039,0.04005146,65.23,BTC-30JUN23-30000-C,17424.32,sell,0.1,,,,
381,237901920,2022-12-16 16:08:07,2,0.038,0.03791946,66.99,BTC-30JUN23-30000-C,16938.0,sell,1.0,,,,
382,237955771,2022-12-17 07:35:39,0,0.0395,0.03954376,69.1,BTC-30JUN23-30000-C,16708.31,sell,0.5,,,,
383,237956939,2022-12-17 07:46:27,1,0.0395,0.03914607,69.02,BTC-30JUN23-30000-C,16724.66,sell,0.3,,,,
384,237970455,2022-12-17 17:22:51,2,0.037,0.03753731,67.91,BTC-30JUN23-30000-C,16686.57,sell,1.0,,,,
385,237995542,2022-12-18 18:30:31,3,0.037,0.03756942,67.68,BTC-30JUN23-30000-C,16769.0,sell,14.0,,,,
386,237995543,2022-12-18 18:30:31,3,0.037,0.03756942,67.68,BTC-30JUN23-30000-C,16769.0,sell,4.1,,,,
387,238017119,2022-12-19 10:48:16,2,0.0345,0.03546936,66.47,BTC-30JUN23-30000-C,16767.71,sell,0.1,,,,
388,238091367,2022-12-20 14:40:40,2,0.0335,0.03454248,65.96,BTC-30JUN23-30000-C,16825.26,sell,1.0,,,,
389,238189963,2022-12-22 18:10:10,2,0.0305,0.03136079,65.72,BTC-30JUN23-30000-C,16594.48,buy,2.0,,,,
390,238215563,2022-12-23 08:22:46,0,0.031,0.03063946,64.95,BTC-30JUN23-30000-C,16829.88,buy,1.0,,,,
391,238215566,2022-12-23 08:22:46,1,0.031,0.03063946,64.95,BTC-30JUN23-30000-C,16829.88,sell,1.5,,,,
392,238215568,2022-12-23 08:22:46,1,0.031,0.03063946,64.95,BTC-30JUN23-30000-C,16829.88,sell,0.1,,,,
393,238215570,2022-12-23 08:22:46,1,0.031,0.03063946,64.95,BTC-30JUN23-30000-C,16829.88,sell,16.0,,,,
394,238220918,2022-12-23 11:42:34,0,0.0315,0.03174554,65.18,BTC-30JUN23-30000-C,16845.42,buy,0.7,,,,
395,238220919,2022-12-23 11:42:34,1,0.0315,0.03174554,65.18,BTC-30JUN23-30000-C,16845.42,buy,0.5,,,,
396,238228018,2022-12-23 13:50:13,3,0.031,0.03097453,64.73,BTC-30JUN23-30000-C,16889.01,buy,0.6,,,,
397,238229364,2022-12-23 14:14:00,2,0.0305,0.03046884,64.76,BTC-30JUN23-30000-C,16819.8,buy,10.0,,,,
398,238229393,2022-12-23 14:15:02,3,0.0305,0.03049025,64.75,BTC-30JUN23-30000-C,16823.18,buy,1.3,,,,
399,238229425,2022-12-23 14:16:28,2,0.03,0.03047123,64.45,BTC-30JUN23-30000-C,16822.41,sell,0.3,,,,
400,238229426,2022-12-23 14:16:28,3,0.03,0.03047123,64.45,BTC-30JUN23-30000-C,16822.41,sell,1.6,,,,
401,238229427,2022-12-23 14:16:28,3,0.03,0.03047123,64.45,BTC-30JUN23-30000-C,16822.41,buy,2.4,,,,
402,238229430,2022-12-23 14:16:28,3,0.03,0.03047017,64.45,BTC-30JUN23-30000-C,16822.41,buy,1.5,,,,
403,238229431,2022-12-23 14:16:28,3,0.03,0.03047017,64.45,BTC-30JUN23-30000-C,16822.16,buy,1.1,,,,
404,238243939,2022-12-24 02:28:17,0,0.031,0.03138734,65.11,BTC-30JUN23-30000-C,16825.24,sell,0.4,,,,
405,238243940,2022-12-24 02:28:17,1,0.031,0.03138734,65.11,BTC-30JUN23-30000-C,16825.24,buy,0.6,,,,
406,238248750,2022-12-24 09:02:09,0,0.032,0.03217188,65.74,BTC-30JUN23-30000-C,16826.82,sell,1.0,,,,
407,238248780,2022-12-24 09:03:49,1,0.032,0.03218868,65.74,BTC-30JUN23-30000-C,16826.66,sell,0.7,,,,
408,238252409,2022-12-24 20:43:53,1,0.032,0.03225383,65.76,BTC-30JUN23-30000-C,16839.91,sell,1.5,,,,
409,238252548,2022-12-24 21:29:29,1,0.032,0.03222771,65.76,BTC-30JUN23-30000-C,16847.04,sell,0.4,,,,
410,238252670,2022-12-24 21:35:59,1,0.032,0.03218168,65.77,BTC-30JUN23-30000-C,16844.94,sell,0.4,,,,
411,238252708,2022-12-24 21:37:04,1,0.032,0.03216163,65.78,BTC-30JUN23-30000-C,16831.02,sell,0.4,,,,
412,238253005,2022-12-24 22:25:00,1,0.032,0.03206683,65.83,BTC-30JUN23-30000-C,16832.55,sell,0.6,,,,
413,238254739,2022-12-25 02:27:11,2,0.0315,0.03176711,65.56,BTC-30JUN23-30000-C,16833.04,sell,3.9,,,,
414,238260009,2022-12-25 11:29:11,0,0.0355,0.03963651,67.99,BTC-30JUN23-30000-C,16824.3,buy,0.1,,,,
415,238267090,2022-12-25 19:16:31,2,0.031,0.03274104,65.73,BTC-30JUN23-30000-C,16751.15,sell,2.0,,,,
416,238290517,2022-12-27 00:26:38,0,0.0315,0.03265977,65.57,BTC-30JUN23-30000-C,16901.19,buy,2.0,,,,
417,238292629,2022-12-27 02:06:26,2,0.031,0.03133283,65.4,BTC-30JUN23-30000-C,16880.96,sell,2.0,,,,
418,238299766,2022-12-27 11:22:30,2,0.0305,0.03078801,65.4,BTC-30JUN23-30000-C,16825.68,buy,0.4,,,,
419,238316979,2022-12-27 20:19:27,2,0.03,0.03039082,65.85,BTC-30JUN23-30000-C,16680.98,buy,1.5,,,,
420,238316982,2022-12-27 20:19:57,3,0.03,0.03039594,65.84,BTC-30JUN23-30000-C,16680.61,buy,0.5,,,,
421,238317247,2022-12-27 20:28:36,3,0.03,0.03045612,65.87,BTC-30JUN23-30000-C,16676.43,sell,3.0,,,,
422,238367491,2022-12-29 07:08:49,2,0.029,0.02893562,65.97,BTC-30JUN23-30000-C,16551.78,sell,0.3,,,,
423,238373438,2022-12-29 10:03:05,3,0.029,0.02833329,65.86,BTC-30JUN23-30000-C,16581.91,buy,1.3,,,,
424,238415434,2022-12-30 08:14:41,2,0.027,0.02810926,65.21,BTC-30JUN23-30000-C,16475.05,sell,1.6,,,,
425,238415435,2022-12-30 08:14:41,3,0.027,0.02810926,65.21,BTC-30JUN23-30000-C,16475.05,sell,10.0,,,,
426,238415436,2022-12-30 08:14:41,2,0.0265,0.02810926,64.89,BTC-30JUN23-30000-C,16475.05,sell,1.6,,,,
427,238415437,2022-12-30 08:14:41,3,0.0265,0.02810926,64.89,BTC-30JUN23-30000-C,16475.05,sell,6.8,,,,
428,238419466,2022-12-30 09:58:58,2,0.026,0.02678427,64.39,BTC-30JUN23-30000-C,16509.15,sell,1.0,,,,
429,238444870,2022-12-30 22:04:16,0,0.0275,0.02639572,65.13,BTC-30JUN23-30000-C,16583.48,buy,0.5,,,,
430,238453405,2022-12-31 11:00:01,2,0.024,0.0228787,63.02,BTC-30JUN23-30000-C,16555.81,buy,1.0,,,,
431,238453417,2022-12-31 11:00:11,3,0.024,0.02290225,63.02,BTC-30JUN23-30000-C,16555.82,buy,0.9,,,,
432,238453421,2022-12-31 11:00:33,0,0.0245,0.02295467,63.35,BTC-30JUN23-30000-C,16556.11,buy,1.1,,,,
433,238453527,2022-12-31 11:04:16,0,0.025,0.02370903,63.69,BTC-30JUN23-30000-C,16557.98,sell,0.8,,,,
434,238462032,2022-12-31 22:38:23,2,0.0245,0.02500763,63.52,BTC-30JUN23-30000-C,16523.18,sell,0.7,,,,
435,238462033,2022-12-31 22:38:24,3,0.0245,0.02500653,63.52,BTC-30JUN23-30000-C,16523.16,buy,0.3,,,,
436,238462056,2022-12-31 22:39:32,3,0.0245,0.02507499,63.53,BTC-30JUN23-30000-C,16523.64,sell,1.0,,,,
437,238462086,2022-12-31 22:42:05,3,0.0245,0.02507468,63.54,BTC-30JUN23-30000-C,16515.49,sell,0.2,,,,
438,238462087,2022-12-31 22:42:25,3,0.0245,0.02509304,63.53,BTC-30JUN23-30000-C,16516.07,sell,0.9,,,,
439,238462159,2022-12-31 22:46:38,2,0.024,0.02516654,63.12,BTC-30JUN23-30000-C,16525.59,sell,0.9,,,,
440,238462270,2022-12-31 22:50:03,3,0.024,0.02481518,63.18,BTC-30JUN23-30000-C,16512.9,buy,1.0,,,,
441,238465359,2023-01-01 03:46:16,3,0.024,0.02389716,63.21,BTC-30JUN23-30000-C,16520.32,buy,0.5,,,,
442,238483513,2023-01-02 06:59:35,2,0.023,0.0238711,62.17,BTC-30JUN23-30000-C,16634.14,buy,6.7,,,,
443,238483514,2023-01-02 06:59:35,3,0.023,0.0238711,62.17,BTC-30JUN23-30000-C,16634.14,buy,1.3,,,,
444,238483532,2023-01-02 07:05:18,2,0.0225,0.02331035,61.83,BTC-30JUN23-30000-C,16634.41,sell,10.0,,,,
445,238486035,2023-01-02 07:28:12,2,0.022,0.0226462,61.08,BTC-30JUN23-30000-C,16723.89,sell,10.0,,,,
446,238486058,2023-01-02 07:29:06,0,0.023,0.02259357,61.78,BTC-30JUN23-30000-C,16720.45,buy,0.1,,,,
447,238493679,2023-01-02 10:46:46,2,0.0225,0.022289,61.44,BTC-30JUN23-30000-C,16724.57,sell,0.1,,,,
448,238505711,2023-01-02 19:48:24,0,0.023,0.02277775,61.65,BTC-30JUN23-30000-C,16720.29,buy,1.9,,,,
449,238505713,2023-01-02 19:49:12,0,0.024,0.0229017,62.33,BTC-30JUN23-30000-C,16722.15,sell,1.0,,,,
450,238505714,2023-01-02 19:49:12,1,0.024,0.0229017,62.33,BTC-30JUN23-30000-C,16722.15,sell,3.0,,,,
451,238505727,2023-01-02 19:49:36,1,0.024,0.02296448,62.33,BTC-30JUN23-30000-C,16722.1,sell,4.1,,,,
452,238517293,2023-01-03 08:02:47,2,0.023,0.02394625,61.75,BTC-30JUN23-30000-C,16726.78,sell,2.0,,,,
453,238522632,2023-01-03 13:59:27,3,0.023,0.02313098,61.8,BTC-30JUN23-30000-C,16723.81,sell,0.2,,,,
454,238522651,2023-01-03 14:03:14,2,0.0225,0.023141,61.47,BTC-30JUN23-30000-C,16720.99,sell,2.0,,,,
455,238528287,2023-01-03 16:21:05,2,0.0215,0.02167688,61.14,BTC-30JUN23-30000-C,16641.9,buy,1.0,,,,
456,238534869,2023-01-03 22:28:10,0,0.023,0.02221471,62.18,BTC-30JUN23-30000-C,16652.08,sell,1.0,,,,
457,238536801,2023-01-04 01:12:39,2,0.022,0.02201018,61.3,BTC-30JUN23-30000-C,16697.61,buy,1.6,,,,
458,238536803,2023-01-04 01:12:39,3,0.022,0.02201018,61.3,BTC-30JUN23-30000-C,16697.61,sell,1.5,,,,
459,238549280,2023-01-04 07:43:23,0,0.0235,0.02321239,61.63,BTC-30JUN23-30000-C,16868.04,buy,1.0,,,,
460,238550278,2023-01-04 08:04:02,0,0.024,0.02352241,61.92,BTC-30JUN23-30000-C,16871.19,buy,1.0,,,,
461,238556089,2023-01-04 11:46:26,2,0.023,0.02272851,61.4,BTC-30JUN23-30000-C,16840.83,buy,2.0,,,,
462,238556090,2023-01-04 11:46:26,3,0.023,0.02272851,61.4,BTC-30JUN23-30000-C,16840.83,sell,3.0,,,,
463,238556109,2023-01-04 11:47:22,3,0.023,0.02273916,61.4,BTC-30JUN23-30000-C,16840.5,buy,1.7,,,,
464,238556114,2023-01-04 11:48:15,3,0.023,0.02276796,61.4,BTC-30JUN23-30000-C,16840.38,sell,0.3,,,,
465,238558090,2023-01-04 12:55:26,2,0.0225,0.02270853,61.21,BTC-30JUN23-30000-C,16804.15,sell,2.0,,,,
466,238559748,2023-01-04 14:24:49,3,0.0225,0.02272621,61.23,BTC-30JUN23-30000-C,16802.0,sell,44.9,,,,
467,238564587,2023-01-04 16:28:57,2,0.022,0.02128518,60.61,BTC-30JUN23-30000-C,16868.73,buy,1.7,,,,
468,238564588,2023-01-04 16:28:57,3,0.022,0.02128518,60.61,BTC-30JUN23-30000-C,16868.73,buy,2.3,,,,
469,238564589,2023-01-04 16:29:32,3,0.022,0.0212621,60.62,BTC-30JUN23-30000-C,16865.48,buy,1.0,,,,
470,238616439,2023-01-06 11:18:00,2,0.0175,0.01790979,58.16,BTC-30JUN23-30000-C,16734.76,sell,1.0,,,,
471,238619502,2023-01-06 13:21:49,0,0.0185,0.01784082,58.99,BTC-30JUN23-30000-C,16726.83,buy,0.4,,,,
472,238619503,2023-01-06 13:21:49,1,0.0185,0.01784082,58.99,BTC-30JUN23-30000-C,16726.83,buy,1.1,,,,
473,238619504,2023-01-06 13:21:49,1,0.0185,0.01784082,58.99,BTC-30JUN23-30000-C,16726.83,sell,3.1,,,,
474,238619505,2023-01-06 13:21:49,1,0.0185,0.01784082,58.99,BTC-30JUN23-30000-C,16726.83,sell,5.4,,,,
475,238619519,2023-01-06 13:22:35,1,0.0185,0.01793644,58.96,BTC-30JUN23-30000-C,16731.93,buy,0.1,,,,
476,238619523,2023-01-06 13:23:19,0,0.019,0.01799937,59.35,BTC-30JUN23-30000-C,16730.78,buy,1.1,,,,
477,238619524,2023-01-06 13:23:19,1,0.019,0.01799937,59.35,BTC-30JUN23-30000-C,16730.78,sell,3.5,,,,
478,238619525,2023-01-06 13:23:19,1,0.019,0.01799937,59.35,BTC-30JUN23-30000-C,16730.78,sell,0.6,,,,
479,238619645,2023-01-06 13:24:53,0,0.0195,0.01821229,59.72,BTC-30JUN23-30000-C,16730.62,buy,4.7,,,,
480,238635351,2023-01-06 20:08:29,0,0.02,0.01956518,59.05,BTC-30JUN23-30000-C,16981.14,buy,0.2,,,,
481,238652040,2023-01-08 00:27:43,2,0.018,0.01880346,57.91,BTC-30JUN23-30000-C,16943.65,sell,1.4,,,,
482,238652055,2023-01-08 00:29:13,3,0.018,0.01878919,57.91,BTC-30JUN23-30000-C,16941.34,sell,1.4,,,,
483,238657933,2023-01-08 14:59:14,2,0.0165,0.01774241,56.76,BTC-30JUN23-30000-C,16950.4,sell,1.0,,,,
484,238657934,2023-01-08 14:59:22,3,0.0165,0.01774235,56.76,BTC-30JUN23-30000-C,16950.45,sell,1.0,,,,
485,238673155,2023-01-09 01:17:06,0,0.018,0.01837676,57.2,BTC-30JUN23-30000-C,17150.63,buy,0.5,,,,
486,238689288,2023-01-09 12:02:45,0,0.0182,0.01844954,57.0,BTC-30JUN23-30000-C,17244.21,buy,35.0,BTC-CS-30JUN23-20000_30000,60349,,
487,238690425,2023-01-09 13:11:26,2,0.018,0.01823313,56.86,BTC-30JUN23-30000-C,17247.84,sell,0.3,,,,
488,238692287,2023-01-09 14:07:23,0,0.0185,0.01815243,57.34,BTC-30JUN23-30000-C,17218.5,sell,0.5,,,,
489,238692322,2023-01-09 14:09:02,0,0.019,0.01813461,57.75,BTC-30JUN23-30000-C,17211.16,buy,0.1,,,,
490,238732062,2023-01-10 16:19:37,2,0.0185,0.01839457,57.03,BTC-30JUN23-30000-C,17326.72,buy,0.5,,,,
491,238732063,2023-01-10 16:19:37,3,0.0185,0.01839457,57.03,BTC-30JUN23-30000-C,17326.72,sell,0.5,,,,
492,238732076,2023-01-10 16:20:04,3,0.0185,0.01838364,57.04,BTC-30JUN23-30000-C,17324.26,sell,0.5,,,,
493,238740574,2023-01-10 20:21:31,0,0.0195,0.0192222,57.16,BTC-30JUN23-30000-C,17481.74,buy,1.2,,,,
494,238740575,2023-01-10 20:21:31,1,0.0195,0.0192222,57.16,BTC-30JUN23-30000-C,17481.74,sell,0.8,,,,
495,238757138,2023-01-11 11:29:14,2,0.018,0.01828281,56.25,BTC-30JUN23-30000-C,17443.11,buy,4.0,,,,
496,238757141,2023-01-11 11:29:27,3,0.018,0.01828114,56.25,BTC-30JUN23-30000-C,17443.01,buy,0.8,,,,
497,238757144,2023-01-11 11:29:35,3,0.018,0.01828078,56.25,BTC-30JUN23-30000-C,17443.09,buy,0.1,,,,
498,238760538,2023-01-11 14:22:57,2,0.0175,0.01823665,56.14,BTC-30JUN23-30000-C,17388.68,sell,130.0,,60485,,
499,238760646,2023-01-11 14:28:38,0,0.0176,0.01826115,56.19,BTC-30JUN23-30000-C,17394.26,sell,170.0,,60486,,
500,238776370,2023-01-11 22:22:04,0,0.0195,0.01892638,56.99,BTC-30JUN23-30000-C,17544.04,sell,4.9,,,,
501,238790895,2023-01-12 00:07:20,0,0.0195,0.01958988,55.3,BTC-30JUN23-30000-C,17947.41,sell,1.6,,,,
502,238790896,2023-01-12 00:07:20,1,0.0195,0.01958988,55.3,BTC-30JUN23-30000-C,17947.41,sell,0.3,,,,
503,238819254,2023-01-12 05:05:19,1,0.0195,0.01877773,54.08,BTC-30JUN23-30000-C,18223.49,buy,0.1,,,,
504,238820013,2023-01-12 05:24:36,2,0.0186,0.01874535,53.5,BTC-30JUN23-30000-C,18211.58,buy,12.5,BTC-CS-30JUN23-20000_30000,60593,,
505,238842291,2023-01-12 10:43:31,0,0.0215,0.02050192,55.77,BTC-30JUN23-30000-C,18185.0,buy,1.6,,,,
506,238842292,2023-01-12 10:43:31,1,0.0215,0.02050192,55.77,BTC-30JUN23-30000-C,18185.0,buy,0.4,,,,
507,238844779,2023-01-12 11:59:06,3,0.02,0.02044442,54.66,BTC-30JUN23-30000-C,18201.46,sell,1.3,,,,
508,238853915,2023-01-12 13:28:56,0,0.0205,0.02093699,54.76,BTC-30JUN23-30000-C,18267.88,sell,1.8,,,,
509,238862193,2023-01-12 13:33:28,2,0.019,0.02077515,54.66,BTC-30JUN23-30000-C,18030.68,buy,0.6,,,,
510,238862211,2023-01-12 13:33:29,3,0.019,0.02081766,54.64,BTC-30JUN23-30000-C,18035.84,buy,0.6,,,,
511,238862212,2023-01-12 13:33:29,3,0.019,0.02081766,54.64,BTC-30JUN23-30000-C,18035.84,buy,0.1,,,,
512,238862459,2023-01-12 13:33:52,3,0.019,0.02091574,54.65,BTC-30JUN23-30000-C,18034.13,buy,3.7,,,,
513,238869136,2023-01-12 13:50:43,3,0.019,0.01981547,53.96,BTC-30JUN23-30000-C,18199.47,buy,0.1,,,,
514,238869494,2023-01-12 13:52:37,0,0.0195,0.01968102,54.22,BTC-30JUN23-30000-C,18229.48,buy,0.7,,,,
515,238869758,2023-01-12 13:53:33,1,0.0195,0.0196777,54.18,BTC-30JUN23-30000-C,18245.37,buy,0.9,,,,
516,238869840,2023-01-12 13:54:00,1,0.0195,0.01964162,54.18,BTC-30JUN23-30000-C,18246.98,buy,0.3,,,,
517,238870861,2023-01-12 13:58:38,1,0.0195,0.01955673,53.99,BTC-30JUN23-30000-C,18292.14,buy,0.7,,,,
518,238890756,2023-01-12 17:01:31,1,0.0195,0.01959246,54.63,BTC-30JUN23-30000-C,18142.79,buy,0.5,,,,
519,238921478,2023-01-12 19:07:11,0,0.022,0.0221547,53.54,BTC-30JUN23-30000-C,18814.61,buy,0.7,,,,
520,238944301,2023-01-12 22:22:28,0,0.023,0.02345125,54.13,BTC-30JUN23-30000-C,18827.79,sell,1.0,,,,
521,238950816,2023-01-13 01:08:18,1,0.023,0.02304978,54.26,BTC-30JUN23-30000-C,18795.65,buy,0.6,,,,
522,238955283,2023-01-13 03:49:21,1,0.023,0.02346503,54.04,BTC-30JUN23-30000-C,18857.22,buy,0.8,,,,
523,238955374,2023-01-13 03:52:42,2,0.0225,0.02329417,53.7,BTC-30JUN23-30000-C,18858.24,buy,0.2,,,,
524,239005483,2023-01-13 15:11:06,0,0.027,0.02692795,55.43,BTC-30JUN23-30000-C,19108.78,sell,0.9,,,,
525,239005484,2023-01-13 15:11:06,1,0.027,0.02692795,55.43,BTC-30JUN23-30000-C,19108.78,sell,0.6,,,,
526,239005485,2023-01-13 15:11:06,1,0.027,0.02692795,55.43,BTC-30JUN23-30000-C,19108.78,sell,5.0,,,,
527,239005486,2023-01-13 15:11:06,1,0.027,0.02692795,55.43,BTC-30JUN23-30000-C,19108.78,sell,0.1,,,,
528,239005615,2023-01-13 15:11:37,1,0.027,0.02711271,55.33,BTC-30JUN23-30000-C,19137.13,sell,1.9,,,,
529,239006186,2023-01-13 15:12:30,1,0.027,0.02708815,55.36,BTC-30JUN23-30000-C,19141.07,sell,0.5,,,,
530,239006280,2023-01-13 15:12:42,1,0.027,0.02702394,55.4,BTC-30JUN23-30000-C,19128.75,sell,0.1,,,,
531,239018672,2023-01-13 16:16:13,0,0.028,0.02777592,56.13,BTC-30JUN23-30000-C,19096.85,sell,1.0,,,,
532,239022595,2023-01-13 17:17:12,2,0.0275,0.02757288,55.36,BTC-30JUN23-30000-C,19210.26,buy,0.5,,,,
533,239039475,2023-01-13 20:51:23,0,0.0295,0.02972648,55.5,BTC-30JUN23-30000-C,19459.21,buy,0.4,,,,
534,239056215,2023-01-13 22:29:29,0,0.0315,0.03134314,54.55,BTC-30JUN23-30000-C,19957.19,buy,11.2,,,,
535,239056354,2023-01-13 22:30:03,0,0.032,0.03134612,54.82,BTC-30JUN23-30000-C,19953.75,buy,5.0,,,,
536,239061104,2023-01-13 22:56:08,2,0.0315,0.03171473,55.1,BTC-30JUN23-30000-C,19843.92,sell,2.0,,,,
537,239067894,2023-01-13 23:52:34,0,0.032,0.0314693,55.24,BTC-30JUN23-30000-C,19870.6,buy,1.2,,,,
538,239072443,2023-01-14 00:12:17,0,0.035,0.03524206,55.11,BTC-30JUN23-30000-C,20274.99,buy,0.9,,,,
539,239073201,2023-01-14 00:12:53,1,0.035,0.03542878,54.98,BTC-30JUN23-30000-C,20303.61,buy,1.0,,,,
540,239076522,2023-01-14 00:24:48,1,0.035,0.034988,55.03,BTC-30JUN23-30000-C,20298.57,buy,0.6,,,,
541,239076697,2023-01-14 00:24:49,1,0.035,0.03504725,55.01,BTC-30JUN23-30000-C,20303.55,buy,2.5,,,,
542,239104963,2023-01-14 00:56:55,0,0.0395,0.04150575,54.2,BTC-30JUN23-30000-C,20980.7,buy,2.0,,,,
543,239111104,2023-01-14 01:16:57,0,0.0405,0.04102793,54.71,BTC-30JUN23-30000-C,20991.82,sell,5.0,,,,
544,239113715,2023-01-14 01:25:08,2,0.04,0.0405711,54.89,BTC-30JUN23-30000-C,20915.01,sell,0.4,,,,
545,239113720,2023-01-14 01:25:11,3,0.04,0.0405225,54.9,BTC-30JUN23-30000-C,20910.86,sell,0.4,,,,
546,239113756,2023-01-14 01:25:14,3,0.04,0.04046952,54.92,BTC-30JUN23-30000-C,20903.97,sell,0.4,,,,
547,239113768,2023-01-14 01:25:20,3,0.04,0.04050024,54.91,BTC-30JUN23-30000-C,20900.04,sell,0.4,,,,
548,239113784,2023-01-14 01:25:24,3,0.04,0.04043586,54.94,BTC-30JUN23-30000-C,20891.26,sell,0.4,,,,
549,239113818,2023-01-14 01:25:35,3,0.04,0.04040315,54.98,BTC-30JUN23-30000-C,20875.81,sell,0.3,,,,
550,239113819,2023-01-14 01:25:35,3,0.04,0.04040315,54.98,BTC-30JUN23-30000-C,20875.81,sell,0.1,,,,
551,239113847,2023-01-14 01:25:40,3,0.04,0.04036227,54.99,BTC-30JUN23-30000-C,20871.15,sell,0.5,,,,
552,239125400,2023-01-14 02:14:19,2,0.0395,0.03942756,54.3,BTC-30JUN23-30000-C,20999.76,sell,1.3,,,,
553,239130883,2023-01-14 02:53:27,2,0.039,0.03905803,54.3,BTC-30JUN23-30000-C,20930.74,sell,0.1,,,,
554,239135289,2023-01-14 03:54:53,0,0.04,0.03899394,54.73,BTC-30JUN23-30000-C,20944.96,buy,1.9,,,,
555,239135290,2023-01-14 03:54:53,1,0.04,0.03899394,54.73,BTC-30JUN23-30000-C,20944.96,sell,1.1,,,,
556,239140724,2023-01-14 05:25:34,2,0.038,0.03885999,54.27,BTC-30JUN23-30000-C,20811.57,sell,1.0,,,,
557,239144083,2023-01-14 07:04:14,0,0.039,0.04020825,54.15,BTC-30JUN23-30000-C,20952.2,sell,1.0,,,,
558,239160461,2023-01-14 09:26:20,2,0.037,0.03837672,54.71,BTC-30JUN23-30000-C,20592.23,sell,50.0,BTC-CS-30JUN23-24000_30000,61102,,
559,239201390,2023-01-14 15:14:51,0,0.044,0.0432541,57.36,BTC-30JUN23-30000-C,20794.23,buy,0.7,,,,
560,239208801,2023-01-14 16:05:52,0,0.0461,0.04712727,58.3,BTC-30JUN23-30000-C,20800.77,sell,100.0,BTC-CS-30JUN23-25000_30000,61163,,
561,239208854,2023-01-14 16:06:34,0,0.048,0.04726941,59.17,BTC-30JUN23-30000-C,20811.71,sell,100.0,BTC-CS-30JUN23-25000_30000,61164,,
562,239209334,2023-01-14 16:15:38,2,0.046,0.04728719,58.19,BTC-30JUN23-30000-C,20810.11,sell,0.1,,,,
563,239219811,2023-01-14 19:48:43,0,0.049,0.04875391,59.62,BTC-30JUN23-30000-C,20803.58,buy,2.0,,,,
564,239219824,2023-01-14 19:48:53,1,0.049,0.04879688,59.59,BTC-30JUN23-30000-C,20810.68,buy,0.5,,,,
565,239219832,2023-01-14 19:49:03,1,0.049,0.04885381,59.56,BTC-30JUN23-30000-C,20818.38,buy,0.5,,,,
566,239219986,2023-01-14 19:49:21,1,0.049,0.04889612,59.53,BTC-30JUN23-30000-C,20824.67,buy,0.5,,,,
567,239219987,2023-01-14 19:49:21,1,0.049,0.04889612,59.53,BTC-30JUN23-30000-C,20824.67,buy,0.1,,,,
568,239219988,2023-01-14 19:49:21,1,0.049,0.04889612,59.53,BTC-30JUN23-30000-C,20824.67,buy,0.1,,,,
569,239220042,2023-01-14 19:49:23,1,0.049,0.049027,59.43,BTC-30JUN23-30000-C,20845.57,buy,0.6,,,,
570,239220054,2023-01-14 19:49:25,1,0.049,0.04913078,59.42,BTC-30JUN23-30000-C,20847.88,buy,0.5,,,,
571,239220160,2023-01-14 19:50:48,2,0.048,0.04915305,58.94,BTC-30JUN23-30000-C,20846.85,sell,0.2,,,,
572,239228978,2023-01-14 23:05:58,0,0.0506,0.05217664,59.27,BTC-30JUN23-30000-C,21040.75,buy,50.0,BTC-CCOND-30JUN23-20000_25000_30000_35000,61195,,
573,239230726,2023-01-14 23:42:52,0,0.052,0.05272505,59.98,BTC-30JUN23-30000-C,21037.62,buy,2.3,,,,
574,239233136,2023-01-15 00:20:11,0,0.0535,0.05376087,61.19,BTC-30JUN23-30000-C,20926.93,buy,0.5,,,,
575,239233350,2023-01-15 00:23:04,1,0.0535,0.05383324,61.05,BTC-30JUN23-30000-C,20959.06,buy,0.6,,,,
576,239246900,2023-01-15 04:02:47,3,0.052,0.05192295,61.31,BTC-30JUN23-30000-C,20723.79,sell,0.1,,,,
577,239251824,2023-01-15 07:36:28,0,0.0505,0.05101133,60.66,BTC-30JUN23-30000-C,20724.06,sell,10.0,,,,
578,239261393,2023-01-15 10:49:02,0,0.0515,0.0512178,61.27,BTC-30JUN23-30000-C,20720.03,sell,4.0,,,,
579,239271588,2023-01-15 15:26:17,0,0.052,0.05130535,60.79,BTC-30JUN23-30000-C,20870.53,buy,1.0,,,,
580,239272815,2023-01-15 15:49:30,0,0.0535,0.05257413,61.21,BTC-30JUN23-30000-C,20932.52,buy,3.9,,,,
581,239299588,2023-01-16 00:52:36,0,0.055,0.05430956,62.23,BTC-30JUN23-30000-C,20863.69,buy,200.0,,61300,,
582,239300557,2023-01-16 00:59:20,0,0.056,0.05545886,62.13,BTC-30JUN23-30000-C,20978.61,buy,200.0,,61302,,
583,239304585,2023-01-16 01:15:18,0,0.058,0.0581263,61.77,BTC-30JUN23-30000-C,21252.43,buy,1000.0,,61308,,
584,239311676,2023-01-16 02:21:26,0,0.06,0.05953692,62.18,BTC-30JUN23-30000-C,21340.47,sell,0.2,,,,
585,239317840,2023-01-16 03:30:36,2,0.059,0.05775152,62.69,BTC-30JUN23-30000-C,21127.43,buy,1.0,,,,
586,239317841,2023-01-16 03:30:36,3,0.059,0.05775152,62.69,BTC-30JUN23-30000-C,21127.43,sell,7.0,,,,
587,239338318,2023-01-16 08:19:11,2,0.0565,0.05762919,63.1,BTC-30JUN23-30000-C,20824.58,sell,0.1,,,,T
588,239339600,2023-01-16 08:29:40,0,0.0573,0.05758169,63.48,BTC-30JUN23-30000-C,20819.97,buy,40.0,BTC-CDIAG-30JUN23_31MAR23-30000_27000,61358,,
589,239344855,2023-01-16 09:51:17,2,0.057,0.05769674,63.35,BTC-30JUN23-30000-C,20822.49,buy,2.0,,,,
590,239348124,2023-01-16 11:31:37,2,0.0565,0.05746235,63.17,BTC-30JUN23-30000-C,20819.44,sell,3.1,,,,
591,239348871,2023-01-16 11:48:52,3,0.0565,0.05729633,63.11,BTC-30JUN23-30000-C,20832.17,sell,1.0,,,,
592,239349304,2023-01-16 12:01:22,3,0.0565,0.05730852,63.07,BTC-30JUN23-30000-C,20834.97,sell,1.9,,,,
593,239349378,2023-01-16 12:04:22,3,0.0565,0.05735827,63.04,BTC-30JUN23-30000-C,20850.55,sell,1.9,,,,
594,239350790,2023-01-16 12:40:36,3,0.0565,0.05705984,63.12,BTC-30JUN23-30000-C,20816.48,sell,2.3,,,,
595,239355136,2023-01-16 14:01:36,3,0.0565,0.05703349,63.14,BTC-30JUN23-30000-C,20829.26,sell,2.0,,,,
596,239355422,2023-01-16 14:09:06,3,0.0565,0.05697591,63.09,BTC-30JUN23-30000-C,20835.28,sell,11.0,,,,
597,239355423,2023-01-16 14:09:06,3,0.0565,0.05697591,63.09,BTC-30JUN23-30000-C,20835.28,sell,0.1,,,,
598,239359361,2023-01-16 15:14:06,2,0.056,0.05598387,63.11,BTC-30JUN23-30000-C,20760.05,sell,1.9,,,,
599,239359390,2023-01-16 15:14:06,3,0.056,0.05598387,63.11,BTC-30JUN23-30000-C,20760.05,sell,11.7,,,,
600,239359533,2023-01-16 15:14:08,2,0.0555,0.05563665,63.04,BTC-30JUN23-30000-C,20739.05,sell,0.1,,,,
601,239398654,2023-01-16 22:06:21,0,0.058,0.05925104,62.28,BTC-30JUN23-30000-C,21146.12,sell,1.0,,,,
602,239415997,2023-01-17 02:14:16,2,0.0565,0.05715212,62.26,BTC-30JUN23-30000-C,21017.04,sell,0.5,,,,
603,239427048,2023-01-17 07:54:11,0,0.0585,0.05808436,62.88,BTC-30JUN23-30000-C,21122.25,buy,0.1,,,,
604,239427264,2023-01-17 07:54:39,2,0.058,0.0582274,62.58,BTC-30JUN23-30000-C,21133.38,buy,0.3,,,,
605,239427311,2023-01-17 07:55:16,3,0.058,0.058178,62.6,BTC-30JUN23-30000-C,21128.93,buy,0.3,,,,
606,239427358,2023-01-17 07:55:57,3,0.058,0.05819843,62.58,BTC-30JUN23-30000-C,21134.35,buy,0.3,,,,
607,239427410,2023-01-17 07:56:35,3,0.058,0.05821997,62.56,BTC-30JUN23-30000-C,21138.44,buy,0.3,,,,
608,239427420,2023-01-17 07:56:40,3,0.058,0.05820345,62.56,BTC-30JUN23-30000-C,21137.75,buy,0.3,,,,
609,239428418,2023-01-17 08:07:42,3,0.058,0.05804817,62.55,BTC-30JUN23-30000-C,21140.93,buy,0.3,,,,
610,239428659,2023-01-17 08:13:13,3,0.058,0.05813634,62.48,BTC-30JUN23-30000-C,21156.12,buy,0.3,,,,
611,239428661,2023-01-17 08:13:18,3,0.058,0.05812001,62.48,BTC-30JUN23-30000-C,21154.74,buy,0.3,,,,
612,239429986,2023-01-17 08:37:08,3,0.058,0.0584298,62.3,BTC-30JUN23-30000-C,21194.62,sell,1.7,,,,
613,239436814,2023-01-17 12:08:02,2,0.0575,0.05743622,61.76,BTC-30JUN23-30000-C,21252.7,sell,0.3,,,,
614,239439012,2023-01-17 12:56:05,0,0.058,0.05744896,62.03,BTC-30JUN23-30000-C,21245.49,buy,0.3,,,,
615,239439542,2023-01-17 13:08:24,2,0.0575,0.05708177,61.96,BTC-30JUN23-30000-C,21193.31,sell,0.2,,,,
616,239440561,2023-01-17 13:39:04,0,0.058,0.05739106,62.13,BTC-30JUN23-30000-C,21227.45,sell,2.3,,,,
617,239440653,2023-01-17 13:41:59,0,0.0585,0.05772569,62.33,BTC-30JUN23-30000-C,21222.08,buy,0.2,,,,
618,239446899,2023-01-17 14:24:50,0,0.06,0.06080354,61.69,BTC-30JUN23-30000-C,21510.95,buy,0.1,,,,
619,239450629,2023-01-17 14:29:44,2,0.058,0.05844223,61.89,BTC-30JUN23-30000-C,21284.98,sell,0.3,,,,
620,239450751,2023-01-17 14:30:12,3,0.058,0.05838363,61.9,BTC-30JUN23-30000-C,21284.21,sell,0.3,,,,
621,239450752,2023-01-17 14:30:12,3,0.058,0.05838363,61.9,BTC-30JUN23-30000-C,21284.21,sell,0.1,,,,
622,239450760,2023-01-17 14:30:15,3,0.058,0.05837107,61.93,BTC-30JUN23-30000-C,21274.77,sell,0.4,,,,
623,239450781,2023-01-17 14:30:19,3,0.058,0.05832909,61.96,BTC-30JUN23-30000-C,21266.45,sell,0.3,,,,
624,239450805,2023-01-17 14:30:21,3,0.058,0.05828147,61.97,BTC-30JUN23-30000-C,21262.39,sell,0.4,,,,
625,239450816,2023-01-17 14:30:21,3,0.058,0.05828147,61.97,BTC-30JUN23-30000-C,21262.39,sell,0.2,,,,
626,239454327,2023-01-17 14:37:40,2,0.056,0.05671282,61.66,BTC-30JUN23-30000-C,21136.49,sell,0.1,,,,
627,239454328,2023-01-17 14:37:40,2,0.0555,0.05671282,61.43,BTC-30JUN23-30000-C,21136.49,sell,0.1,,,,
628,239458334,2023-01-17 15:03:05,0,0.058,0.05783693,61.61,BTC-30JUN23-30000-C,21339.69,buy,0.1,,,,
629,239463124,2023-01-17 15:43:44,2,0.056,0.05560141,61.89,BTC-30JUN23-30000-C,21079.17,buy,0.1,,,,
630,239467084,2023-01-17 16:32:15,0,0.0565,0.05620249,61.71,BTC-30JUN23-30000-C,21153.23,sell,0.9,,,,
631,239467085,2023-01-17 16:32:15,1,0.0565,0.05620249,61.71,BTC-30JUN23-30000-C,21153.23,sell,1.1,,,,
632,239467090,2023-01-17 16:32:20,1,0.0565,0.05620958,61.7,BTC-30JUN23-30000-C,21150.29,sell,2.0,,,,
633,239467104,2023-01-17 16:32:36,1,0.0565,0.05627062,61.68,BTC-30JUN23-30000-C,21147.37,buy,2.0,,,,
634,239474848,2023-01-17 18:58:11,0,0.0585,0.05734944,61.83,BTC-30JUN23-30000-C,21339.91,buy,100.0,BTC-CS-30JUN23-30000_40000,61550,,
635,239478125,2023-01-17 20:03:52,1,0.0585,0.05856267,61.72,BTC-30JUN23-30000-C,21361.81,buy,0.2,,,,
636,239479493,2023-01-17 20:49:00,2,0.058,0.05790101,61.69,BTC-30JUN23-30000-C,21317.58,buy,0.5,,,,
637,239480043,2023-01-17 20:59:10,0,0.0585,0.05808042,61.79,BTC-30JUN23-30000-C,21351.56,buy,0.5,,,,
638,239485312,2023-01-17 23:30:04,0,0.0575,0.05630108,61.94,BTC-30JUN23-30000-C,21219.4,buy,0.2,,,,
639,239505727,2023-01-18 10:54:01,2,0.054,0.05425891,60.65,BTC-30JUN23-30000-C,21200.75,sell,0.2,,,,
640,239565338,2023-01-18 17:16:47,2,0.052,0.05304273,60.61,BTC-30JUN23-30000-C,21003.27,sell,1.0,,,,
641,239571998,2023-01-18 18:05:51,2,0.0517,0.05127579,61.07,BTC-30JUN23-30000-C,20895.86,buy,50.0,BTC-CS-30JUN23-30000_40000,61650,,
642,239575863,2023-01-18 18:58:36,0,0.0525,0.05242394,61.14,BTC-30JUN23-30000-C,20952.82,buy,50.0,BTC-CS-30JUN23-30000_40000,61657,,
643,239591290,2023-01-19 00:29:36,2,0.049,0.05010718,60.67,BTC-30JUN23-30000-C,20701.95,sell,1.3,,,,
644,239591291,2023-01-19 00:29:36,3,0.049,0.05010718,60.67,BTC-30JUN23-30000-C,20701.95,sell,1.7,,,,
645,239595666,2023-01-19 04:14:06,0,0.0495,0.0496272,60.65,BTC-30JUN23-30000-C,20788.81,buy,0.1,,,,
646,239603017,2023-01-19 08:26:15,2,0.0483,0.04880015,60.14,BTC-30JUN23-30000-C,20798.53,sell,100.0,BTC-RR-30JUN23-15000_30000,61692,,
647,239608006,2023-01-19 10:53:24,2,0.0465,0.04636767,59.34,BTC-30JUN23-30000-C,20784.03,buy,0.1,,,,
648,239615083,2023-01-19 14:15:52,0,0.047,0.04676921,59.81,BTC-30JUN23-30000-C,20737.85,sell,0.3,,,,
649,239615964,2023-01-19 14:33:20,0,0.0475,0.0473279,59.77,BTC-30JUN23-30000-C,20798.56,buy,2.0,,,,
650,239617159,2023-01-19 14:41:32,1,0.0475,0.04776642,59.46,BTC-30JUN23-30000-C,20866.49,buy,2.3,,,,
651,239618910,2023-01-19 15:06:09,1,0.0475,0.04754004,59.53,BTC-30JUN23-30000-C,20856.69,buy,0.2,,,,
652,239621751,2023-01-19 15:27:32,0,0.048,0.048447,59.46,BTC-30JUN23-30000-C,20918.24,buy,0.4,,,,
653,239626258,2023-01-19 16:36:48,2,0.0464,0.04662959,58.93,BTC-30JUN23-30000-C,20860.36,sell,25.0,,61771,,
654,239626853,2023-01-19 16:50:28,3,0.0464,0.0468325,58.9,BTC-30JUN23-30000-C,20880.69,sell,25.0,,61772,,
655,239627937,2023-01-19 17:28:22,0,0.0475,0.04699477,59.31,BTC-30JUN23-30000-C,20899.61,buy,50.0,BTC-CS-30JUN23-24000_30000,61777,,
656,239629457,2023-01-19 18:19:07,2,0.0465,0.04672228,58.85,BTC-30JUN23-30000-C,20882.18,buy,0.2,,,,
657,239629458,2023-01-19 18:19:13,3,0.0465,0.04670001,58.86,BTC-30JUN23-30000-C,20881.82,buy,0.2,,,,
658,239643098,2023-01-19 22:27:07,2,0.046,0.04599563,58.28,BTC-30JUN23-30000-C,20979.34,sell,50.0,BTC-CS-30JUN23-28000_30000,61812,,
659,239643100,2023-01-19 22:27:07,3,0.046,0.04599563,58.28,BTC-30JUN23-30000-C,20979.34,sell,50.0,BTC-CS-30JUN23-26000_30000,61813,,
660,239643123,2023-01-19 22:27:34,0,0.047,0.04604687,58.74,BTC-30JUN23-30000-C,20985.13,sell,12.5,BTC-CS-30JUN23-26000_30000,61814,,
661,239643126,2023-01-19 22:27:42,2,0.0454,0.04605953,57.95,BTC-30JUN23-30000-C,20987.25,sell,12.5,BTC-CS-30JUN23-28000_30000,61815,,
662,239643142,2023-01-19 22:29:26,3,0.0454,0.04604629,57.96,BTC-30JUN23-30000-C,20982.53,sell,50.0,BTC-CS-30JUN23-24000_30000,61816,,
663,239643143,2023-01-19 22:29:34,0,0.047,0.04603527,58.73,BTC-30JUN23-30000-C,20980.91,buy,1.2,,,,
664,239643144,2023-01-19 22:29:34,1,0.047,0.04603527,58.73,BTC-30JUN23-30000-C,20980.91,buy,3.1,,,,
665,239664470,2023-01-20 07:15:15,2,0.046,0.04588028,58.55,BTC-30JUN23-30000-C,20923.97,sell,0.1,,,,
666,239677092,2023-01-20 11:18:27,2,0.045,0.04554028,57.94,BTC-30JUN23-30000-C,20971.48,buy,0.2,,,,
667,239677505,2023-01-20 11:47:01,2,0.0446,0.04546,57.75,BTC-30JUN23-30000-C,20971.39,sell,25.0,BTC-CCAL-29SEP23_30JUN23-30000,61887,,
668,239677844,2023-01-20 12:10:34,0,0.0457,0.04540131,58.25,BTC-30JUN23-30000-C,20977.95,buy,200.0,BTC-CS-30JUN23-30000_40000,61891,,
669,239686453,2023-01-20 15:03:29,0,0.0473,0.04719076,58.15,BTC-30JUN23-30000-C,21170.8,buy,25.0,,61910,,
670,239690818,2023-01-20 16:23:10,0,0.0475,0.04764015,58.09,BTC-30JUN23-30000-C,21204.77,buy,0.2,,,,
671,239693231,2023-01-20 16:48:24,0,0.049,0.04887368,58.06,BTC-30JUN23-30000-C,21363.86,buy,0.3,,,,
672,239693599,2023-01-20 16:51:43,1,0.049,0.04886108,58.02,BTC-30JUN23-30000-C,21370.46,buy,0.3,,,,
673,239693633,2023-01-20 16:51:56,1,0.049,0.04892539,57.98,BTC-30JUN23-30000-C,21380.82,buy,0.3,,,,
674,239693695,2023-01-20 16:52:07,1,0.049,0.04889333,57.96,BTC-30JUN23-30000-C,21384.5,buy,0.3,,,,
675,239694326,2023-01-20 16:58:02,2,0.048,0.04846215,57.65,BTC-30JUN23-30000-C,21342.83,sell,0.5,,,,
676,239696811,2023-01-20 17:54:19,0,0.049,0.0489307,58.06,BTC-30JUN23-30000-C,21373.07,buy,6.3,,,,
677,239702540,2023-01-20 19:59:11,0,0.05,0.05033161,57.92,BTC-30JUN23-30000-C,21497.37,sell,0.2,,,,
678,239744166,2023-01-20 23:07:47,0,0.063,0.06183137,58.43,BTC-30JUN23-30000-C,22630.98,buy,1.0,,,,
679,239744863,2023-01-20 23:13:47,2,0.0625,0.06202892,58.14,BTC-30JUN23-30000-C,22637.44,sell,0.9,,,,
680,239744864,2023-01-20 23:13:47,3,0.0625,0.06202892,58.14,BTC-30JUN23-30000-C,22637.44,sell,0.1,,,,
681,239766625,2023-01-21 07:16:33,0,0.0655,0.065858,59.2,BTC-30JUN23-30000-C,22630.87,buy,0.1,,,,
682,239766626,2023-01-21 07:16:33,1,0.0655,0.065858,59.2,BTC-30JUN23-30000-C,22630.87,buy,0.1,,,,
683,239766633,2023-01-21 07:17:49,0,0.0665,0.0658944,59.61,BTC-30JUN23-30000-C,22632.04,buy,0.1,,,,
684,239766634,2023-01-21 07:17:49,1,0.0665,0.0658944,59.61,BTC-30JUN23-30000-C,22632.04,buy,4.4,,,,
685,239771897,2023-01-21 08:15:16,0,0.068,0.06707763,59.69,BTC-30JUN23-30000-C,22742.94,sell,0.2,,,,
686,239777733,2023-01-21 09:35:50,2,0.066,0.06672651,58.77,BTC-30JUN23-30000-C,22759.73,sell,0.7,,,,
687,239777734,2023-01-21 09:35:50,3,0.066,0.06672651,58.77,BTC-30JUN23-30000-C,22759.73,buy,3.4,,,,
688,239777772,2023-01-21 09:36:26,3,0.066,0.06676727,58.74,BTC-30JUN23-30000-C,22766.74,buy,0.4,,,,
689,239786218,2023-01-21 10:04:06,0,0.0735,0.07168835,60.17,BTC-30JUN23-30000-C,23188.09,buy,0.1,,,,
690,239786219,2023-01-21 10:04:06,1,0.0735,0.07168835,60.17,BTC-30JUN23-30000-C,23188.09,sell,4.5,,,,
691,239786220,2023-01-21 10:04:06,1,0.0735,0.07168835,60.17,BTC-30JUN23-30000-C,23188.09,sell,0.9,,,,
692,239786221,2023-01-21 10:04:06,1,0.0735,0.07168835,60.17,BTC-30JUN23-30000-C,23188.09,sell,0.3,,,,
693,239786930,2023-01-21 10:05:27,1,0.0735,0.07216782,60.1,BTC-30JUN23-30000-C,23187.68,sell,0.1,,,,
694,239787262,2023-01-21 10:06:58,1,0.0735,0.07212045,60.25,BTC-30JUN23-30000-C,23156.02,sell,0.9,,,,
695,239787401,2023-01-21 10:07:20,1,0.0735,0.07249733,60.11,BTC-30JUN23-30000-C,23201.16,sell,3.2,,,,
696,239788201,2023-01-21 10:10:23,2,0.073,0.0724889,59.85,BTC-30JUN23-30000-C,23208.48,buy,0.4,,,,
697,239788205,2023-01-21 10:10:24,3,0.073,0.07251458,59.83,BTC-30JUN23-30000-C,23213.06,buy,0.4,,,,
698,239788236,2023-01-21 10:10:35,3,0.073,0.07266066,59.78,BTC-30JUN23-30000-C,23224.08,buy,0.4,,,,
699,239789709,2023-01-21 10:14:30,0,0.074,0.07325838,59.88,BTC-30JUN23-30000-C,23289.45,sell,0.1,,,,
700,239792839,2023-01-21 10:26:15,2,0.072,0.07039425,60.31,BTC-30JUN23-30000-C,23021.08,sell,0.9,,,,
701,239792850,2023-01-21 10:26:17,3,0.072,0.07035848,60.31,BTC-30JUN23-30000-C,23016.91,sell,0.4,,,,
702,239792851,2023-01-21 10:26:17,3,0.072,0.07035848,60.31,BTC-30JUN23-30000-C,23016.91,sell,0.2,,,,
703,239792894,2023-01-21 10:26:20,3,0.072,0.07042412,60.32,BTC-30JUN23-30000-C,23011.85,sell,0.5,,,,
704,239792895,2023-01-21 10:26:20,3,0.072,0.07042412,60.32,BTC-30JUN23-30000-C,23011.85,sell,0.4,,,,
705,239792896,2023-01-21 10:26:20,3,0.072,0.07042412,60.32,BTC-30JUN23-30000-C,23011.85,sell,0.2,,,,
706,239792936,2023-01-21 10:26:21,3,0.072,0.07024199,60.38,BTC-30JUN23-30000-C,22998.18,sell,1.4,,,,
707,239792937,2023-01-21 10:26:21,3,0.072,0.07024199,60.38,BTC-30JUN23-30000-C,22998.18,sell,0.9,,,,
708,239792939,2023-01-21 10:26:21,3,0.072,0.07024199,60.38,BTC-30JUN23-30000-C,22998.18,sell,0.6,,,,
709,239792984,2023-01-21 10:26:23,3,0.072,0.07011462,60.48,BTC-30JUN23-30000-C,22976.8,sell,10.0,,,,
710,239792987,2023-01-21 10:26:23,3,0.072,0.07011462,60.48,BTC-30JUN23-30000-C,22976.8,sell,2.9,,,,
711,239796689,2023-01-21 10:32:53,2,0.07,0.06934921,60.42,BTC-30JUN23-30000-C,22836.12,buy,0.4,,,,
712,239796690,2023-01-21 10:32:53,3,0.07,0.06934921,60.42,BTC-30JUN23-30000-C,22836.12,buy,0.1,,,,
713,239796701,2023-01-21 10:32:57,3,0.07,0.06943211,60.38,BTC-30JUN23-30000-C,22843.05,buy,0.4,,,,
714,239797432,2023-01-21 10:37:02,2,0.069,0.06845943,60.28,BTC-30JUN23-30000-C,22774.06,buy,0.4,,,,
715,239797433,2023-01-21 10:37:02,3,0.069,0.06845943,60.28,BTC-30JUN23-30000-C,22774.06,buy,0.1,,,,
716,239797434,2023-01-21 10:37:04,3,0.069,0.06850742,60.25,BTC-30JUN23-30000-C,22781.54,buy,0.4,,,,
717,239797458,2023-01-21 10:37:21,3,0.069,0.06849824,60.24,BTC-30JUN23-30000-C,22784.43,buy,0.6,,,,
718,239797485,2023-01-21 10:37:38,2,0.068,0.06874376,59.74,BTC-30JUN23-30000-C,22798.04,sell,1.4,,,,
719,239833522,2023-01-21 17:41:07,0,0.075,0.07425505,60.53,BTC-30JUN23-30000-C,23265.34,buy,0.5,,,,
720,239833533,2023-01-21 17:41:33,2,0.0735,0.07425672,59.89,BTC-30JUN23-30000-C,23268.71,sell,1.2,,,,
721,239861422,2023-01-22 04:22:57,2,0.067,0.06728286,59.58,BTC-30JUN23-30000-C,22771.52,buy,0.6,,,,
722,239873340,2023-01-22 11:05:01,2,0.0655,0.06563257,58.67,BTC-30JUN23-30000-C,22874.71,buy,0.2,,,,
723,239877457,2023-01-22 12:30:30,2,0.064,0.06480611,58.67,BTC-30JUN23-30000-C,22714.93,sell,0.1,,,,
724,239877458,2023-01-22 12:30:30,3,0.064,0.06480611,58.67,BTC-30JUN23-30000-C,22714.93,buy,1.9,,,,
725,239879959,2023-01-22 13:46:11,0,0.068,0.06662693,59.62,BTC-30JUN23-30000-C,22912.42,sell,0.7,,,,
726,239930342,2023-01-23 08:24:24,2,0.0665,0.06614623,59.83,BTC-30JUN23-30000-C,22742.24,buy,4.7,,,,
727,239936300,2023-01-23 11:07:58,0,0.0675,0.06827423,59.42,BTC-30JUN23-30000-C,22909.78,sell,0.7,,,,
728,239936301,2023-01-23 11:07:58,1,0.0675,0.06827423,59.42,BTC-30JUN23-30000-C,22909.78,sell,2.3,,,,
729,239958346,2023-01-23 15:07:16,2,0.067,0.06601872,60.29,BTC-30JUN23-30000-C,22694.92,buy,1.8,,,,
730,239958347,2023-01-23 15:07:16,3,0.067,0.06601872,60.29,BTC-30JUN23-30000-C,22694.92,buy,1.2,,,,
731,239968426,2023-01-23 16:36:39,0,0.068,0.06847429,60.07,BTC-30JUN23-30000-C,22834.91,sell,1.0,,,,
732,239968428,2023-01-23 16:36:41,1,0.068,0.06847572,60.07,BTC-30JUN23-30000-C,22834.98,sell,2.0,,,,
733,239971124,2023-01-23 17:32:31,0,0.07,0.06889821,60.61,BTC-30JUN23-30000-C,22894.98,buy,0.7,,,,
734,239971272,2023-01-23 17:40:08,2,0.0685,0.06874714,60.05,BTC-30JUN23-30000-C,22883.59,buy,0.2,,,,
735,239991362,2023-01-23 22:14:37,0,0.07,0.0693041,60.26,BTC-30JUN23-30000-C,22979.27,sell,0.1,,,,
736,239991382,2023-01-23 22:14:49,1,0.07,0.06925309,60.28,BTC-30JUN23-30000-C,22972.55,sell,0.5,,,,
737,239991387,2023-01-23 22:14:57,1,0.07,0.06921925,60.3,BTC-30JUN23-30000-C,22969.68,sell,0.1,,,,
738,240010548,2023-01-24 07:47:46,2,0.0685,0.06837323,59.33,BTC-30JUN23-30000-C,23054.4,buy,1.0,,,,
739,240016104,2023-01-24 09:06:31,0,0.0685,0.06762823,59.78,BTC-30JUN23-30000-C,22958.65,buy,0.1,,,,
740,240040720,2023-01-24 15:15:06,2,0.067,0.06717163,59.36,BTC-30JUN23-30000-C,22908.88,buy,0.1,,,,
741,240067988,2023-01-24 23:46:15,2,0.062,0.06171534,58.86,BTC-30JUN23-30000-C,22577.65,sell,0.1,,,,
742,240105103,2023-01-25 14:35:49,2,0.0605,0.06057466,58.72,BTC-30JUN23-30000-C,22498.96,sell,0.3,,,,
743,240105557,2023-01-25 14:37:26,2,0.06,0.06012539,58.7,BTC-30JUN23-30000-C,22460.75,sell,0.1,,,,
744,240110834,2023-01-25 15:27:28,2,0.0585,0.05884099,57.78,BTC-30JUN23-30000-C,22525.62,sell,0.1,,,,
745,240110835,2023-01-25 15:27:28,3,0.0585,0.05884099,57.78,BTC-30JUN23-30000-C,22525.62,buy,0.1,,,,
746,240126915,2023-01-25 20:26:33,3,0.0585,0.06196799,56.03,BTC-30JUN23-30000-C,22892.13,sell,12.5,BTC-CDIAG-30JUN23_24FEB23-30000_23000,62565,,
747,240150006,2023-01-25 22:10:16,0,0.069,0.06792218,58.64,BTC-30JUN23-30000-C,23287.16,sell,0.1,,,,
748,240156455,2023-01-25 22:48:04,2,0.066,0.06610934,58.16,BTC-30JUN23-30000-C,23106.35,sell,0.1,,,,
749,240156924,2023-01-25 22:48:17,2,0.064,0.06422243,58.12,BTC-30JUN23-30000-C,22944.1,sell,0.1,,,,
750,240172100,2023-01-26 01:20:00,0,0.0665,0.06728807,57.84,BTC-30JUN23-30000-C,23221.97,buy,0.3,,,,
751,240172101,2023-01-26 01:20:00,1,0.0665,0.06728807,57.84,BTC-30JUN23-30000-C,23221.97,buy,0.3,,,,
752,240184223,2023-01-26 07:41:37,2,0.063,0.0629962,57.62,BTC-30JUN23-30000-C,22971.64,sell,0.1,,,,
753,240185689,2023-01-26 07:58:53,2,0.0625,0.06290364,57.38,BTC-30JUN23-30000-C,22987.24,buy,1.0,,,,
754,240185690,2023-01-26 07:58:53,3,0.0625,0.06290364,57.38,BTC-30JUN23-30000-C,22987.24,buy,2.1,,,,
755,240187712,2023-01-26 08:29:03,2,0.062,0.06206021,57.25,BTC-30JUN23-30000-C,22971.24,sell,0.1,,,,
756,240189366,2023-01-26 09:18:56,0,0.0625,0.06198045,57.32,BTC-30JUN23-30000-C,23011.15,sell,5.0,,,,
757,240190318,2023-01-26 09:37:10,2,0.061,0.06099435,57.05,BTC-30JUN23-30000-C,22923.97,sell,0.1,,,,
758,240204876,2023-01-26 14:32:27,0,0.0625,0.06283239,56.43,BTC-30JUN23-30000-C,23207.37,buy,1.2,,,,
759,240204903,2023-01-26 14:32:53,1,0.0625,0.06294608,56.37,BTC-30JUN23-30000-C,23223.67,buy,0.1,,,,
760,240205043,2023-01-26 14:36:16,1,0.0625,0.06251344,56.45,BTC-30JUN23-30000-C,23202.99,buy,1.0,,,,
761,240206884,2023-01-26 14:51:04,2,0.06,0.05987403,56.57,BTC-30JUN23-30000-C,22936.74,sell,0.1,,,,
762,240209300,2023-01-26 15:19:57,0,0.0625,0.06224151,56.63,BTC-30JUN23-30000-C,23169.26,buy,23.0,,,,
763,240222690,2023-01-26 19:50:01,2,0.0607,0.06108907,56.29,BTC-30JUN23-30000-C,23069.27,buy,13.0,BTC-CS-30JUN23-24000_30000,62717,,
764,240237040,2023-01-27 01:07:26,0,0.061,0.06124504,57.13,BTC-30JUN23-30000-C,22942.77,buy,1.0,,,,
765,240238949,2023-01-27 01:36:46,2,0.06,0.05947881,57.64,BTC-30JUN23-30000-C,22733.52,sell,1.5,,,,
766,240241626,2023-01-27 01:38:18,3,0.06,0.05827918,58.25,BTC-30JUN23-30000-C,22613.35,sell,10.9,,,,
767,240241627,2023-01-27 01:38:18,3,0.06,0.05827918,58.25,BTC-30JUN23-30000-C,22613.35,sell,4.5,,,,
768,240241628,2023-01-27 01:38:18,3,0.06,0.05827918,58.25,BTC-30JUN23-30000-C,22613.35,sell,0.1,,,,
769,240241629,2023-01-27 01:38:18,3,0.06,0.05827918,58.25,BTC-30JUN23-30000-C,22613.35,sell,1.7,,,,
770,240241680,2023-01-27 01:38:19,3,0.06,0.05824381,58.27,BTC-30JUN23-30000-C,22608.69,sell,1.3,,,,
771,240241728,2023-01-27 01:38:20,3,0.06,0.05812305,58.33,BTC-30JUN23-30000-C,22596.33,sell,1.0,,,,
772,240241732,2023-01-27 01:38:21,3,0.06,0.05812305,58.41,BTC-30JUN23-30000-C,22577.67,sell,2.2,,,,
773,240241829,2023-01-27 01:38:28,2,0.059,0.05795522,57.99,BTC-30JUN23-30000-C,22565.09,buy,0.3,,,,
774,240241930,2023-01-27 01:38:33,3,0.059,0.05778975,58.0,BTC-30JUN23-30000-C,22557.59,buy,0.3,,,,
775,240242022,2023-01-27 01:38:39,0,0.0595,0.05829763,58.0,BTC-30JUN23-30000-C,22600.13,buy,0.3,,,,
776,240242023,2023-01-27 01:38:39,1,0.0595,0.05829763,58.0,BTC-30JUN23-30000-C,22600.13,buy,0.1,,,,
777,240242326,2023-01-27 01:39:15,0,0.06,0.05895133,57.94,BTC-30JUN23-30000-C,22672.43,buy,0.3,,,,
778,240242327,2023-01-27 01:39:15,1,0.06,0.05895133,57.94,BTC-30JUN23-30000-C,22672.43,buy,0.1,,,,
779,240242454,2023-01-27 01:39:28,2,0.0595,0.05863825,57.91,BTC-30JUN23-30000-C,22628.98,buy,0.3,,,,
780,240244678,2023-01-27 01:52:35,2,0.059,0.05892311,57.7,BTC-30JUN23-30000-C,22617.13,buy,2.8,,,,
781,240253648,2023-01-27 05:54:19,0,0.0625,0.06250293,57.4,BTC-30JUN23-30000-C,23026.33,buy,1.6,,,,
782,240253750,2023-01-27 05:54:23,1,0.0625,0.06276327,57.26,BTC-30JUN23-30000-C,23055.44,buy,1.0,,,,
783,240259149,2023-01-27 07:30:30,2,0.061,0.06189212,56.92,BTC-30JUN23-30000-C,22991.42,sell,1.0,,,,
784,240270001,2023-01-27 08:12:38,3,0.061,0.06154503,56.68,BTC-30JUN23-30000-C,23025.62,sell,0.3,,,,
785,240279006,2023-01-27 09:47:53,2,0.0607,0.06075166,56.96,BTC-30JUN23-30000-C,22945.24,buy,50.0,BTC-CS-30JUN23-24000_30000,62799,,
786,240294866,2023-01-27 15:11:00,0,0.0615,0.06148516,56.79,BTC-30JUN23-30000-C,23066.6,buy,0.4,,,,
787,240295051,2023-01-27 15:13:26,1,0.0615,0.06154058,56.73,BTC-30JUN23-30000-C,23078.4,buy,0.4,,,,
788,240295106,2023-01-27 15:13:59,1,0.0615,0.06164877,56.68,BTC-30JUN23-30000-C,23087.7,buy,0.2,,,,
789,240306634,2023-01-27 17:52:45,0,0.062,0.06217356,56.49,BTC-30JUN23-30000-C,23181.22,buy,0.1,,,,
790,240306671,2023-01-27 17:52:47,1,0.062,0.06219569,56.48,BTC-30JUN23-30000-C,23183.08,buy,0.6,,,,
791,240306816,2023-01-27 17:53:29,1,0.062,0.06244964,56.35,BTC-30JUN23-30000-C,23204.22,buy,0.3,,,,
792,240307679,2023-01-27 18:00:29,0,0.0625,0.06262738,56.37,BTC-30JUN23-30000-C,23240.08,buy,1.2,,,,
793,240310700,2023-01-27 19:44:55,1,0.0625,0.06234032,56.6,BTC-30JUN23-30000-C,23205.14,buy,1.0,,,,
794,240311143,2023-01-27 19:54:52,1,0.0625,0.06280343,56.29,BTC-30JUN23-30000-C,23273.0,buy,23.0,,,,
795,240311144,2023-01-27 19:54:52,1,0.0625,0.06280343,56.29,BTC-30JUN23-30000-C,23273.0,buy,23.0,,,,
796,240311751,2023-01-27 20:01:26,1,0.0625,0.06273599,56.18,BTC-30JUN23-30000-C,23296.33,buy,1.3,,,,
797,240312020,2023-01-27 20:01:47,1,0.0625,0.06296664,56.1,BTC-30JUN23-30000-C,23311.98,buy,122.6,,,,
798,240312053,2023-01-27 20:01:57,0,0.0635,0.06310148,56.47,BTC-30JUN23-30000-C,23324.49,sell,0.8,,,,
799,240414695,2023-01-29 19:30:55,0,0.069,0.06887235,56.4,BTC-30JUN23-30000-C,23882.35,buy,0.7,,,,
800,240414696,2023-01-29 19:30:55,1,0.069,0.06887235,56.4,BTC-30JUN23-30000-C,23882.35,buy,0.4,,,,
801,240414697,2023-01-29 19:30:55,1,0.069,0.06887235,56.4,BTC-30JUN23-30000-C,23882.35,buy,0.3,,,,
802,240414993,2023-01-29 19:31:29,1,0.069,0.06907803,56.37,BTC-30JUN23-30000-C,23889.42,buy,0.6,,,,
803,240415000,2023-01-29 19:31:29,1,0.069,0.06907803,56.37,BTC-30JUN23-30000-C,23889.42,buy,0.1,,,,
804,240415001,2023-01-29 19:31:29,1,0.069,0.06907803,56.37,BTC-30JUN23-30000-C,23889.42,buy,0.3,,,,
805,240415030,2023-01-29 19:31:31,1,0.069,0.06914789,56.33,BTC-30JUN23-30000-C,23897.34,buy,0.9,,,,
806,240415493,2023-01-29 19:33:16,1,0.069,0.06916854,56.33,BTC-30JUN23-30000-C,23897.5,buy,0.8,,,,
807,240415549,2023-01-29 19:33:18,1,0.069,0.06932632,56.26,BTC-30JUN23-30000-C,23911.51,buy,1.0,,,,
808,240415550,2023-01-29 19:33:18,1,0.069,0.06932632,56.26,BTC-30JUN23-30000-C,23911.51,buy,0.1,,,,
809,240415551,2023-01-29 19:33:18,1,0.069,0.06932632,56.26,BTC-30JUN23-30000-C,23911.51,buy,4.8,,,,
810,240419029,2023-01-29 20:02:13,2,0.068,0.06825771,56.56,BTC-30JUN23-30000-C,23757.16,sell,0.1,,,,
811,240420135,2023-01-29 20:13:23,0,0.0705,0.06876809,57.45,BTC-30JUN23-30000-C,23800.97,buy,0.9,,,,
812,240444241,2023-01-30 08:25:34,2,0.063,0.06310442,55.32,BTC-30JUN23-30000-C,23591.56,sell,0.1,,,,
813,240453426,2023-01-30 09:39:36,2,0.058,0.05793034,55.3,BTC-30JUN23-30000-C,23145.06,sell,0.1,,,,
814,240460543,2023-01-30 11:39:28,2,0.057,0.05710948,54.7,BTC-30JUN23-30000-C,23198.84,sell,0.1,,,,
815,240460544,2023-01-30 11:39:28,3,0.057,0.05710948,54.7,BTC-30JUN23-30000-C,23198.84,sell,0.1,,,,
816,240460545,2023-01-30 11:39:28,3,0.057,0.05710948,54.7,BTC-30JUN23-30000-C,23198.84,sell,0.1,,,,
817,240465715,2023-01-30 12:13:30,2,0.0554,0.05574003,54.36,BTC-30JUN23-30000-C,23109.22,sell,60.0,BTC-CS-30JUN23-20000_30000,63083,,
818,240478315,2023-01-30 16:31:08,0,0.0586,0.05761781,55.42,BTC-30JUN23-30000-C,23211.58,buy,200.0,BTC-CDIAG-30JUN23_3FEB23-30000_25000,63143,,
819,240486589,2023-01-30 19:10:51,2,0.058,0.05184259,57.78,BTC-30JUN23-30000-C,22659.14,buy,12.5,BTC-CS-30JUN23-27000_30000,63159,,
820,240488952,2023-01-30 19:17:51,2,0.0545,0.05390836,55.45,BTC-30JUN23-30000-C,22826.05,buy,0.8,,,,
821,240489735,2023-01-30 19:22:39,3,0.0545,0.05390287,55.52,BTC-30JUN23-30000-C,22808.95,buy,0.1,,,,
822,240491132,2023-01-30 19:36:43,2,0.0532,0.05323129,55.54,BTC-30JUN23-30000-C,22677.28,buy,12.5,BTC-CS-30JUN23-27000_30000,63166,,
823,240491652,2023-01-30 19:40:49,0,0.0545,0.05373029,56.07,BTC-30JUN23-30000-C,22694.27,sell,1.7,,,,
824,240491658,2023-01-30 19:40:50,1,0.0545,0.05373233,56.09,BTC-30JUN23-30000-C,22690.53,sell,0.1,,,,
825,240491824,2023-01-30 19:42:13,1,0.0545,0.05410284,55.99,BTC-30JUN23-30000-C,22710.63,sell,5.0,,,,
826,240491866,2023-01-30 19:42:39,1,0.0545,0.05408902,56.01,BTC-30JUN23-30000-C,22701.73,sell,5.0,,,,
827,240494048,2023-01-30 20:19:07,1,0.0545,0.05472115,55.87,BTC-30JUN23-30000-C,22731.36,sell,0.4,,,,
828,240494154,2023-01-30 20:21:06,1,0.0545,0.05470594,55.89,BTC-30JUN23-30000-C,22728.83,sell,0.4,,,,
829,240494162,2023-01-30 20:21:14,1,0.0545,0.05458258,55.95,BTC-30JUN23-30000-C,22716.43,sell,0.4,,,,
830,240494195,2023-01-30 20:21:24,1,0.0545,0.05452211,55.98,BTC-30JUN23-30000-C,22710.09,sell,0.4,,,,
831,240494209,2023-01-30 20:21:38,1,0.0545,0.05445671,56.01,BTC-30JUN23-30000-C,22703.22,sell,3.6,,,,
832,240494666,2023-01-30 20:22:20,2,0.054,0.05337669,56.29,BTC-30JUN23-30000-C,22594.33,sell,1.6,,,,
833,240494676,2023-01-30 20:22:20,3,0.054,0.05337669,56.29,BTC-30JUN23-30000-C,22594.33,sell,1.3,,,,
834,240494677,2023-01-30 20:22:20,3,0.054,0.05337669,56.29,BTC-30JUN23-30000-C,22594.33,sell,0.8,,,,
835,240507150,2023-01-31 00:35:54,1,0.055,0.05410362,56.06,BTC-30JUN23-30000-C,22745.5,buy,0.1,,,,
836,240507594,2023-01-31 00:50:44,1,0.055,0.05507119,55.58,BTC-30JUN23-30000-C,22851.75,buy,0.5,,,,
837,240507595,2023-01-31 00:50:44,1,0.055,0.05507119,55.58,BTC-30JUN23-30000-C,22851.75,buy,0.1,,,,
838,240507652,2023-01-31 00:50:47,1,0.055,0.05508945,55.52,BTC-30JUN23-30000-C,22863.42,buy,0.3,,,,
839,240529344,2023-01-31 13:18:54,0,0.057,0.05686592,56.17,BTC-30JUN23-30000-C,22942.75,sell,0.4,,,,
840,240535827,2023-01-31 14:21:10,0,0.06,0.05940369,56.71,BTC-30JUN23-30000-C,23109.77,sell,0.5,,,,
841,240585873,2023-02-01 12:23:59,0,0.061,0.06070428,57.33,BTC-30JUN23-30000-C,23094.82,sell,0.3,,,,
842,240593961,2023-02-01 15:22:17,2,0.06,0.06011221,57.16,BTC-30JUN23-30000-C,23037.96,buy,1.5,,,,
843,240594015,2023-02-01 15:22:56,2,0.0595,0.05999565,56.99,BTC-30JUN23-30000-C,23032.23,sell,0.5,,,,
844,240603878,2023-02-01 17:42:57,0,0.0635,0.06327312,58.94,BTC-30JUN23-30000-C,22992.52,sell,1.6,,,,
845,240603988,2023-02-01 17:44:53,0,0.064,0.06319751,59.21,BTC-30JUN23-30000-C,22976.43,buy,1.6,,,,
846,240603989,2023-02-01 17:44:53,1,0.064,0.06319751,59.21,BTC-30JUN23-30000-C,22976.43,buy,0.8,,,,
847,240623419,2023-02-01 19:43:01,2,0.0635,0.0648899,57.77,BTC-30JUN23-30000-C,23220.98,sell,4.0,,,,
848,240628630,2023-02-01 19:53:13,0,0.066,0.06661552,57.74,BTC-30JUN23-30000-C,23467.16,buy,0.2,,,,
849,240628631,2023-02-01 19:53:13,1,0.066,0.06661552,57.74,BTC-30JUN23-30000-C,23467.16,buy,0.3,,,,
850,240634740,2023-02-01 20:13:40,2,0.065,0.06533409,57.73,BTC-30JUN23-30000-C,23362.66,buy,0.4,,,,
851,240636929,2023-02-01 20:28:11,0,0.066,0.06607682,57.62,BTC-30JUN23-30000-C,23487.78,buy,0.5,,,,
852,240636986,2023-02-01 20:28:17,1,0.066,0.06624663,57.57,BTC-30JUN23-30000-C,23498.21,buy,0.5,,,,
853,240644078,2023-02-01 21:06:25,0,0.0685,0.0686728,57.77,BTC-30JUN23-30000-C,23673.35,buy,0.6,,,,
854,240644112,2023-02-01 21:06:28,1,0.0685,0.06884683,57.67,BTC-30JUN23-30000-C,23695.45,buy,0.4,,,,
855,240644869,2023-02-01 21:09:33,2,0.068,0.06885714,57.37,BTC-30JUN23-30000-C,23711.54,sell,0.7,,,,
856,240644870,2023-02-01 21:09:33,3,0.068,0.06885714,57.37,BTC-30JUN23-30000-C,23711.54,sell,0.3,,,,
857,240645372,2023-02-01 21:10:29,0,0.069,0.06925388,57.63,BTC-30JUN23-30000-C,23745.47,buy,0.5,,,,
858,240677804,2023-02-02 02:18:27,0,0.0725,0.07235262,57.91,BTC-30JUN23-30000-C,23945.97,sell,0.1,,,,
859,240679862,2023-02-02 02:58:20,2,0.0711,0.07158682,57.6,BTC-30JUN23-30000-C,23890.11,buy,16.8,BTC-STRG-30JUN23-20000_30000,63555,,
860,240679928,2023-02-02 03:00:37,2,0.071,0.07167368,57.51,BTC-30JUN23-30000-C,23896.29,buy,1.0,,,,
861,240684640,2023-02-02 04:51:49,0,0.0715,0.0719557,57.68,BTC-30JUN23-30000-C,23906.24,sell,50.0,BTC-STRG-30JUN23-20000_30000,63566,,
862,240696831,2023-02-02 08:17:32,2,0.0675,0.06826411,56.55,BTC-30JUN23-30000-C,23820.64,buy,0.5,,,,
863,240700639,2023-02-02 09:33:40,2,0.0665,0.06751443,56.27,BTC-30JUN23-30000-C,23795.85,sell,0.2,,,,
864,240703380,2023-02-02 11:16:02,0,0.068,0.06764598,56.85,BTC-30JUN23-30000-C,23816.92,sell,4.0,,,,
865,240703465,2023-02-02 11:17:21,1,0.068,0.06768388,56.87,BTC-30JUN23-30000-C,23811.12,sell,0.4,,,,
866,240706910,2023-02-02 12:25:55,1,0.068,0.06797747,56.95,BTC-30JUN23-30000-C,23810.0,sell,0.6,,,,
867,240738881,2023-02-02 18:02:43,0,0.07,0.06968085,57.04,BTC-30JUN23-30000-C,23931.55,buy,0.5,,,,
868,240777042,2023-02-03 00:40:27,2,0.0664,0.06557237,57.78,BTC-30JUN23-30000-C,23505.31,sell,35.0,BTC-CS-30JUN23-25000_30000,63664,,
869,240777355,2023-02-03 00:48:14,2,0.066,0.06609595,57.38,BTC-30JUN23-30000-C,23544.4,buy,0.2,,,,
870,240789140,2023-02-03 07:33:46,3,0.066,0.06599407,57.68,BTC-30JUN23-30000-C,23479.63,sell,1.0,,,,
871,240792161,2023-02-03 07:51:18,3,0.066,0.06574939,57.83,BTC-30JUN23-30000-C,23469.41,sell,1.0,,,,
872,240800102,2023-02-03 09:10:07,2,0.0635,0.06310916,57.0,BTC-30JUN23-30000-C,23417.31,sell,1.0,,,,
873,240801182,2023-02-03 09:36:16,2,0.063,0.06332795,56.67,BTC-30JUN23-30000-C,23439.33,buy,0.7,,,,
874,240817831,2023-02-03 14:06:57,2,0.06,0.0611047,55.86,BTC-30JUN23-30000-C,23333.34,sell,0.5,,,,
875,240866270,2023-02-04 07:22:35,0,0.0605,0.06127392,56.35,BTC-30JUN23-30000-C,23320.12,sell,1.0,,,,
876,240887787,2023-02-04 19:29:51,0,0.061,0.06146698,56.12,BTC-30JUN23-30000-C,23438.35,sell,1.0,,,,
877,240890527,2023-02-04 23:06:32,1,0.061,0.06147673,56.23,BTC-30JUN23-30000-C,23415.86,buy,0.8,,,,
878,240890555,2023-02-04 23:07:22,2,0.0605,0.06144757,55.99,BTC-30JUN23-30000-C,23423.38,sell,0.8,,,,
879,240890556,2023-02-04 23:07:22,3,0.0605,0.06144757,55.99,BTC-30JUN23-30000-C,23423.38,buy,3.4,,,,
880,240891171,2023-02-04 23:38:26,2,0.06,0.06041307,56.31,BTC-30JUN23-30000-C,23316.21,sell,0.1,,,,
881,240892408,2023-02-04 23:49:40,2,0.059,0.06024035,55.99,BTC-30JUN23-30000-C,23300.12,sell,0.5,,,,
882,240897526,2023-02-05 03:51:25,0,0.0605,0.06077472,56.49,BTC-30JUN23-30000-C,23341.1,sell,0.6,,,,
883,240897926,2023-02-05 04:17:55,1,0.0605,0.06049299,56.49,BTC-30JUN23-30000-C,23342.8,sell,0.4,,,,
884,240898676,2023-02-05 05:24:31,2,0.0595,0.06074027,55.85,BTC-30JUN23-30000-C,23388.98,sell,0.2,,,,
885,240951735,2023-02-06 00:33:38,2,0.0585,0.05843241,57.3,BTC-30JUN23-30000-C,23043.21,buy,0.3,,,,
886,240958927,2023-02-06 04:09:55,2,0.0575,0.05796707,57.45,BTC-30JUN23-30000-C,22926.47,buy,0.1,,,,
887,240972867,2023-02-06 08:23:36,2,0.055,0.05509055,56.67,BTC-30JUN23-30000-C,22866.94,sell,5.0,,,,
888,240972900,2023-02-06 08:24:55,3,0.055,0.05518615,56.65,BTC-30JUN23-30000-C,22871.84,sell,5.0,,,,
889,240995641,2023-02-06 16:03:03,0,0.057,0.05670625,56.63,BTC-30JUN23-30000-C,23079.58,sell,1.0,,,,
890,241019982,2023-02-06 23:19:17,2,0.0525,0.05237039,56.56,BTC-30JUN23-30000-C,22681.87,sell,0.1,,,,
891,241022131,2023-02-06 23:47:01,3,0.0525,0.05280949,56.17,BTC-30JUN23-30000-C,22766.95,buy,1.3,,,,
892,241022192,2023-02-06 23:47:31,2,0.052,0.05279982,55.92,BTC-30JUN23-30000-C,22774.31,sell,0.9,,,,
893,241022193,2023-02-06 23:47:31,3,0.052,0.05279982,55.92,BTC-30JUN23-30000-C,22774.31,buy,2.3,,,,
894,241041950,2023-02-07 09:55:04,0,0.0525,0.0527384,55.08,BTC-30JUN23-30000-C,23004.25,sell,0.4,,,,
895,241043640,2023-02-07 10:16:49,0,0.053,0.05325767,55.12,BTC-30JUN23-30000-C,23042.22,sell,0.5,,,,
896,241043700,2023-02-07 10:17:04,0,0.0535,0.05328366,55.34,BTC-30JUN23-30000-C,23046.18,buy,3.6,,,,
897,241043701,2023-02-07 10:17:04,1,0.0535,0.05328366,55.34,BTC-30JUN23-30000-C,23046.18,buy,1.4,,,,
898,241047223,2023-02-07 11:35:01,1,0.0535,0.05297744,55.68,BTC-30JUN23-30000-C,22984.57,buy,2.5,,,,
899,241047224,2023-02-07 11:35:01,1,0.0535,0.05297744,55.68,BTC-30JUN23-30000-C,22984.57,sell,2.5,,,,
900,241049379,2023-02-07 12:38:27,0,0.0545,0.05411739,56.05,BTC-30JUN23-30000-C,23003.45,buy,1.2,,,,
901,241049380,2023-02-07 12:38:27,1,0.0545,0.05411739,56.05,BTC-30JUN23-30000-C,23003.45,buy,1.1,,,,
902,241057506,2023-02-07 14:49:40,0,0.055,0.05461354,56.37,BTC-30JUN23-30000-C,22974.58,sell,1.8,,,,
903,241063976,2023-02-07 16:38:06,0,0.0555,0.05490805,56.62,BTC-30JUN23-30000-C,22974.61,sell,100.0,BTC-CSR12-30JUN23-30000_40000,64033,,
904,241069450,2023-02-07 17:45:35,2,0.0543,0.05605366,55.67,BTC-30JUN23-30000-C,23061.94,sell,12.5,BTC-CS-30JUN23-17000_30000,64036,,
905,241096909,2023-02-07 20:57:24,0,0.0568,0.05645717,56.09,BTC-30JUN23-30000-C,23214.24,buy,750.0,,64068,,
906,241118793,2023-02-08 05:34:07,2,0.056,0.05613488,55.72,BTC-30JUN23-30000-C,23227.0,sell,130.0,BTC-RR-30JUN23-16000_30000,64090,,
907,241126264,2023-02-08 08:56:13,0,0.0565,0.05600854,56.06,BTC-30JUN23-30000-C,23205.23,buy,1.6,,,,
908,241126265,2023-02-08 08:56:13,1,0.0565,0.05600854,56.06,BTC-30JUN23-30000-C,23205.23,buy,2.3,,,,
909,241126266,2023-02-08 08:56:13,1,0.0565,0.05600854,56.06,BTC-30JUN23-30000-C,23205.23,sell,3.4,,,,
910,241126284,2023-02-08 08:56:42,1,0.0565,0.05603607,56.07,BTC-30JUN23-30000-C,23203.63,sell,2.7,,,,
911,241126285,2023-02-08 08:56:42,1,0.0565,0.05603607,56.07,BTC-30JUN23-30000-C,23203.63,sell,0.8,,,,
912,241126394,2023-02-08 09:02:55,1,0.0565,0.05605213,56.08,BTC-30JUN23-30000-C,23198.07,buy,4.0,,,,
913,241127050,2023-02-08 09:25:22,0,0.057,0.05679891,56.24,BTC-30JUN23-30000-C,23222.32,buy,3.5,,,,
914,241170495,2023-02-08 23:14:09,2,0.0525,0.05271892,55.93,BTC-30JUN23-30000-C,22895.76,buy,1.0,,,,
915,241181367,2023-02-09 03:06:15,2,0.05,0.04917272,56.45,BTC-30JUN23-30000-C,22539.67,sell,0.1,,,,
916,241187418,2023-02-09 03:34:03,2,0.0495,0.04945916,56.34,BTC-30JUN23-30000-C,22515.52,sell,0.1,,,,
917,241198343,2023-02-09 06:05:02,2,0.049,0.04865525,55.83,BTC-30JUN23-30000-C,22587.22,sell,0.1,,,,
918,241202104,2023-02-09 07:26:27,3,0.049,0.04852657,55.48,BTC-30JUN23-30000-C,22658.69,sell,0.5,,,,
919,241202989,2023-02-09 07:44:01,3,0.049,0.04896646,55.37,BTC-30JUN23-30000-C,22688.05,sell,0.4,,,,
920,241203100,2023-02-09 07:44:59,3,0.049,0.0489536,55.37,BTC-30JUN23-30000-C,22690.33,sell,0.1,,,,
921,241213850,2023-02-09 11:55:03,2,0.0483,0.04884998,54.97,BTC-30JUN23-30000-C,22717.27,sell,12.5,,64257,,
922,241214447,2023-02-09 12:03:42,0,0.0485,0.04843571,55.28,BTC-30JUN23-30000-C,22676.67,sell,0.5,,,,
923,241214489,2023-02-09 12:06:08,2,0.0476,0.04847878,54.8,BTC-30JUN23-30000-C,22686.91,sell,50.0,,64259,,
924,241219252,2023-02-09 13:21:22,0,0.049,0.04831938,55.32,BTC-30JUN23-30000-C,22716.98,buy,0.2,,,,
925,241224624,2023-02-09 14:58:37,2,0.0485,0.04855936,55.27,BTC-30JUN23-30000-C,22681.47,sell,5.0,,,,
926,241229252,2023-02-09 15:59:46,2,0.0473,0.04727506,55.06,BTC-30JUN23-30000-C,22608.53,buy,137.5,,64284,,
927,241229309,2023-02-09 16:00:05,0,0.048,0.04729278,55.39,BTC-30JUN23-30000-C,22613.35,buy,1.5,,,,
928,241229310,2023-02-09 16:00:05,1,0.048,0.04729278,55.39,BTC-30JUN23-30000-C,22613.35,buy,0.5,,,,
929,241237003,2023-02-09 17:49:07,2,0.0464,0.04602376,55.27,BTC-30JUN23-30000-C,22476.58,sell,10.0,,64295,,
930,241280661,2023-02-09 22:05:29,2,0.0415,0.04080528,56.02,BTC-30JUN23-30000-C,21813.99,sell,1.8,,,,
931,241280713,2023-02-09 22:05:39,3,0.0415,0.04079002,56.05,BTC-30JUN23-30000-C,21810.58,sell,1.8,,,,
932,241291503,2023-02-10 00:09:42,2,0.041,0.04063865,55.64,BTC-30JUN23-30000-C,21834.09,buy,0.2,,,,
933,241298547,2023-02-10 02:04:08,2,0.0405,0.04081684,55.15,BTC-30JUN23-30000-C,21902.05,buy,0.7,,,,
934,241305521,2023-02-10 04:34:08,2,0.038,0.03830504,54.32,BTC-30JUN23-30000-C,21801.56,buy,0.8,,,,
935,241305551,2023-02-10 04:34:40,3,0.038,0.03829815,54.3,BTC-30JUN23-30000-C,21807.99,buy,0.4,,,,
936,241305552,2023-02-10 04:34:40,3,0.038,0.03829815,54.3,BTC-30JUN23-30000-C,21807.99,buy,1.1,,,,
937,241305553,2023-02-10 04:34:43,3,0.038,0.03829927,54.3,BTC-30JUN23-30000-C,21808.77,sell,1.9,,,,
938,241305920,2023-02-10 04:45:09,0,0.039,0.03870311,54.85,BTC-30JUN23-30000-C,21804.88,sell,0.1,,,,
939,241305932,2023-02-10 04:45:49,1,0.039,0.03873299,54.85,BTC-30JUN23-30000-C,21806.72,sell,0.1,,,,
940,241307972,2023-02-10 05:38:09,2,0.0385,0.03830844,54.95,BTC-30JUN23-30000-C,21729.77,sell,0.6,,,,
941,241307984,2023-02-10 05:38:09,3,0.0385,0.03829042,54.95,BTC-30JUN23-30000-C,21729.77,sell,0.5,,,,
942,241307988,2023-02-10 05:38:09,3,0.0385,0.03829042,54.95,BTC-30JUN23-30000-C,21729.77,sell,0.2,,,,
943,241308161,2023-02-10 05:38:10,3,0.0385,0.03805328,55.08,BTC-30JUN23-30000-C,21703.2,sell,1.9,,,,
944,241308182,2023-02-10 05:38:10,3,0.0385,0.03805328,55.17,BTC-30JUN23-30000-C,21684.67,sell,1.4,,,,
945,241312415,2023-02-10 06:37:48,0,0.041,0.04099797,55.61,BTC-30JUN23-30000-C,21865.9,buy,0.3,,,,
946,241326310,2023-02-10 08:57:12,1,0.041,0.04078602,55.62,BTC-30JUN23-30000-C,21901.58,buy,8.0,,,,
947,241326522,2023-02-10 09:02:29,2,0.0405,0.04086031,55.31,BTC-30JUN23-30000-C,21906.08,sell,1.0,,,,
948,241338494,2023-02-10 11:59:57,2,0.04,0.04020684,55.93,BTC-30JUN23-30000-C,21738.32,buy,1.0,,,,
949,241344768,2023-02-10 13:21:24,0,0.041,0.04056166,56.08,BTC-30JUN23-30000-C,21812.84,buy,0.7,,,,
950,241344916,2023-02-10 13:24:15,2,0.0405,0.04052199,55.83,BTC-30JUN23-30000-C,21810.1,buy,0.3,,,,
951,241349919,2023-02-10 14:37:24,3,0.0405,0.04069224,55.49,BTC-30JUN23-30000-C,21886.48,buy,0.7,,,,
952,241351393,2023-02-10 14:54:24,2,0.04,0.04044091,55.49,BTC-30JUN23-30000-C,21831.04,sell,0.3,,,,
953,241355986,2023-02-10 15:45:04,3,0.04,0.03995715,56.0,BTC-30JUN23-30000-C,21720.12,sell,1.4,,,,
954,241363577,2023-02-10 16:36:13,3,0.04,0.03996235,56.35,BTC-30JUN23-30000-C,21649.16,buy,12.8,,,,
955,241377454,2023-02-10 20:47:22,3,0.04,0.04034295,55.96,BTC-30JUN23-30000-C,21742.49,sell,2.2,,,,
956,241379534,2023-02-10 21:22:57,2,0.039,0.03889197,55.95,BTC-30JUN23-30000-C,21649.23,sell,0.4,,,,
957,241382759,2023-02-10 21:44:50,2,0.0375,0.03751414,55.72,BTC-30JUN23-30000-C,21528.38,buy,0.7,,,,
958,241413433,2023-02-11 14:20:48,2,0.0365,0.03749277,54.3,BTC-30JUN23-30000-C,21745.42,buy,0.1,,,,
959,241413434,2023-02-11 14:20:51,3,0.0365,0.037492,54.3,BTC-30JUN23-30000-C,21745.36,buy,0.1,,,,
960,241413435,2023-02-11 14:20:52,3,0.0365,0.03749208,54.3,BTC-30JUN23-30000-C,21745.37,buy,0.1,,,,
