trade_seq,trade_id,timestamp,tick_direction,price,mark_price,iv,instrument_name,index_price,direction,amount,combo_id,block_trade_id
1,221631484,2022-07-01 11:32:10,1,0.062,0.0564002,77.19,BTC-30JUN23-50000-C,19164.97,buy,1.0,,
2,221793858,2022-07-04 01:12:25,2,0.053,0.0566245,74.1,BTC-30JUN23-50000-C,19130.8,sell,0.1,,
3,221956767,2022-07-05 08:15:57,0,0.059,0.05903567,73.94,BTC-30JUN23-50000-C,20074.13,buy,4.0,,
4,222248349,2022-07-07 14:38:00,0,0.062,0.06029789,73.36,BTC-30JUN23-50000-C,20854.84,sell,1.0,,
5,222248425,2022-07-07 14:38:55,0,0.0645,0.06039581,74.25,BTC-30JUN23-50000-C,20837.7,buy,2.0,,
6,222250262,2022-07-07 14:48:02,1,0.0645,0.06158599,74.15,BTC-30JUN23-50000-C,20859.18,sell,2.0,,
7,222251422,2022-07-07 14:54:46,2,0.0615,0.06156696,73.03,BTC-30JUN23-50000-C,20917.24,buy,2.0,,
8,222323919,2022-07-08 04:28:09,0,0.0735,0.06890443,74.2,BTC-30JUN23-50000-C,22088.16,buy,0.1,,
9,222324715,2022-07-08 04:41:15,1,0.0735,0.06840912,74.36,BTC-30JUN23-50000-C,22029.41,buy,0.3,,
10,222401842,2022-07-08 18:36:28,2,0.069,0.06838697,73.45,BTC-30JUN23-50000-C,21822.46,sell,1.0,,
11,222467336,2022-07-09 15:27:52,2,0.0595,0.0606935,70.79,BTC-30JUN23-50000-C,21616.37,sell,0.1,,
12,222467381,2022-07-09 15:30:02,2,0.0545,0.06023965,68.97,BTC-30JUN23-50000-C,21633.52,sell,0.1,,
13,222564618,2022-07-11 06:01:42,2,0.053,0.0544925,71.21,BTC-30JUN23-50000-C,20488.65,sell,1.5,,
14,222564619,2022-07-11 06:01:42,3,0.053,0.0544925,71.21,BTC-30JUN23-50000-C,20488.65,buy,3.5,,
15,222628820,2022-07-12 00:20:13,2,0.0525,0.05243854,72.65,BTC-30JUN23-50000-C,19921.35,sell,1.0,,
16,223142746,2022-07-16 16:51:34,0,0.055,0.05302249,70.63,BTC-30JUN23-50000-C,21325.1,buy,5.0,,
17,223169082,2022-07-16 21:33:42,0,0.0565,0.05380991,71.42,BTC-30JUN23-50000-C,21241.4,buy,5.0,,
18,223249229,2022-07-17 21:26:35,0,0.0575,0.05461839,72.54,BTC-30JUN23-50000-C,21016.06,buy,0.2,,
19,223249241,2022-07-17 21:26:41,1,0.0575,0.05458006,72.56,BTC-30JUN23-50000-C,21009.37,buy,0.1,,
20,223249242,2022-07-17 21:26:44,1,0.0575,0.05456957,72.56,BTC-30JUN23-50000-C,21008.08,buy,0.1,,
21,223299609,2022-07-18 06:36:32,1,0.0575,0.05768862,69.58,BTC-30JUN23-50000-C,22246.89,buy,4.6,,
22,223343183,2022-07-18 12:47:09,0,0.0595,0.05966498,70.58,BTC-30JUN23-50000-C,22146.39,buy,3.4,,
23,223343639,2022-07-18 12:51:49,2,0.0585,0.05931856,70.28,BTC-30JUN23-50000-C,22103.65,buy,0.6,,
24,223528818,2022-07-19 11:19:22,0,0.0595,0.05940721,70.85,BTC-30JUN23-50000-C,22076.98,sell,0.1,,
25,223528826,2022-07-19 11:19:39,1,0.0595,0.05952208,70.8,BTC-30JUN23-50000-C,22085.25,sell,0.1,,
26,223585616,2022-07-19 15:37:50,0,0.065,0.06569647,70.66,BTC-30JUN23-50000-C,22921.7,sell,0.1,,
27,223678593,2022-07-19 22:51:18,0,0.0745,0.06941264,72.79,BTC-30JUN23-50000-C,23461.11,buy,0.1,,
28,223814979,2022-07-20 16:09:59,0,0.0808,0.07967951,73.13,BTC-30JUN23-50000-C,24144.0,buy,50.0,,45348
29,223815029,2022-07-20 16:10:51,2,0.08,0.07952674,72.9,BTC-30JUN23-50000-C,24128.03,sell,5.9,,
30,223815304,2022-07-20 16:13:37,0,0.0815,0.07918444,73.47,BTC-30JUN23-50000-C,24094.28,buy,100.0,,45350
31,223834273,2022-07-20 17:35:10,2,0.078,0.07628032,73.36,BTC-30JUN23-50000-C,23670.75,sell,7.6,,
32,223995257,2022-07-21 14:30:22,2,0.069,0.0670137,73.47,BTC-30JUN23-50000-C,22467.29,sell,8.7,,
33,224264661,2022-07-23 14:44:13,0,0.07,0.06938225,74.49,BTC-30JUN23-50000-C,22259.98,sell,0.5,,
34,224264677,2022-07-23 14:44:57,1,0.07,0.06938169,74.5,BTC-30JUN23-50000-C,22265.64,sell,0.1,,
35,224892723,2022-07-28 12:49:04,2,0.0695,0.06496646,72.58,BTC-30JUN23-50000-C,23183.8,buy,5.0,,
36,225088488,2022-07-29 08:57:48,2,0.0685,0.06714078,70.17,BTC-30JUN23-50000-C,23930.19,buy,7.2,,
37,225097591,2022-07-29 10:31:46,2,0.064,0.06694529,68.47,BTC-30JUN23-50000-C,24013.72,sell,0.1,,
38,225283635,2022-07-30 12:24:48,0,0.075,0.07081521,72.24,BTC-30JUN23-50000-C,24061.78,sell,1.0,,
39,225530642,2022-08-01 18:43:41,2,0.064,0.06422515,71.61,BTC-30JUN23-50000-C,22898.5,sell,0.9,,
40,225628844,2022-08-02 16:27:19,0,0.0665,0.06439504,71.75,BTC-30JUN23-50000-C,23280.97,buy,2.8,,
41,225629803,2022-08-02 16:29:39,1,0.0665,0.06464142,71.64,BTC-30JUN23-50000-C,23324.77,buy,2.2,,
42,225925067,2022-08-06 00:46:33,2,0.065,0.06845686,71.47,BTC-30JUN23-50000-C,23317.17,sell,0.1,,
43,226008439,2022-08-08 05:12:24,0,0.0705,0.06913001,73.61,BTC-30JUN23-50000-C,23359.07,buy,5.0,,
44,226037379,2022-08-08 10:39:59,0,0.074,0.0756073,72.94,BTC-30JUN23-50000-C,24089.52,buy,2.0,,
45,226037396,2022-08-08 10:40:47,2,0.0735,0.07549533,72.77,BTC-30JUN23-50000-C,24090.04,buy,2.0,,
46,226037397,2022-08-08 10:40:51,3,0.0735,0.07548135,72.77,BTC-30JUN23-50000-C,24090.05,buy,2.0,,
47,226074928,2022-08-08 20:02:03,0,0.075,0.07475245,73.79,BTC-30JUN23-50000-C,23940.11,sell,0.1,,
48,226098046,2022-08-09 08:07:17,1,0.075,0.0732411,74.02,BTC-30JUN23-50000-C,23868.75,sell,5.0,,
49,226119524,2022-08-09 12:30:27,2,0.074,0.07033435,75.27,BTC-30JUN23-50000-C,23251.55,buy,0.1,,
50,226273264,2022-08-11 02:42:49,0,0.075,0.0738142,73.3,BTC-30JUN23-50000-C,24307.16,sell,3.0,,
51,226314335,2022-08-11 13:05:32,1,0.075,0.0742091,71.94,BTC-30JUN23-50000-C,24854.11,sell,1.0,,
52,226317367,2022-08-11 13:27:25,1,0.075,0.07368091,72.44,BTC-30JUN23-50000-C,24644.51,sell,5.0,,
53,226335714,2022-08-11 16:15:41,2,0.072,0.07179111,72.3,BTC-30JUN23-50000-C,24285.89,sell,1.0,,
54,226409278,2022-08-12 14:10:40,2,0.0679,0.06649049,72.07,BTC-30JUN23-50000-C,23841.14,buy,25.0,,47010
55,226529725,2022-08-14 13:07:26,0,0.0795,0.07039857,74.5,BTC-30JUN23-50000-C,24510.13,buy,0.1,,
56,226529846,2022-08-14 13:11:49,2,0.075,0.07094586,73.0,BTC-30JUN23-50000-C,24509.69,sell,0.1,,
57,226569994,2022-08-15 03:20:11,2,0.074,0.07126079,71.42,BTC-30JUN23-50000-C,25115.39,sell,1.0,,
58,226570040,2022-08-15 03:20:58,3,0.074,0.07121257,71.44,BTC-30JUN23-50000-C,25108.91,sell,1.0,,
59,226570050,2022-08-15 03:21:14,0,0.0745,0.07118439,71.63,BTC-30JUN23-50000-C,25100.42,sell,1.0,,
60,226570072,2022-08-15 03:21:20,1,0.0745,0.07117831,71.63,BTC-30JUN23-50000-C,25094.54,sell,2.0,,
61,226639435,2022-08-15 21:20:03,2,0.068,0.0650668,72.06,BTC-30JUN23-50000-C,24079.28,sell,15.0,,
62,226639468,2022-08-15 21:20:19,0,0.0685,0.06509571,72.22,BTC-30JUN23-50000-C,24080.5,buy,15.0,,
63,226639471,2022-08-15 21:20:31,1,0.0685,0.06510992,72.22,BTC-30JUN23-50000-C,24080.44,buy,15.0,,
64,226715388,2022-08-16 22:14:49,0,0.069,0.06324165,72.74,BTC-30JUN23-50000-C,23910.22,buy,0.5,,
65,226715389,2022-08-16 22:14:49,0,0.08,0.06324165,76.49,BTC-30JUN23-50000-C,23910.22,buy,0.1,,
66,226786214,2022-08-17 14:03:33,0,0.0688,0.06474597,74.02,BTC-30JUN23-50000-C,23417.03,buy,500.0,,47316
67,226786431,2022-08-17 14:05:40,2,0.067,0.06489332,73.35,BTC-30JUN23-50000-C,23428.93,sell,7.9,,
68,226786432,2022-08-17 14:05:40,3,0.067,0.06489332,73.35,BTC-30JUN23-50000-C,23428.93,sell,4.2,,
69,226786433,2022-08-17 14:05:40,3,0.067,0.06489332,73.35,BTC-30JUN23-50000-C,23428.93,sell,0.9,,
70,226786479,2022-08-17 14:05:59,0,0.0675,0.06491839,73.53,BTC-30JUN23-50000-C,23430.62,sell,7.0,,
71,226786571,2022-08-17 14:06:23,0,0.068,0.06525033,73.6,BTC-30JUN23-50000-C,23467.73,sell,7.0,,
72,226786600,2022-08-17 14:06:33,1,0.068,0.06517604,73.64,BTC-30JUN23-50000-C,23454.49,sell,12.8,,
73,226786621,2022-08-17 14:06:34,1,0.068,0.06516965,73.64,BTC-30JUN23-50000-C,23454.49,sell,0.1,,
74,226786654,2022-08-17 14:06:53,0,0.0685,0.06522787,73.82,BTC-30JUN23-50000-C,23455.53,buy,15.0,,
75,226786859,2022-08-17 14:09:34,2,0.068,0.06556766,73.75,BTC-30JUN23-50000-C,23420.77,sell,0.1,,
76,226794361,2022-08-17 15:41:54,2,0.063,0.06625544,72.02,BTC-30JUN23-50000-C,23393.39,sell,1.0,,
77,226825588,2022-08-17 22:07:11,0,0.066,0.06580901,73.46,BTC-30JUN23-50000-C,23270.63,buy,2.7,,
78,226887781,2022-08-18 18:55:12,0,0.067,0.06596948,73.98,BTC-30JUN23-50000-C,23302.29,sell,0.2,,
79,226927706,2022-08-19 06:37:40,2,0.063,0.06253033,74.54,BTC-30JUN23-50000-C,22513.13,sell,0.1,,
80,227001085,2022-08-19 10:43:29,2,0.056,0.05597934,74.06,BTC-30JUN23-50000-C,21682.55,sell,0.5,,
81,227096126,2022-08-20 01:42:56,2,0.0555,0.05708173,75.58,BTC-30JUN23-50000-C,20999.52,buy,0.2,,
82,227215279,2022-08-22 03:46:17,0,0.06,0.05696459,76.53,BTC-30JUN23-50000-C,21450.81,sell,0.5,,
83,227215784,2022-08-22 04:06:22,1,0.06,0.05711035,76.63,BTC-30JUN23-50000-C,21390.68,sell,1.0,,
84,227216231,2022-08-22 04:25:36,0,0.0605,0.05741658,76.82,BTC-30JUN23-50000-C,21421.29,sell,1.0,,
85,227216392,2022-08-22 04:33:57,1,0.0605,0.05779711,76.82,BTC-30JUN23-50000-C,21414.75,sell,1.0,,
86,227261300,2022-08-22 17:37:25,0,0.061,0.05790411,77.45,BTC-30JUN23-50000-C,21259.01,buy,250.0,,47660
87,227261530,2022-08-22 17:42:23,1,0.061,0.05779023,77.52,BTC-30JUN23-50000-C,21248.88,buy,250.0,,47662
88,227375092,2022-08-24 09:12:20,2,0.057,0.05745861,75.94,BTC-30JUN23-50000-C,21359.4,sell,0.2,,
89,227375093,2022-08-24 09:12:20,3,0.057,0.05745861,75.94,BTC-30JUN23-50000-C,21359.4,buy,8.2,,
90,227380194,2022-08-24 11:26:25,3,0.057,0.05610507,75.89,BTC-30JUN23-50000-C,21379.14,buy,1.6,,
91,227519439,2022-08-26 11:50:03,2,0.053,0.05396263,75.17,BTC-30JUN23-50000-C,21177.01,sell,1.0,,
92,227569357,2022-08-26 15:00:41,2,0.0515,0.05071544,75.09,BTC-30JUN23-50000-C,20986.25,sell,0.5,,
93,227569358,2022-08-26 15:00:41,3,0.0515,0.05071544,75.09,BTC-30JUN23-50000-C,20986.25,sell,1.0,,
94,227579589,2022-08-26 15:15:36,2,0.0505,0.04967285,75.4,BTC-30JUN23-50000-C,20738.29,sell,0.1,,
95,227579612,2022-08-26 15:15:36,3,0.0505,0.04967285,75.4,BTC-30JUN23-50000-C,20738.29,sell,0.1,,
96,227579660,2022-08-26 15:15:36,3,0.0505,0.04967285,75.45,BTC-30JUN23-50000-C,20717.58,sell,0.2,,
97,227579663,2022-08-26 15:15:36,3,0.0505,0.04967285,75.45,BTC-30JUN23-50000-C,20717.58,sell,0.1,,
98,227609586,2022-08-26 18:40:28,2,0.0495,0.0494494,75.19,BTC-30JUN23-50000-C,20650.86,sell,0.1,,
99,227638557,2022-08-26 23:36:34,2,0.047,0.04692148,75.4,BTC-30JUN23-50000-C,20210.56,sell,0.5,,
100,227671732,2022-08-27 09:46:28,2,0.046,0.04488149,75.03,BTC-30JUN23-50000-C,20169.53,sell,2.0,,
101,227827145,2022-08-30 01:17:35,0,0.049,0.04474041,76.44,BTC-30JUN23-50000-C,20264.99,buy,0.6,,
102,227847278,2022-08-30 09:08:12,0,0.0495,0.04522355,76.37,BTC-30JUN23-50000-C,20395.39,buy,1.0,,
103,227849825,2022-08-30 10:25:35,2,0.0475,0.04644391,75.35,BTC-30JUN23-50000-C,20470.0,sell,1.0,,
104,227983543,2022-08-31 19:53:16,2,0.045,0.04307448,74.98,BTC-30JUN23-50000-C,20273.98,buy,4.0,,
105,227985715,2022-08-31 20:46:50,2,0.0443,0.04394365,74.96,BTC-30JUN23-50000-C,20172.38,buy,50.0,BTC-CS-30JUN23-22000_50000,48312
106,228229212,2022-09-04 16:22:55,2,0.041,0.04144319,75.08,BTC-30JUN23-50000-C,19730.08,buy,0.1,,
107,228257788,2022-09-05 09:12:51,2,0.04,0.0405256,74.6,BTC-30JUN23-50000-C,19768.89,sell,0.1,,
108,228282309,2022-09-05 20:55:01,0,0.043,0.04102102,76.09,BTC-30JUN23-50000-C,19755.61,buy,0.1,,
109,228431469,2022-09-06 20:06:15,2,0.036,0.03655318,75.27,BTC-30JUN23-50000-C,18835.24,buy,0.5,,
110,228438265,2022-09-06 20:56:32,0,0.0385,0.03765454,76.17,BTC-30JUN23-50000-C,18957.49,sell,3.0,,
111,228469630,2022-09-07 08:05:43,1,0.0385,0.03767654,76.73,BTC-30JUN23-50000-C,18835.05,sell,1.0,,
112,228470004,2022-09-07 08:13:09,1,0.0385,0.03767358,76.74,BTC-30JUN23-50000-C,18814.76,sell,1.0,,
113,228524023,2022-09-08 05:56:19,0,0.0405,0.03951366,76.41,BTC-30JUN23-50000-C,19296.09,sell,0.1,,
114,228719640,2022-09-09 19:54:19,0,0.0485,0.04679636,74.93,BTC-30JUN23-50000-C,21280.97,buy,500.0,,48925
115,228723143,2022-09-09 21:50:29,1,0.0485,0.04891122,74.99,BTC-30JUN23-50000-C,21289.38,sell,8.2,,
116,228728856,2022-09-09 23:19:48,0,0.05,0.0495217,75.32,BTC-30JUN23-50000-C,21387.52,buy,15.0,,
117,228759865,2022-09-10 09:26:02,1,0.05,0.05375179,75.46,BTC-30JUN23-50000-C,21362.67,sell,10.9,,
118,228759866,2022-09-10 09:26:02,1,0.05,0.05375179,75.46,BTC-30JUN23-50000-C,21362.67,sell,0.1,,
119,228771396,2022-09-10 18:31:58,0,0.052,0.05181825,76.29,BTC-30JUN23-50000-C,21378.71,buy,10.0,,
120,228816101,2022-09-11 15:17:30,2,0.0495,0.05251142,74.83,BTC-30JUN23-50000-C,21584.88,sell,0.1,,
121,228897978,2022-09-12 14:20:58,0,0.0525,0.05261504,73.87,BTC-30JUN23-50000-C,22459.83,sell,1.0,,
122,229073993,2022-09-13 17:36:11,2,0.0485,0.04940076,76.5,BTC-30JUN23-50000-C,20850.6,sell,2.9,,
123,229355791,2022-09-17 02:34:33,2,0.0365,0.03643672,73.85,BTC-30JUN23-50000-C,19902.9,buy,5.2,,
124,229363011,2022-09-17 08:39:22,3,0.0365,0.04304236,73.94,BTC-30JUN23-50000-C,19877.16,buy,0.1,,
125,229363080,2022-09-17 08:42:58,3,0.0365,0.04336801,73.9,BTC-30JUN23-50000-C,19885.35,buy,0.1,,
126,229370559,2022-09-17 14:33:35,2,0.0355,0.03460572,73.37,BTC-30JUN23-50000-C,19930.74,buy,0.1,,
127,229376187,2022-09-17 16:51:32,0,0.0365,0.03525766,73.34,BTC-30JUN23-50000-C,20123.69,buy,4.5,,
128,229379096,2022-09-17 18:41:11,1,0.0365,0.03605312,73.43,BTC-30JUN23-50000-C,20085.17,buy,0.1,,
129,229464852,2022-09-19 05:33:46,2,0.035,0.03386167,76.49,BTC-30JUN23-50000-C,18770.57,sell,1.0,,
130,229533688,2022-09-19 15:38:39,2,0.0325,0.03255444,74.35,BTC-30JUN23-50000-C,19088.45,sell,1.0,,
131,229813485,2022-09-21 19:23:52,2,0.0324,0.03229555,73.71,BTC-30JUN23-50000-C,19430.89,sell,13.0,BTC-CS-30JUN23-28000_50000,49964
132,229813839,2022-09-21 19:25:30,2,0.0307,0.03201839,72.89,BTC-30JUN23-50000-C,19383.95,buy,25.0,BTC-CS-30JUN23-28000_50000,49965
133,229814230,2022-09-21 19:26:38,2,0.03,0.03172208,72.66,BTC-30JUN23-50000-C,19310.94,buy,13.0,BTC-CS-30JUN23-28000_50000,49966
134,229816368,2022-09-21 19:35:10,0,0.031,0.03101404,73.6,BTC-30JUN23-50000-C,19184.52,sell,13.0,BTC-CS-30JUN23-28000_50000,49969
135,229816371,2022-09-21 19:35:10,2,0.0309,0.03101404,73.54,BTC-30JUN23-50000-C,19184.52,sell,25.0,BTC-CS-30JUN23-28000_50000,49970
136,229817335,2022-09-21 19:37:48,2,0.0291,0.03074533,72.63,BTC-30JUN23-50000-C,19147.22,sell,25.0,BTC-CS-30JUN23-28000_50000,49971
137,229821730,2022-09-21 20:00:18,0,0.032,0.03036172,74.62,BTC-30JUN23-50000-C,18990.13,buy,1.4,,
138,229963672,2022-09-23 01:24:20,2,0.031,0.03109243,73.29,BTC-30JUN23-50000-C,19360.48,buy,1.0,,
139,229987805,2022-09-23 08:44:07,2,0.0305,0.02997119,73.73,BTC-30JUN23-50000-C,19107.08,sell,0.2,,
140,229992404,2022-09-23 09:17:55,2,0.029,0.02947281,72.95,BTC-30JUN23-50000-C,19103.67,sell,0.1,,
141,230149128,2022-09-25 14:53:45,3,0.029,0.02806118,73.74,BTC-30JUN23-50000-C,18923.63,sell,0.1,,
142,230268427,2022-09-26 21:41:17,0,0.037,0.03250863,77.64,BTC-30JUN23-50000-C,19125.64,sell,0.4,,
143,230270575,2022-09-26 22:35:53,2,0.034,0.02997327,75.9,BTC-30JUN23-50000-C,19197.26,sell,8.5,,
144,230270576,2022-09-26 22:35:53,3,0.034,0.02997327,75.9,BTC-30JUN23-50000-C,19197.26,sell,1.5,,
145,230270871,2022-09-26 22:42:54,2,0.0325,0.03084205,75.18,BTC-30JUN23-50000-C,19159.14,buy,16.0,,
146,230270872,2022-09-26 22:42:54,0,0.033,0.03084205,75.46,BTC-30JUN23-50000-C,19159.14,buy,16.0,,
147,230270873,2022-09-26 22:42:54,0,0.035,0.03084205,76.53,BTC-30JUN23-50000-C,19159.14,buy,17.0,,
148,230270874,2022-09-26 22:42:54,0,0.04,0.03084205,79.09,BTC-30JUN23-50000-C,19159.14,sell,3.0,,
149,230270875,2022-09-26 22:42:54,1,0.04,0.03084205,79.09,BTC-30JUN23-50000-C,19159.14,sell,4.0,,
150,230270876,2022-09-26 22:42:54,1,0.04,0.03084205,79.09,BTC-30JUN23-50000-C,19159.14,sell,3.0,,
151,230270877,2022-09-26 22:42:54,1,0.04,0.03084205,79.09,BTC-30JUN23-50000-C,19159.14,sell,16.0,,
152,230270878,2022-09-26 22:42:54,1,0.04,0.03084205,79.09,BTC-30JUN23-50000-C,19159.14,sell,36.0,,
153,230270879,2022-09-26 22:42:54,1,0.04,0.03084205,79.09,BTC-30JUN23-50000-C,19159.14,sell,16.0,,
154,230270880,2022-09-26 22:42:54,1,0.04,0.03084205,79.09,BTC-30JUN23-50000-C,19159.14,sell,18.0,,
155,230270881,2022-09-26 22:42:54,1,0.04,0.03084205,79.09,BTC-30JUN23-50000-C,19159.14,sell,16.0,,
156,230270882,2022-09-26 22:42:54,1,0.04,0.03084205,79.09,BTC-30JUN23-50000-C,19159.14,sell,15.0,,
157,230270883,2022-09-26 22:42:54,1,0.04,0.03084205,79.09,BTC-30JUN23-50000-C,19159.14,sell,16.0,,
158,230270884,2022-09-26 22:42:54,1,0.04,0.03084205,79.09,BTC-30JUN23-50000-C,19159.14,sell,15.0,,
159,230270889,2022-09-26 22:42:54,1,0.04,0.03084205,79.09,BTC-30JUN23-50000-C,19159.14,sell,15.0,,
160,230270890,2022-09-26 22:42:55,1,0.04,0.03084205,79.09,BTC-30JUN23-50000-C,19159.14,sell,15.0,,
161,230270897,2022-09-26 22:42:55,1,0.04,0.03085586,79.09,BTC-30JUN23-50000-C,19159.89,sell,36.0,,
162,230270898,2022-09-26 22:42:55,1,0.04,0.03085586,79.09,BTC-30JUN23-50000-C,19159.89,sell,5.5,,
163,230270909,2022-09-26 22:42:55,1,0.04,0.03085586,79.09,BTC-30JUN23-50000-C,19159.89,sell,18.0,,
164,230270920,2022-09-26 22:42:56,1,0.04,0.03086547,79.09,BTC-30JUN23-50000-C,19159.42,sell,18.0,,
165,230270921,2022-09-26 22:42:56,1,0.04,0.03086547,79.09,BTC-30JUN23-50000-C,19159.42,sell,36.0,,
166,230270922,2022-09-26 22:42:57,1,0.04,0.03087745,79.09,BTC-30JUN23-50000-C,19159.43,sell,18.0,,
167,230270923,2022-09-26 22:42:57,1,0.04,0.03087745,79.09,BTC-30JUN23-50000-C,19159.43,sell,18.0,,
168,230270924,2022-09-26 22:42:58,1,0.04,0.03088875,79.09,BTC-30JUN23-50000-C,19159.32,sell,18.0,,
169,230270925,2022-09-26 22:42:58,1,0.04,0.03088875,79.09,BTC-30JUN23-50000-C,19159.32,sell,18.0,,
170,230270926,2022-09-26 22:42:58,1,0.04,0.03088875,79.09,BTC-30JUN23-50000-C,19159.32,sell,18.0,,
171,230270927,2022-09-26 22:42:59,1,0.04,0.03090097,79.09,BTC-30JUN23-50000-C,19159.4,sell,18.0,,
172,230270928,2022-09-26 22:42:59,1,0.04,0.03090097,79.09,BTC-30JUN23-50000-C,19159.4,sell,12.7,,
173,230270929,2022-09-26 22:42:59,1,0.04,0.03090097,79.09,BTC-30JUN23-50000-C,19159.4,sell,18.0,,
174,230270931,2022-09-26 22:43:00,1,0.04,0.03091315,79.09,BTC-30JUN23-50000-C,19159.5,sell,10.8,,
175,230459189,2022-09-28 04:43:37,2,0.0345,0.03307603,77.43,BTC-30JUN23-50000-C,18782.27,sell,0.5,,
176,230460574,2022-09-28 05:08:24,3,0.0345,0.03297497,77.58,BTC-30JUN23-50000-C,18749.47,sell,1.0,,
177,230475561,2022-09-28 08:06:30,2,0.032,0.03211784,76.12,BTC-30JUN23-50000-C,18756.2,buy,0.9,,
178,230566976,2022-09-28 19:49:09,0,0.035,0.03526401,75.48,BTC-30JUN23-50000-C,19637.7,buy,0.2,,
179,230673979,2022-09-29 18:23:27,2,0.033,0.03326578,75.59,BTC-30JUN23-50000-C,19261.62,buy,1.0,,
180,230888480,2022-10-01 23:23:25,2,0.0295,0.02876723,73.6,BTC-30JUN23-50000-C,19300.81,buy,1.0,,
181,230978235,2022-10-03 08:10:29,3,0.0295,0.03037049,74.18,BTC-30JUN23-50000-C,19182.04,buy,1.0,,
182,230978237,2022-10-03 08:10:34,3,0.0295,0.03036644,74.18,BTC-30JUN23-50000-C,19181.64,buy,10.0,,
183,230978255,2022-10-03 08:10:44,2,0.029,0.0303545,73.9,BTC-30JUN23-50000-C,19179.37,buy,10.0,,
184,231006242,2022-10-03 14:33:56,3,0.029,0.02963888,73.32,BTC-30JUN23-50000-C,19403.07,sell,3.6,,
185,231562682,2022-10-10 00:54:30,2,0.0265,0.0260966,72.35,BTC-30JUN23-50000-C,19491.46,sell,0.1,,
186,231694625,2022-10-11 12:04:50,2,0.024,0.02467056,71.97,BTC-30JUN23-50000-C,19151.17,buy,1.5,,
187,231785582,2022-10-12 18:45:42,2,0.0235,0.02422866,71.86,BTC-30JUN23-50000-C,19149.93,buy,5.7,,
188,231785583,2022-10-12 18:45:42,3,0.0235,0.02422866,71.86,BTC-30JUN23-50000-C,19149.93,buy,4.3,,
189,231785584,2022-10-12 18:45:44,3,0.0235,0.02422222,71.86,BTC-30JUN23-50000-C,19149.69,buy,10.0,,
190,231818447,2022-10-13 08:35:50,2,0.0225,0.02403557,71.66,BTC-30JUN23-50000-C,19025.5,sell,2.0,,
191,231818448,2022-10-13 08:35:50,3,0.0225,0.02403557,71.66,BTC-30JUN23-50000-C,19025.5,sell,8.0,,
192,231882814,2022-10-13 13:33:37,2,0.02,0.02137327,71.97,BTC-30JUN23-50000-C,18300.27,sell,0.1,,
193,231998819,2022-10-14 07:14:28,0,0.0215,0.02167296,69.09,BTC-30JUN23-50000-C,19779.9,sell,0.1,,
194,232069040,2022-10-14 18:56:09,2,0.02,0.01956267,69.59,BTC-30JUN23-50000-C,19197.99,buy,0.1,,
195,232109711,2022-10-16 02:35:38,0,0.021,0.02060524,70.65,BTC-30JUN23-50000-C,19140.38,sell,0.1,,
196,232109712,2022-10-16 02:35:38,1,0.021,0.02060524,70.65,BTC-30JUN23-50000-C,19140.38,buy,0.4,,
197,232124516,2022-10-16 19:00:28,0,0.0215,0.01993164,71.14,BTC-30JUN23-50000-C,19135.02,sell,0.1,,
198,232147203,2022-10-17 02:53:06,2,0.0205,0.02045359,70.3,BTC-30JUN23-50000-C,19197.82,buy,0.2,,
199,232202709,2022-10-17 23:10:07,0,0.021,0.0207583,69.75,BTC-30JUN23-50000-C,19558.95,sell,6.0,,
200,232202772,2022-10-17 23:13:43,1,0.021,0.02081436,69.76,BTC-30JUN23-50000-C,19544.05,sell,8.0,,
201,232289311,2022-10-19 02:31:40,2,0.0195,0.01919634,69.58,BTC-30JUN23-50000-C,19278.22,buy,1.0,,
202,232301195,2022-10-19 07:53:50,2,0.018,0.01924976,68.68,BTC-30JUN23-50000-C,19223.44,sell,25.0,,
203,232301196,2022-10-19 07:53:50,3,0.018,0.01924976,68.68,BTC-30JUN23-50000-C,19223.44,sell,8.0,,
204,232325402,2022-10-19 15:22:49,0,0.0195,0.01826309,69.88,BTC-30JUN23-50000-C,19207.75,buy,1.6,,
205,232340756,2022-10-19 21:41:39,2,0.018,0.01899318,68.87,BTC-30JUN23-50000-C,19174.43,buy,1.0,,
206,232340758,2022-10-19 21:41:46,2,0.0175,0.01899353,68.48,BTC-30JUN23-50000-C,19174.68,sell,1.6,,
207,232340759,2022-10-19 21:41:46,3,0.0175,0.01899353,68.48,BTC-30JUN23-50000-C,19174.68,sell,8.4,,
208,232441415,2022-10-21 07:50:04,3,0.0175,0.01821092,69.06,BTC-30JUN23-50000-C,19038.75,buy,1.0,,
209,232441416,2022-10-21 07:50:06,3,0.0175,0.01821116,69.06,BTC-30JUN23-50000-C,19038.83,buy,1.0,,
210,232441420,2022-10-21 07:50:10,3,0.0175,0.01821097,69.06,BTC-30JUN23-50000-C,19039.06,buy,1.0,,
211,232441422,2022-10-21 07:50:13,0,0.018,0.01821079,69.45,BTC-30JUN23-50000-C,19038.87,buy,1.0,,
212,232441424,2022-10-21 07:50:15,1,0.018,0.01821022,69.46,BTC-30JUN23-50000-C,19037.46,buy,1.0,,
213,232441425,2022-10-21 07:50:17,1,0.018,0.01820685,69.46,BTC-30JUN23-50000-C,19037.68,buy,1.0,,
214,232441430,2022-10-21 07:50:29,1,0.018,0.01820419,69.46,BTC-30JUN23-50000-C,19036.2,buy,1.0,,
215,232441434,2022-10-21 07:50:39,2,0.0175,0.01820347,69.06,BTC-30JUN23-50000-C,19035.94,buy,1.0,,
216,232441439,2022-10-21 07:50:41,3,0.0175,0.01820342,69.06,BTC-30JUN23-50000-C,19035.87,buy,1.0,,
217,232441441,2022-10-21 07:50:45,3,0.0175,0.01820406,69.06,BTC-30JUN23-50000-C,19035.82,buy,1.0,,
218,232441443,2022-10-21 07:50:48,3,0.0175,0.01820404,69.06,BTC-30JUN23-50000-C,19035.69,buy,1.0,,
219,232441449,2022-10-21 07:50:58,3,0.0175,0.0182034,69.06,BTC-30JUN23-50000-C,19035.16,buy,1.0,,
220,232441450,2022-10-21 07:50:59,3,0.0175,0.0182034,69.06,BTC-30JUN23-50000-C,19035.12,buy,1.0,,
221,232441452,2022-10-21 07:51:01,3,0.0175,0.01820461,69.06,BTC-30JUN23-50000-C,19035.06,buy,1.0,,
222,232441456,2022-10-21 07:51:02,3,0.0175,0.01820265,69.06,BTC-30JUN23-50000-C,19034.82,buy,1.0,,
223,232441460,2022-10-21 07:51:04,3,0.0175,0.01820289,69.06,BTC-30JUN23-50000-C,19036.52,buy,1.0,,
224,232441461,2022-10-21 07:51:05,3,0.0175,0.01820895,69.06,BTC-30JUN23-50000-C,19036.36,buy,1.0,,
225,232493037,2022-10-21 16:16:59,2,0.017,0.01788478,68.31,BTC-30JUN23-50000-C,19158.06,sell,0.7,,
226,232581911,2022-10-24 05:03:59,0,0.0185,0.01793812,69.41,BTC-30JUN23-50000-C,19328.38,sell,1.1,,
227,232886305,2022-10-26 16:15:07,0,0.025,0.02584201,69.92,BTC-30JUN23-50000-C,20919.48,buy,0.3,,
228,232932807,2022-10-27 05:59:28,1,0.025,0.02466962,70.29,BTC-30JUN23-50000-C,20808.18,sell,0.4,,
229,232932844,2022-10-27 06:00:18,1,0.025,0.02469019,70.29,BTC-30JUN23-50000-C,20808.44,sell,0.4,,
230,232932983,2022-10-27 06:04:14,1,0.025,0.02484135,70.25,BTC-30JUN23-50000-C,20826.19,sell,0.5,,
231,232932992,2022-10-27 06:05:40,1,0.025,0.02479493,70.28,BTC-30JUN23-50000-C,20814.62,sell,0.3,,
232,232932995,2022-10-27 06:05:55,1,0.025,0.02481002,70.27,BTC-30JUN23-50000-C,20820.08,sell,0.1,,
233,232933238,2022-10-27 06:15:31,1,0.025,0.0244467,70.35,BTC-30JUN23-50000-C,20802.07,buy,0.1,,
234,233054072,2022-10-28 08:14:50,2,0.022,0.02243383,70.3,BTC-30JUN23-50000-C,20129.44,sell,10.0,,
235,233057792,2022-10-28 08:41:43,2,0.02,0.02166936,68.72,BTC-30JUN23-50000-C,20182.66,sell,0.3,,
236,233136922,2022-10-29 03:47:55,0,0.023,0.02201274,69.38,BTC-30JUN23-50000-C,20756.65,sell,0.3,,
237,233315561,2022-11-01 04:56:30,1,0.023,0.02196284,70.57,BTC-30JUN23-50000-C,20494.61,buy,0.3,,
238,233315612,2022-11-01 05:00:51,1,0.023,0.02201433,70.57,BTC-30JUN23-50000-C,20495.74,buy,0.1,,
239,233315628,2022-11-01 05:02:04,1,0.023,0.02205895,70.56,BTC-30JUN23-50000-C,20495.89,buy,0.1,,
240,233322440,2022-11-01 08:04:10,1,0.023,0.02249123,70.27,BTC-30JUN23-50000-C,20611.14,sell,0.1,,
241,233322678,2022-11-01 08:05:46,0,0.0235,0.02252193,70.55,BTC-30JUN23-50000-C,20631.52,buy,0.1,,
242,233323327,2022-11-01 08:14:30,1,0.0235,0.0222959,70.59,BTC-30JUN23-50000-C,20621.53,buy,0.1,,
243,233323341,2022-11-01 08:15:48,1,0.0235,0.02231179,70.61,BTC-30JUN23-50000-C,20621.07,buy,0.1,,
244,233342847,2022-11-01 15:40:40,2,0.0225,0.02190728,70.48,BTC-30JUN23-50000-C,20408.44,sell,5.0,,
245,233362398,2022-11-02 03:50:56,0,0.0235,0.0220476,70.91,BTC-30JUN23-50000-C,20530.54,sell,0.1,,
246,233362430,2022-11-02 03:52:40,1,0.0235,0.02210597,70.92,BTC-30JUN23-50000-C,20525.14,sell,0.1,,
247,233362523,2022-11-02 03:58:15,1,0.0235,0.02225831,70.95,BTC-30JUN23-50000-C,20520.06,sell,0.1,,
248,233437417,2022-11-02 20:07:38,2,0.0205,0.02080979,69.67,BTC-30JUN23-50000-C,20271.13,buy,2.0,,
249,233437427,2022-11-02 20:07:40,3,0.0205,0.02080949,69.67,BTC-30JUN23-50000-C,20271.36,buy,3.0,,
250,233461638,2022-11-03 04:42:17,3,0.0205,0.02063089,69.5,BTC-30JUN23-50000-C,20350.98,sell,0.2,,
251,233461665,2022-11-03 04:44:19,0,0.021,0.02061445,69.86,BTC-30JUN23-50000-C,20358.78,buy,0.3,,
252,233461913,2022-11-03 04:57:42,0,0.0215,0.02071389,70.22,BTC-30JUN23-50000-C,20361.0,buy,0.5,,
253,233462217,2022-11-03 05:14:20,1,0.0215,0.02079089,70.24,BTC-30JUN23-50000-C,20346.19,buy,1.3,,
254,233469140,2022-11-03 08:19:50,2,0.02,0.02039027,69.24,BTC-30JUN23-50000-C,20311.67,sell,15.0,,
255,233469141,2022-11-03 08:19:52,3,0.02,0.02038833,69.24,BTC-30JUN23-50000-C,20311.66,sell,4.7,,
256,233525648,2022-11-04 05:03:32,3,0.02,0.02015406,69.34,BTC-30JUN23-50000-C,20330.66,sell,0.2,,
257,233526640,2022-11-04 05:40:56,0,0.0205,0.02007158,69.56,BTC-30JUN23-50000-C,20386.71,sell,0.2,,
258,233594838,2022-11-04 14:17:15,0,0.022,0.02194638,69.07,BTC-30JUN23-50000-C,20972.98,sell,2.5,,
259,233605558,2022-11-04 14:38:48,0,0.023,0.02292858,69.21,BTC-30JUN23-50000-C,21177.29,sell,2.5,,
260,233942298,2022-11-08 04:40:38,2,0.0205,0.01932472,71.96,BTC-30JUN23-50000-C,19718.29,sell,0.1,,
261,234325941,2022-11-09 03:59:23,2,0.0185,0.01766608,74.6,BTC-30JUN23-50000-C,18300.84,sell,0.2,,
262,234469230,2022-11-09 13:01:30,2,0.018,0.01824055,76.35,BTC-30JUN23-50000-C,17649.46,buy,3.8,,
263,234475546,2022-11-09 13:15:47,3,0.018,0.0182226,77.0,BTC-30JUN23-50000-C,17410.89,sell,0.1,,
264,234477404,2022-11-09 13:23:39,0,0.0185,0.01842582,77.19,BTC-30JUN23-50000-C,17475.85,sell,0.5,,
265,234478967,2022-11-09 13:31:36,0,0.019,0.0182177,77.49,BTC-30JUN23-50000-C,17524.98,sell,0.4,,
266,234616916,2022-11-09 18:44:28,0,0.0215,0.01826681,82.87,BTC-30JUN23-50000-C,16528.26,buy,0.4,,
267,234616937,2022-11-09 18:44:29,1,0.0215,0.01827762,82.88,BTC-30JUN23-50000-C,16526.2,buy,0.2,,
268,234618930,2022-11-09 18:46:28,1,0.0215,0.01834554,82.94,BTC-30JUN23-50000-C,16484.71,buy,0.4,,
269,234618951,2022-11-09 18:46:29,1,0.0215,0.01833059,82.93,BTC-30JUN23-50000-C,16489.34,buy,0.1,,
270,234771635,2022-11-09 22:48:33,2,0.0165,0.0191503,80.67,BTC-30JUN23-50000-C,15942.13,sell,5.0,,
271,235186133,2022-11-10 16:30:18,2,0.0145,0.01697442,73.12,BTC-30JUN23-50000-C,17862.46,sell,0.1,,
272,235186136,2022-11-10 16:30:19,3,0.0145,0.01697553,73.13,BTC-30JUN23-50000-C,17862.09,sell,0.1,,
273,235186159,2022-11-10 16:30:20,3,0.0145,0.01697553,73.15,BTC-30JUN23-50000-C,17854.84,sell,0.1,,
274,235186171,2022-11-10 16:30:21,3,0.0145,0.01697026,73.13,BTC-30JUN23-50000-C,17858.97,sell,0.1,,
275,235313170,2022-11-11 03:07:46,3,0.0145,0.01528266,75.78,BTC-30JUN23-50000-C,17029.5,sell,4.6,,
276,235368696,2022-11-11 07:45:22,0,0.016,0.01509461,76.03,BTC-30JUN23-50000-C,17375.2,sell,0.3,,
277,235565406,2022-11-11 21:46:25,2,0.015,0.01480877,77.56,BTC-30JUN23-50000-C,16740.64,sell,0.1,,
278,235565407,2022-11-11 21:46:26,3,0.015,0.01481239,77.56,BTC-30JUN23-50000-C,16740.14,sell,0.1,,
279,235565418,2022-11-11 21:46:31,3,0.015,0.01482187,77.56,BTC-30JUN23-50000-C,16739.98,sell,0.1,,
280,235565419,2022-11-11 21:46:32,3,0.015,0.01482371,77.56,BTC-30JUN23-50000-C,16740.24,sell,0.1,,
281,235565420,2022-11-11 21:46:33,3,0.015,0.01482664,77.55,BTC-30JUN23-50000-C,16740.75,sell,0.1,,
282,235565421,2022-11-11 21:46:33,3,0.015,0.0148307,77.55,BTC-30JUN23-50000-C,16740.62,sell,0.1,,
283,235565422,2022-11-11 21:46:35,3,0.015,0.01483246,77.56,BTC-30JUN23-50000-C,16739.72,sell,0.1,,
284,235565674,2022-11-11 21:48:59,0,0.0175,0.01513453,79.74,BTC-30JUN23-50000-C,16770.47,buy,1.3,,
285,235759000,2022-11-14 03:11:12,0,0.0165,0.01474375,81.35,BTC-30JUN23-50000-C,16113.88,buy,1.0,,
286,235759389,2022-11-14 03:17:48,1,0.0165,0.01534891,81.29,BTC-30JUN23-50000-C,16136.57,sell,0.8,,
287,235762637,2022-11-14 04:13:22,2,0.015,0.01500767,80.08,BTC-30JUN23-50000-C,16069.01,buy,0.1,,
288,235766392,2022-11-14 04:28:44,0,0.0155,0.01483993,81.05,BTC-30JUN23-50000-C,15930.18,buy,0.2,,
289,235851869,2022-11-14 13:02:47,2,0.0125,0.01391187,75.21,BTC-30JUN23-50000-C,16789.49,sell,5.0,,
290,235892118,2022-11-14 14:46:48,2,0.0115,0.01290614,75.15,BTC-30JUN23-50000-C,16463.78,sell,3.0,,
291,236137710,2022-11-16 13:11:26,0,0.013,0.01278473,76.95,BTC-30JUN23-50000-C,16559.88,buy,1.0,,
292,236188981,2022-11-16 20:28:41,2,0.0115,0.01321448,75.36,BTC-30JUN23-50000-C,16532.9,sell,1.0,,
293,236247732,2022-11-17 16:40:57,0,0.013,0.01215984,76.84,BTC-30JUN23-50000-C,16606.62,buy,0.8,,
294,236355571,2022-11-19 15:59:51,2,0.0115,0.01220045,75.45,BTC-30JUN23-50000-C,16641.31,sell,1.0,,
295,236498612,2022-11-21 20:14:46,0,0.0145,0.01326869,81.71,BTC-30JUN23-50000-C,15783.66,buy,1.6,,
296,236516053,2022-11-21 23:42:56,0,0.0155,0.01470719,82.75,BTC-30JUN23-50000-C,15782.16,sell,10.0,,
297,236516054,2022-11-21 23:43:04,0,0.016,0.01473034,83.23,BTC-30JUN23-50000-C,15784.7,buy,10.0,,
298,236669619,2022-11-24 07:55:49,2,0.0126,0.01356921,77.3,BTC-30JUN23-50000-C,16631.99,sell,100.0,BTC-CS-30JUN23-25000_50000,57249
299,236736299,2022-11-25 14:38:09,0,0.014,0.01309905,79.5,BTC-30JUN23-50000-C,16453.21,buy,0.1,,
300,236736300,2022-11-25 14:38:09,1,0.014,0.01309905,79.5,BTC-30JUN23-50000-C,16453.21,buy,2.9,,
301,236802082,2022-11-27 18:17:39,2,0.013,0.01297881,78.48,BTC-30JUN23-50000-C,16531.35,buy,0.2,,
302,236836838,2022-11-28 11:04:32,0,0.0135,0.01275628,80.3,BTC-30JUN23-50000-C,16202.54,sell,9.4,,
303,236836843,2022-11-28 11:04:40,1,0.0135,0.01276,80.29,BTC-30JUN23-50000-C,16203.98,sell,10.1,,
304,236836853,2022-11-28 11:04:52,0,0.014,0.01277037,80.81,BTC-30JUN23-50000-C,16206.04,buy,18.0,,
305,236836854,2022-11-28 11:04:52,1,0.014,0.01277037,80.81,BTC-30JUN23-50000-C,16206.04,buy,11.1,,
306,236836855,2022-11-28 11:04:52,1,0.014,0.01277037,80.81,BTC-30JUN23-50000-C,16206.04,buy,1.6,,
307,236836856,2022-11-28 11:04:52,1,0.014,0.01277037,80.81,BTC-30JUN23-50000-C,16206.04,buy,15.0,,
308,236836861,2022-11-28 11:05:04,1,0.014,0.01277077,80.81,BTC-30JUN23-50000-C,16204.69,buy,12.0,,
309,236836862,2022-11-28 11:05:04,1,0.014,0.01277077,80.81,BTC-30JUN23-50000-C,16204.69,sell,3.0,,
310,236836863,2022-11-28 11:05:04,1,0.014,0.01277077,80.81,BTC-30JUN23-50000-C,16204.69,sell,5.0,,
311,236836869,2022-11-28 11:05:09,1,0.014,0.01277666,80.81,BTC-30JUN23-50000-C,16205.99,buy,1.7,,
312,236836870,2022-11-28 11:05:09,1,0.014,0.01277666,80.81,BTC-30JUN23-50000-C,16205.99,sell,2.5,,
313,236909857,2022-11-29 10:23:59,2,0.0118,0.01218866,77.72,BTC-30JUN23-50000-C,16486.27,sell,100.0,BTC-CS-30JUN23-25000_50000,57698
314,236966664,2022-11-30 06:46:54,2,0.0105,0.01286648,75.12,BTC-30JUN23-50000-C,16862.56,sell,100.0,BTC-CS-30JUN23-25000_50000,57761
315,237114903,2022-12-01 20:34:04,0,0.0125,0.01247425,77.4,BTC-30JUN23-50000-C,16946.36,sell,1.0,,
316,237170964,2022-12-02 15:37:18,2,0.012,0.0116715,77.04,BTC-30JUN23-50000-C,16944.06,sell,0.7,,
317,237171061,2022-12-02 15:41:56,0,0.0125,0.01178743,77.58,BTC-30JUN23-50000-C,16947.14,sell,0.3,,
318,237171104,2022-12-02 15:44:20,1,0.0125,0.01185382,77.58,BTC-30JUN23-50000-C,16946.96,sell,1.0,,
319,237171156,2022-12-02 15:47:20,1,0.0125,0.01191746,77.56,BTC-30JUN23-50000-C,16950.71,sell,1.0,,
320,237419596,2022-12-07 18:45:41,0,0.013,0.01310448,79.51,BTC-30JUN23-50000-C,16811.49,buy,0.1,,
321,237440045,2022-12-08 07:47:55,2,0.013,0.01312657,79.67,BTC-30JUN23-50000-C,16820.68,buy,0.2,,
322,237458090,2022-12-08 15:20:33,3,0.013,0.01305258,79.56,BTC-30JUN23-50000-C,16909.76,buy,0.2,,
323,237508097,2022-12-09 13:30:01,0,0.0145,0.01446117,80.23,BTC-30JUN23-50000-C,17240.88,buy,0.1,,
324,237516121,2022-12-09 16:23:22,2,0.014,0.01424354,80.01,BTC-30JUN23-50000-C,17177.67,buy,0.1,,
325,237521499,2022-12-09 21:06:09,0,0.015,0.01483344,81.3,BTC-30JUN23-50000-C,17100.63,buy,0.1,,
326,237528532,2022-12-10 07:48:43,0,0.0155,0.01452079,81.66,BTC-30JUN23-50000-C,17163.65,buy,1.8,,
327,237528539,2022-12-10 07:48:53,1,0.0155,0.01452466,81.66,BTC-30JUN23-50000-C,17163.71,sell,2.2,,
328,237528540,2022-12-10 07:48:53,1,0.0155,0.01452466,81.66,BTC-30JUN23-50000-C,17163.71,sell,1.5,,
329,237528541,2022-12-10 07:48:53,1,0.0155,0.01452466,81.66,BTC-30JUN23-50000-C,17163.71,sell,1.0,,
330,237528543,2022-12-10 07:48:57,1,0.0155,0.01453431,81.66,BTC-30JUN23-50000-C,17163.73,sell,1.6,,
331,237531406,2022-12-10 10:57:16,1,0.0155,0.01550242,81.66,BTC-30JUN23-50000-C,17162.61,buy,0.1,,
332,237536031,2022-12-10 18:03:40,1,0.0155,0.01615492,81.68,BTC-30JUN23-50000-C,17181.65,sell,1.9,,
333,237536032,2022-12-10 18:03:41,1,0.0155,0.01615492,81.68,BTC-30JUN23-50000-C,17181.65,buy,2.0,,
334,237548859,2022-12-11 14:04:43,2,0.015,0.0160018,81.42,BTC-30JUN23-50000-C,17147.72,buy,1.5,,
335,237548862,2022-12-11 14:04:54,0,0.0155,0.01600498,81.91,BTC-30JUN23-50000-C,17148.19,buy,1.4,,
336,237562707,2022-12-12 00:24:50,0,0.016,0.01566051,83.11,BTC-30JUN23-50000-C,16979.5,buy,8.0,,
337,237575535,2022-12-12 10:50:23,2,0.0155,0.01555958,82.65,BTC-30JUN23-50000-C,16995.63,sell,5.0,,
338,237575536,2022-12-12 10:50:26,3,0.0155,0.01556073,82.65,BTC-30JUN23-50000-C,16995.75,sell,5.0,,
339,237594814,2022-12-12 22:15:08,2,0.0155,0.01559699,82.17,BTC-30JUN23-50000-C,17168.09,sell,2.6,,
340,237594862,2022-12-12 22:15:52,3,0.0155,0.01564212,82.18,BTC-30JUN23-50000-C,17168.19,sell,2.4,,
341,237640371,2022-12-13 13:30:18,3,0.0155,0.01720246,79.79,BTC-30JUN23-50000-C,17905.03,buy,0.1,,
342,237648960,2022-12-13 13:35:30,3,0.0155,0.01678571,79.96,BTC-30JUN23-50000-C,17898.84,sell,1.2,,
343,237649999,2022-12-13 13:37:27,3,0.0155,0.01657743,80.16,BTC-30JUN23-50000-C,17834.73,sell,1.0,,
344,237715131,2022-12-14 15:51:12,2,0.0145,0.01502283,78.52,BTC-30JUN23-50000-C,18079.33,sell,2.0,,
345,237723988,2022-12-14 18:13:54,0,0.015,0.01506638,78.69,BTC-30JUN23-50000-C,18173.99,buy,0.1,,
346,237876085,2022-12-16 10:53:26,2,0.0135,0.01377219,81.38,BTC-30JUN23-50000-C,16983.07,buy,0.1,,
347,237960011,2022-12-17 08:46:28,2,0.0127,0.01327818,81.62,BTC-30JUN23-50000-C,16719.47,sell,50.0,BTC-CS-30JUN23-25000_50000,59248
348,238037486,2022-12-19 18:55:28,2,0.0114,0.0116854,81.12,BTC-30JUN23-50000-C,16572.98,sell,500.0,,59344
349,238039621,2022-12-19 19:33:37,2,0.0112,0.0119664,80.98,BTC-30JUN23-50000-C,16551.62,sell,500.0,,59345
350,238039652,2022-12-19 19:36:02,3,0.0112,0.01197268,80.97,BTC-30JUN23-50000-C,16555.46,sell,500.0,,59346
351,238203821,2022-12-22 23:41:33,2,0.01,0.01079872,79.28,BTC-30JUN23-50000-C,16816.84,sell,1.7,,
352,238203824,2022-12-22 23:41:34,3,0.01,0.01079449,79.28,BTC-30JUN23-50000-C,16816.84,buy,1.8,,
353,238256316,2022-12-25 06:44:26,2,0.0095,0.01291268,79.06,BTC-30JUN23-50000-C,16826.3,sell,0.7,,
354,238266260,2022-12-25 18:16:52,0,0.014,0.01314676,84.7,BTC-30JUN23-50000-C,16790.49,sell,0.5,,
355,238284511,2022-12-26 19:08:06,2,0.01,0.01040594,80.07,BTC-30JUN23-50000-C,16816.49,sell,0.6,,
356,238286201,2022-12-26 21:50:15,0,0.0105,0.01067793,80.7,BTC-30JUN23-50000-C,16833.62,buy,0.1,,
357,238286202,2022-12-26 21:50:15,1,0.0105,0.01067793,80.7,BTC-30JUN23-50000-C,16833.62,buy,0.4,,
358,238294875,2022-12-27 07:30:38,0,0.011,0.01013534,81.25,BTC-30JUN23-50000-C,16878.46,buy,21.0,,
359,238331329,2022-12-28 08:58:40,2,0.0105,0.01078503,81.63,BTC-30JUN23-50000-C,16640.5,sell,0.2,,
360,238331330,2022-12-28 08:58:40,3,0.0105,0.01078503,81.63,BTC-30JUN23-50000-C,16640.5,sell,3.8,,
361,238333148,2022-12-28 11:06:02,3,0.0105,0.01032732,81.59,BTC-30JUN23-50000-C,16667.61,sell,0.2,,
362,238358031,2022-12-28 21:48:57,2,0.01,0.00988386,81.54,BTC-30JUN23-50000-C,16505.5,sell,0.2,,
363,238419605,2022-12-30 10:03:52,2,0.0085,0.00903076,79.62,BTC-30JUN23-50000-C,16511.92,sell,0.1,,
364,238458453,2022-12-31 16:14:44,2,0.006,0.00682687,75.43,BTC-30JUN23-50000-C,16584.95,sell,1.0,,
365,238501168,2023-01-02 15:09:17,0,0.0075,0.00699381,77.83,BTC-30JUN23-50000-C,16690.56,sell,0.3,,
366,238521055,2023-01-03 12:20:55,2,0.0065,0.00598021,76.29,BTC-30JUN23-50000-C,16711.43,buy,10.0,,
367,238688647,2023-01-09 10:59:33,2,0.005,0.00457957,72.81,BTC-30JUN23-50000-C,17263.64,buy,2.0,,
368,238688648,2023-01-09 10:59:33,3,0.005,0.00457957,72.81,BTC-30JUN23-50000-C,17263.64,buy,2.0,,
369,238688649,2023-01-09 10:59:44,3,0.005,0.0045795,72.81,BTC-30JUN23-50000-C,17263.98,sell,1.6,,
370,238692989,2023-01-09 14:37:00,3,0.005,0.00480062,72.96,BTC-30JUN23-50000-C,17225.14,buy,0.1,,
371,238693012,2023-01-09 14:39:04,3,0.005,0.00473086,72.96,BTC-30JUN23-50000-C,17229.77,buy,0.1,,
372,238693026,2023-01-09 14:39:34,3,0.005,0.00471011,72.94,BTC-30JUN23-50000-C,17231.74,buy,1.2,,
373,238693039,2023-01-09 14:41:37,3,0.005,0.00465627,72.95,BTC-30JUN23-50000-C,17229.1,buy,0.3,,
374,238693115,2023-01-09 14:48:17,3,0.005,0.00465378,72.89,BTC-30JUN23-50000-C,17250.37,buy,0.2,,
375,238693116,2023-01-09 14:48:17,3,0.005,0.00465378,72.89,BTC-30JUN23-50000-C,17250.37,sell,0.2,,
376,238693124,2023-01-09 14:49:56,3,0.005,0.0046134,72.88,BTC-30JUN23-50000-C,17251.26,buy,0.3,,
377,238693132,2023-01-09 14:51:15,3,0.005,0.00458642,72.88,BTC-30JUN23-50000-C,17254.5,buy,0.3,,
378,238693134,2023-01-09 14:52:37,3,0.005,0.00457575,72.88,BTC-30JUN23-50000-C,17253.46,buy,1.2,,
379,238693146,2023-01-09 14:52:52,3,0.005,0.0045705,72.88,BTC-30JUN23-50000-C,17253.87,buy,0.1,,
380,238693152,2023-01-09 14:53:17,3,0.005,0.0045716,72.86,BTC-30JUN23-50000-C,17258.03,buy,0.1,,
381,238693153,2023-01-09 14:53:17,3,0.005,0.0045716,72.86,BTC-30JUN23-50000-C,17258.03,buy,0.1,,
382,238693429,2023-01-09 14:59:40,3,0.005,0.00449461,72.85,BTC-30JUN23-50000-C,17263.47,buy,0.8,,
383,238693588,2023-01-09 15:05:40,3,0.005,0.00446471,72.8,BTC-30JUN23-50000-C,17273.15,buy,0.1,,
384,238695221,2023-01-09 15:35:57,3,0.005,0.00442521,72.87,BTC-30JUN23-50000-C,17257.23,buy,1.0,,
385,238710532,2023-01-09 23:02:37,2,0.0045,0.00445891,71.99,BTC-30JUN23-50000-C,17199.57,sell,0.1,,
386,238715123,2023-01-10 05:26:25,2,0.004,0.0039762,70.82,BTC-30JUN23-50000-C,17216.57,sell,0.1,,
387,238718967,2023-01-10 09:02:14,3,0.004,0.00398799,70.71,BTC-30JUN23-50000-C,17251.89,sell,1.5,,
388,238743183,2023-01-10 22:12:15,0,0.0045,0.00398307,71.35,BTC-30JUN23-50000-C,17452.8,buy,2.0,,
389,238802229,2023-01-12 01:07:16,2,0.004,0.00396044,68.11,BTC-30JUN23-50000-C,18197.36,buy,0.5,,
390,238802230,2023-01-12 01:07:16,3,0.004,0.00396044,68.11,BTC-30JUN23-50000-C,18197.36,sell,0.5,,
391,238935888,2023-01-12 20:59:08,0,0.0065,0.0055978,70.77,BTC-30JUN23-50000-C,19042.3,buy,1.6,,
392,238935889,2023-01-12 20:59:08,1,0.0065,0.0055978,70.77,BTC-30JUN23-50000-C,19042.3,buy,0.8,,
393,238935890,2023-01-12 20:59:08,1,0.0065,0.0055978,70.77,BTC-30JUN23-50000-C,19042.3,sell,8.3,,
394,238935891,2023-01-12 20:59:08,1,0.0065,0.0055978,70.77,BTC-30JUN23-50000-C,19042.3,sell,1.0,,
395,238935892,2023-01-12 20:59:08,1,0.0065,0.0055978,70.77,BTC-30JUN23-50000-C,19042.3,sell,4.5,,
396,238935893,2023-01-12 20:59:08,1,0.0065,0.0055978,70.77,BTC-30JUN23-50000-C,19042.3,sell,3.8,,
397,238949471,2023-01-13 00:40:23,0,0.006,0.00550339,70.67,BTC-30JUN23-50000-C,18787.89,buy,0.9,,
398,238980026,2023-01-13 09:39:34,2,0.0055,0.00549102,69.49,BTC-30JUN23-50000-C,18879.56,sell,2.0,,
399,238993450,2023-01-13 13:03:57,0,0.006,0.00609879,70.52,BTC-30JUN23-50000-C,18844.53,buy,1.0,,
400,239075666,2023-01-14 00:19:19,0,0.0085,0.00797292,70.54,BTC-30JUN23-50000-C,20242.37,buy,0.1,,
401,239085496,2023-01-14 00:38:51,0,0.009,0.00952949,68.91,BTC-30JUN23-50000-C,20972.18,buy,0.1,,
402,239102272,2023-01-14 00:48:42,2,0.008,0.00878666,67.77,BTC-30JUN23-50000-C,20864.95,sell,0.1,,
403,239103097,2023-01-14 00:50:52,0,0.009,0.00875871,69.27,BTC-30JUN23-50000-C,20856.34,sell,0.1,,
404,239109733,2023-01-14 01:09:57,2,0.008,0.00890677,67.51,BTC-30JUN23-50000-C,20992.28,sell,1.4,,
405,239187882,2023-01-14 14:26:10,0,0.009,0.00868136,69.28,BTC-30JUN23-50000-C,20902.16,buy,0.6,,
406,239202714,2023-01-14 15:28:35,1,0.009,0.00921581,69.53,BTC-30JUN23-50000-C,20808.82,buy,0.4,,
407,239207004,2023-01-14 15:51:24,0,0.01,0.00975711,71.03,BTC-30JUN23-50000-C,20755.27,buy,0.4,,
408,239299486,2023-01-16 00:45:12,0,0.013,0.01316408,74.5,BTC-30JUN23-50000-C,20844.65,sell,1.0,,
409,239308260,2023-01-16 01:39:35,1,0.013,0.01299601,73.61,BTC-30JUN23-50000-C,21124.7,buy,0.1,,
410,239314175,2023-01-16 02:37:47,0,0.0135,0.01344178,73.61,BTC-30JUN23-50000-C,21281.99,buy,0.4,,
411,239314178,2023-01-16 02:37:47,2,0.013,0.01344273,73.07,BTC-30JUN23-50000-C,21283.84,buy,1.0,,
412,239314179,2023-01-16 02:37:47,3,0.013,0.01344273,73.07,BTC-30JUN23-50000-C,21283.84,buy,0.7,,
413,239314180,2023-01-16 02:37:48,2,0.0125,0.01344682,72.52,BTC-30JUN23-50000-C,21284.75,sell,1.6,,
414,239314181,2023-01-16 02:37:48,3,0.0125,0.01344682,72.52,BTC-30JUN23-50000-C,21284.75,sell,0.9,,
415,239314182,2023-01-16 02:37:48,0,0.013,0.01344682,73.07,BTC-30JUN23-50000-C,21284.75,buy,1.1,,
416,239314188,2023-01-16 02:37:50,1,0.013,0.01344908,73.07,BTC-30JUN23-50000-C,21285.49,buy,2.5,,
417,239338614,2023-01-16 08:21:25,0,0.013,0.0124561,74.5,BTC-30JUN23-50000-C,20844.95,buy,5.0,,
418,239339267,2023-01-16 08:26:32,1,0.013,0.01232203,74.62,BTC-30JUN23-50000-C,20812.85,buy,3.9,,
419,239340271,2023-01-16 08:34:43,0,0.0135,0.01235358,75.26,BTC-30JUN23-50000-C,20777.45,buy,9.3,,
420,239340272,2023-01-16 08:34:43,1,0.0135,0.01235358,75.26,BTC-30JUN23-50000-C,20777.45,buy,1.0,,
421,239340273,2023-01-16 08:34:43,1,0.0135,0.01235358,75.26,BTC-30JUN23-50000-C,20777.45,buy,8.0,,
422,239347742,2023-01-16 11:22:56,0,0.0125,0.01271503,74.02,BTC-30JUN23-50000-C,20834.76,buy,1.0,,
423,239352955,2023-01-16 13:15:15,2,0.012,0.01235382,73.44,BTC-30JUN23-50000-C,20849.6,sell,2.4,,
424,239352957,2023-01-16 13:15:15,3,0.012,0.01233822,73.44,BTC-30JUN23-50000-C,20849.6,sell,0.9,,
425,239358034,2023-01-16 14:54:28,2,0.0115,0.01173248,72.9,BTC-30JUN23-50000-C,20859.31,buy,0.5,,
426,239358039,2023-01-16 14:54:44,3,0.0115,0.01173862,72.89,BTC-30JUN23-50000-C,20863.48,buy,0.5,,
427,239358166,2023-01-16 14:56:13,3,0.0115,0.01173088,72.9,BTC-30JUN23-50000-C,20857.2,buy,1.0,,
428,239358510,2023-01-16 15:03:04,3,0.0115,0.01173269,72.89,BTC-30JUN23-50000-C,20844.86,buy,0.1,,
429,239358531,2023-01-16 15:03:18,3,0.0115,0.01173667,72.89,BTC-30JUN23-50000-C,20850.24,buy,0.2,,
430,239392521,2023-01-16 20:51:16,0,0.0125,0.01295388,72.68,BTC-30JUN23-50000-C,21290.61,buy,4.0,,
431,239394276,2023-01-16 21:15:22,0,0.013,0.01230644,73.36,BTC-30JUN23-50000-C,21245.14,buy,2.1,,
432,239394277,2023-01-16 21:15:22,1,0.013,0.01230644,73.36,BTC-30JUN23-50000-C,21245.14,sell,2.2,,
433,239394278,2023-01-16 21:15:22,1,0.013,0.01230644,73.36,BTC-30JUN23-50000-C,21245.23,sell,0.7,,
434,239403283,2023-01-17 00:02:03,1,0.013,0.01290201,73.79,BTC-30JUN23-50000-C,21112.06,sell,0.5,,
435,239421503,2023-01-17 05:35:56,0,0.0146,0.01260372,75.43,BTC-30JUN23-50000-C,21150.63,buy,150.0,,61479
436,239421538,2023-01-17 05:36:29,2,0.0135,0.0126372,74.26,BTC-30JUN23-50000-C,21156.82,buy,1.6,,
437,239421539,2023-01-17 05:36:29,3,0.0135,0.0126372,74.26,BTC-30JUN23-50000-C,21156.82,buy,0.9,,
438,239421542,2023-01-17 05:36:36,3,0.0135,0.01264513,74.26,BTC-30JUN23-50000-C,21158.03,buy,0.9,,
439,239421961,2023-01-17 06:10:13,0,0.014,0.01321993,74.84,BTC-30JUN23-50000-C,21154.28,buy,1.3,,
440,239421962,2023-01-17 06:10:13,1,0.014,0.01321993,74.84,BTC-30JUN23-50000-C,21154.28,buy,0.9,,
441,239432098,2023-01-17 09:18:01,2,0.0125,0.01323501,73.2,BTC-30JUN23-50000-C,21184.76,sell,0.9,,
442,239432099,2023-01-17 09:18:01,3,0.0125,0.01323501,73.2,BTC-30JUN23-50000-C,21184.76,sell,0.1,,
443,239433417,2023-01-17 10:07:47,3,0.0125,0.01311157,73.31,BTC-30JUN23-50000-C,21146.78,sell,1.0,,
444,239433418,2023-01-17 10:07:47,3,0.0125,0.01311157,73.31,BTC-30JUN23-50000-C,21146.78,sell,2.0,,
445,239434257,2023-01-17 10:36:40,3,0.0125,0.01292395,73.46,BTC-30JUN23-50000-C,21094.01,sell,2.5,,
446,239435777,2023-01-17 11:42:34,3,0.0125,0.0132165,73.22,BTC-30JUN23-50000-C,21173.7,sell,0.9,,
447,239435778,2023-01-17 11:42:34,3,0.0125,0.0132165,73.22,BTC-30JUN23-50000-C,21173.7,sell,2.6,,
448,239500745,2023-01-18 08:18:53,2,0.0125,0.01303803,73.09,BTC-30JUN23-50000-C,21276.69,buy,1.0,,
449,239552934,2023-01-18 16:53:27,2,0.011,0.01134388,73.63,BTC-30JUN23-50000-C,20547.38,sell,4.0,,
450,239645292,2023-01-19 23:29:42,2,0.01,0.0095395,71.18,BTC-30JUN23-50000-C,21066.87,buy,1.3,,
451,239645293,2023-01-19 23:29:42,3,0.01,0.0095395,71.18,BTC-30JUN23-50000-C,21066.87,buy,3.3,,
452,239645294,2023-01-19 23:29:42,3,0.01,0.0095395,71.18,BTC-30JUN23-50000-C,21066.87,sell,0.4,,
453,239677667,2023-01-20 11:56:25,2,0.009,0.00925592,70.26,BTC-30JUN23-50000-C,20969.86,sell,0.5,,
454,239718174,2023-01-20 20:41:36,0,0.0105,0.01118091,68.7,BTC-30JUN23-50000-C,22144.64,sell,0.5,,
455,239760943,2023-01-21 04:35:24,0,0.0125,0.01208816,69.61,BTC-30JUN23-50000-C,22617.0,buy,1.0,,
456,239764734,2023-01-21 05:59:56,0,0.0145,0.01369532,71.75,BTC-30JUN23-50000-C,22578.42,buy,1.0,,
457,239772242,2023-01-21 08:18:10,2,0.0135,0.01405746,70.26,BTC-30JUN23-50000-C,22743.09,sell,0.1,,
458,239797695,2023-01-21 10:39:05,0,0.0145,0.01487428,71.23,BTC-30JUN23-50000-C,22808.12,buy,1.0,,
459,239797696,2023-01-21 10:39:05,1,0.0145,0.01487428,71.23,BTC-30JUN23-50000-C,22808.12,buy,1.1,,
460,239800414,2023-01-21 11:03:48,2,0.014,0.01490723,70.79,BTC-30JUN23-50000-C,22790.89,buy,2.8,,
461,239802297,2023-01-21 11:27:49,2,0.0135,0.01449223,70.26,BTC-30JUN23-50000-C,22804.42,sell,1.2,,
462,239830965,2023-01-21 17:05:39,0,0.0155,0.01511673,71.04,BTC-30JUN23-50000-C,23245.18,buy,8.0,,
463,239855622,2023-01-22 01:25:05,2,0.014,0.01497289,70.8,BTC-30JUN23-50000-C,22848.53,sell,1.0,,
464,239880019,2023-01-22 13:47:14,0,0.015,0.01425023,71.84,BTC-30JUN23-50000-C,22927.07,buy,3.3,,
465,239906006,2023-01-22 21:01:10,2,0.0135,0.0138539,71.72,BTC-30JUN23-50000-C,22422.85,sell,10.0,,
466,239915081,2023-01-23 00:15:49,2,0.013,0.01353021,70.44,BTC-30JUN23-50000-C,22678.18,sell,25.0,,62128
467,239916926,2023-01-23 01:23:37,0,0.014,0.01370203,71.19,BTC-30JUN23-50000-C,22781.45,buy,1.0,,
468,239916927,2023-01-23 01:23:37,1,0.014,0.01370203,71.19,BTC-30JUN23-50000-C,22781.45,sell,4.0,,
469,239934599,2023-01-23 10:22:00,2,0.0135,0.01403854,70.44,BTC-30JUN23-50000-C,22908.03,sell,0.2,,
470,239971129,2023-01-23 17:32:37,0,0.014,0.01373091,71.06,BTC-30JUN23-50000-C,22891.75,sell,1.0,,
471,239971130,2023-01-23 17:32:37,1,0.014,0.01373091,71.06,BTC-30JUN23-50000-C,22891.75,sell,2.0,,
472,239975674,2023-01-23 18:17:17,0,0.016,0.01489497,72.43,BTC-30JUN23-50000-C,23098.91,buy,0.1,,
473,239975675,2023-01-23 18:17:17,1,0.016,0.01489497,72.43,BTC-30JUN23-50000-C,23098.91,buy,8.0,,
474,239975676,2023-01-23 18:17:17,1,0.016,0.01489497,72.43,BTC-30JUN23-50000-C,23098.91,buy,1.9,,
475,240032798,2023-01-24 14:19:35,2,0.013,0.01338451,70.26,BTC-30JUN23-50000-C,22864.63,sell,2.0,,
476,240039613,2023-01-24 15:04:07,3,0.013,0.0133473,70.31,BTC-30JUN23-50000-C,22832.45,sell,2.2,,
477,240040135,2023-01-24 15:08:10,3,0.013,0.01326047,70.39,BTC-30JUN23-50000-C,22803.26,buy,1.0,,
478,240040710,2023-01-24 15:15:04,3,0.013,0.01344248,70.12,BTC-30JUN23-50000-C,22900.91,buy,0.3,,
479,240040939,2023-01-24 15:17:26,3,0.013,0.01331767,70.19,BTC-30JUN23-50000-C,22875.02,buy,0.7,,
480,240041141,2023-01-24 15:21:01,3,0.013,0.01326294,70.18,BTC-30JUN23-50000-C,22882.21,buy,0.4,,
481,240041212,2023-01-24 15:23:20,3,0.013,0.01325059,70.18,BTC-30JUN23-50000-C,22872.59,buy,0.1,,
482,240052957,2023-01-24 20:28:27,0,0.0135,0.01299463,70.48,BTC-30JUN23-50000-C,22984.12,buy,0.1,,
483,240081060,2023-01-25 03:10:35,2,0.0125,0.01202051,70.67,BTC-30JUN23-50000-C,22572.83,buy,0.6,,
484,240083319,2023-01-25 05:03:14,3,0.0125,0.01197354,70.55,BTC-30JUN23-50000-C,22630.84,buy,0.1,,
485,240110822,2023-01-25 15:27:20,2,0.0105,0.01134661,68.63,BTC-30JUN23-50000-C,22526.66,sell,1.2,,
486,240110908,2023-01-25 15:28:31,0,0.011,0.01130849,69.23,BTC-30JUN23-50000-C,22529.52,sell,0.2,,
487,240111160,2023-01-25 15:31:17,0,0.0115,0.01131653,69.69,BTC-30JUN23-50000-C,22568.51,buy,0.1,,
488,240113805,2023-01-25 16:18:56,2,0.011,0.01102557,69.01,BTC-30JUN23-50000-C,22602.91,sell,0.3,,
489,240123177,2023-01-25 20:00:19,2,0.0105,0.01098923,67.95,BTC-30JUN23-50000-C,22763.85,sell,8.0,,
490,240123178,2023-01-25 20:00:19,3,0.0105,0.01098923,67.95,BTC-30JUN23-50000-C,22763.85,buy,2.0,,
491,240155984,2023-01-25 22:47:32,0,0.013,0.01270579,69.16,BTC-30JUN23-50000-C,23308.64,sell,1.0,,
492,240171909,2023-01-26 01:15:00,2,0.012,0.0124147,68.45,BTC-30JUN23-50000-C,23193.94,sell,0.3,,
493,240172055,2023-01-26 01:19:12,3,0.012,0.01252072,68.32,BTC-30JUN23-50000-C,23237.15,sell,1.4,,
494,240213604,2023-01-26 16:04:13,2,0.011,0.01086016,68.05,BTC-30JUN23-50000-C,22997.14,sell,0.9,,
495,240248462,2023-01-27 03:15:37,0,0.0117,0.01069607,69.53,BTC-30JUN23-50000-C,22812.94,buy,200.0,,62753
496,240278282,2023-01-27 09:35:24,2,0.0115,0.01075153,68.91,BTC-30JUN23-50000-C,22950.47,buy,0.1,,
497,240282690,2023-01-27 11:43:40,2,0.0113,0.01049029,68.73,BTC-30JUN23-50000-C,22946.56,buy,150.0,,62816
498,240290894,2023-01-27 14:24:15,3,0.0113,0.01042999,68.97,BTC-30JUN23-50000-C,22866.23,buy,150.0,,62835
499,240329291,2023-01-28 00:07:22,2,0.0105,0.01047813,67.42,BTC-30JUN23-50000-C,23088.21,sell,0.1,,
500,240332975,2023-01-28 02:36:23,0,0.0113,0.01026275,68.35,BTC-30JUN23-50000-C,23108.63,buy,150.0,,62895
501,240332976,2023-01-28 02:36:26,2,0.011,0.01026179,68.0,BTC-30JUN23-50000-C,23108.23,buy,1.7,,
502,240332977,2023-01-28 02:36:26,3,0.011,0.01026179,68.0,BTC-30JUN23-50000-C,23108.23,buy,23.3,,
503,240332978,2023-01-28 02:37:37,3,0.011,0.01027626,67.99,BTC-30JUN23-50000-C,23111.91,buy,1.5,,
504,240332979,2023-01-28 02:37:37,3,0.011,0.01027655,67.99,BTC-30JUN23-50000-C,23111.91,sell,4.2,,
505,240334161,2023-01-28 04:26:27,0,0.0118,0.01148749,68.94,BTC-30JUN23-50000-C,23119.98,buy,25.0,,62897
506,240343626,2023-01-28 10:09:57,1,0.0118,0.01126042,69.29,BTC-30JUN23-50000-C,23009.46,buy,125.0,,62905
507,240352111,2023-01-28 17:24:50,2,0.011,0.01122872,68.44,BTC-30JUN23-50000-C,23003.27,sell,3.0,,
508,240352113,2023-01-28 17:24:57,3,0.011,0.01122324,68.44,BTC-30JUN23-50000-C,23001.93,sell,1.3,,
509,240383042,2023-01-29 10:42:07,3,0.011,0.0116634,67.37,BTC-30JUN23-50000-C,23447.11,buy,0.1,,
510,240392529,2023-01-29 13:10:14,0,0.0115,0.01203888,67.34,BTC-30JUN23-50000-C,23654.28,buy,0.1,,
511,240402255,2023-01-29 16:43:58,0,0.012,0.01207668,68.22,BTC-30JUN23-50000-C,23552.01,buy,0.1,,
512,240455733,2023-01-30 10:03:58,2,0.0095,0.00968874,66.51,BTC-30JUN23-50000-C,23144.49,sell,5.0,,
513,240509901,2023-01-31 02:23:18,2,0.009,0.00870858,66.84,BTC-30JUN23-50000-C,22867.95,buy,3.0,,
514,240509903,2023-01-31 02:23:53,3,0.009,0.00871498,66.84,BTC-30JUN23-50000-C,22868.75,buy,1.3,,
515,240513319,2023-01-31 05:18:22,2,0.0085,0.00869641,66.19,BTC-30JUN23-50000-C,22865.95,sell,4.0,,
516,240525283,2023-01-31 10:54:59,0,0.009,0.00849875,66.99,BTC-30JUN23-50000-C,22845.19,buy,0.3,,
517,240525476,2023-01-31 10:58:28,1,0.009,0.00849606,67.05,BTC-30JUN23-50000-C,22823.59,buy,0.1,,
518,240525482,2023-01-31 10:58:45,1,0.009,0.00850134,67.05,BTC-30JUN23-50000-C,22822.63,buy,0.1,,
519,240529411,2023-01-31 13:19:45,0,0.0095,0.00924796,67.39,BTC-30JUN23-50000-C,22951.39,buy,2.0,,
520,240582497,2023-02-01 10:10:18,1,0.0095,0.0097887,67.47,BTC-30JUN23-50000-C,22996.04,sell,0.2,,
521,240584642,2023-02-01 11:32:21,0,0.01,0.00982094,67.83,BTC-30JUN23-50000-C,23080.57,buy,2.9,,
522,240652082,2023-02-01 22:02:36,0,0.012,0.01199506,68.39,BTC-30JUN23-50000-C,23701.62,buy,1.0,,
523,240653343,2023-02-01 22:21:55,0,0.0125,0.01259372,68.69,BTC-30JUN23-50000-C,23799.57,buy,0.1,,
524,240678755,2023-02-02 02:34:37,0,0.013,0.01317951,68.92,BTC-30JUN23-50000-C,23891.66,sell,23.0,,
525,240680620,2023-02-02 03:21:31,1,0.013,0.0130441,69.0,BTC-30JUN23-50000-C,23869.62,sell,0.9,,
526,240784541,2023-02-03 04:25:14,2,0.011,0.0110294,67.91,BTC-30JUN23-50000-C,23549.46,buy,0.5,,
527,240786324,2023-02-03 06:15:35,2,0.0105,0.01100288,67.34,BTC-30JUN23-50000-C,23543.93,sell,0.1,,
528,240817966,2023-02-03 14:09:33,2,0.0095,0.00971769,66.79,BTC-30JUN23-50000-C,23331.28,buy,2.6,,
529,240818328,2023-02-03 14:14:10,2,0.009,0.00950309,66.14,BTC-30JUN23-50000-C,23331.71,sell,3.4,,
530,240831602,2023-02-03 16:28:07,0,0.01,0.01027399,66.55,BTC-30JUN23-50000-C,23654.31,sell,5.3,,
531,240834469,2023-02-03 17:27:38,1,0.01,0.01028353,66.77,BTC-30JUN23-50000-C,23575.86,sell,6.4,,
532,240845312,2023-02-03 20:11:16,2,0.0095,0.00976673,66.94,BTC-30JUN23-50000-C,23305.79,sell,4.2,,
533,240871220,2023-02-04 08:49:26,3,0.0095,0.0092317,67.04,BTC-30JUN23-50000-C,23313.68,sell,5.0,,
534,240889283,2023-02-04 21:25:33,2,0.0085,0.00904014,65.53,BTC-30JUN23-50000-C,23408.57,sell,1.0,,
535,240957458,2023-02-06 03:07:04,3,0.0085,0.00846301,67.42,BTC-30JUN23-50000-C,22891.39,buy,0.3,,
536,241015678,2023-02-06 22:27:31,0,0.009,0.00843771,68.39,BTC-30JUN23-50000-C,22881.77,buy,0.2,,
537,241015679,2023-02-06 22:27:31,1,0.009,0.00843771,68.39,BTC-30JUN23-50000-C,22881.77,buy,0.3,,
538,241015680,2023-02-06 22:27:31,1,0.009,0.00843771,68.39,BTC-30JUN23-50000-C,22881.77,buy,0.5,,
539,241235055,2023-02-09 17:23:10,2,0.007,0.00708009,67.05,BTC-30JUN23-50000-C,22558.37,buy,1.0,,
540,241298481,2023-02-10 02:02:19,2,0.006,0.00651134,67.4,BTC-30JUN23-50000-C,21899.92,sell,2.2,,
541,241298482,2023-02-10 02:02:19,3,0.006,0.00651134,67.4,BTC-30JUN23-50000-C,21899.92,sell,2.0,,
542,241298486,2023-02-10 02:02:33,3,0.006,0.0065133,67.39,BTC-30JUN23-50000-C,21904.2,sell,2.1,,
543,241406943,2023-02-11 08:51:43,3,0.006,0.00541733,68.48,BTC-30JUN23-50000-C,21701.03,buy,1.0,,
544,241544239,2023-02-13 18:15:13,2,0.0055,0.00542851,68.57,BTC-30JUN23-50000-C,21567.12,buy,0.2,,
545,241544240,2023-02-13 18:15:13,3,0.0055,0.00542851,68.57,BTC-30JUN23-50000-C,21567.12,buy,3.7,,
546,241672401,2023-02-15 06:31:31,2,0.0045,0.00497511,65.09,BTC-30JUN23-50000-C,22141.91,sell,1.0,,
547,241701555,2023-02-15 12:33:50,0,0.005,0.00493497,64.29,BTC-30JUN23-50000-C,22820.16,buy,1.0,,
548,241737026,2023-02-15 19:04:13,0,0.0055,0.00550919,64.88,BTC-30JUN23-50000-C,22960.02,buy,0.5,,
549,241753946,2023-02-15 20:20:26,0,0.006,0.00613859,63.53,BTC-30JUN23-50000-C,23766.87,buy,0.1,,
550,241756105,2023-02-15 20:27:02,0,0.0065,0.00620148,64.2,BTC-30JUN23-50000-C,23822.18,buy,5.0,,
551,241756106,2023-02-15 20:27:02,1,0.0065,0.00620148,64.2,BTC-30JUN23-50000-C,23822.18,buy,1.7,,
552,241788992,2023-02-15 23:19:28,0,0.0075,0.00733702,64.48,BTC-30JUN23-50000-C,24278.47,buy,1.0,,
553,241788993,2023-02-15 23:19:28,1,0.0075,0.00733702,64.48,BTC-30JUN23-50000-C,24278.47,buy,2.1,,
554,241790555,2023-02-15 23:37:06,1,0.0075,0.00760126,64.44,BTC-30JUN23-50000-C,24305.8,sell,2.0,,
555,241843222,2023-02-16 08:39:04,0,0.008,0.00821347,64.24,BTC-30JUN23-50000-C,24638.56,sell,2.1,,
556,241885183,2023-02-16 15:53:27,0,0.0085,0.00847023,63.95,BTC-30JUN23-50000-C,24995.99,buy,0.7,,
557,241886740,2023-02-16 15:57:49,1,0.0085,0.00841278,63.98,BTC-30JUN23-50000-C,24977.75,buy,0.3,,
558,241886741,2023-02-16 15:57:49,1,0.0085,0.00841278,63.98,BTC-30JUN23-50000-C,24977.75,buy,0.1,,
559,241886742,2023-02-16 15:57:49,1,0.0085,0.00841278,63.98,BTC-30JUN23-50000-C,24977.75,buy,2.8,,
560,241890677,2023-02-16 16:04:42,0,0.009,0.00886737,63.96,BTC-30JUN23-50000-C,25212.61,buy,0.6,,
561,241890678,2023-02-16 16:04:42,1,0.009,0.00886737,63.96,BTC-30JUN23-50000-C,25212.61,buy,0.1,,
562,241890771,2023-02-16 16:04:44,1,0.009,0.00891117,63.91,BTC-30JUN23-50000-C,25229.57,buy,0.3,,
563,241901546,2023-02-16 16:23:10,0,0.0095,0.00944442,65.84,BTC-30JUN23-50000-C,24804.11,buy,0.6,,
564,241901547,2023-02-16 16:23:10,1,0.0095,0.00944442,65.82,BTC-30JUN23-50000-C,24809.87,buy,0.1,,
565,241914486,2023-02-16 17:30:41,0,0.0105,0.01025113,66.98,BTC-30JUN23-50000-C,24848.89,buy,0.6,,
566,241914543,2023-02-16 17:32:09,1,0.0105,0.01027531,66.99,BTC-30JUN23-50000-C,24841.81,buy,0.4,,
567,241961359,2023-02-16 23:05:04,2,0.0085,0.00887478,66.77,BTC-30JUN23-50000-C,24003.43,sell,2.7,,
568,241987750,2023-02-17 00:57:24,2,0.0075,0.00745814,66.13,BTC-30JUN23-50000-C,23702.39,buy,0.3,,
569,242003199,2023-02-17 05:51:40,3,0.0075,0.00744519,66.12,BTC-30JUN23-50000-C,23743.36,buy,0.3,,
570,242038739,2023-02-17 13:02:40,0,0.008,0.00793204,66.6,BTC-30JUN23-50000-C,23864.83,sell,15.0,,
571,242074771,2023-02-17 16:14:39,0,0.0095,0.00916532,67.6,BTC-30JUN23-50000-C,24258.08,buy,1.7,,
572,242074772,2023-02-17 16:14:39,1,0.0095,0.00916532,67.6,BTC-30JUN23-50000-C,24258.08,buy,2.0,,
573,242104475,2023-02-17 19:39:05,0,0.011,0.01100174,68.77,BTC-30JUN23-50000-C,24518.44,buy,0.6,,
574,242104516,2023-02-17 19:39:12,1,0.011,0.01099735,68.78,BTC-30JUN23-50000-C,24515.33,buy,0.4,,
575,242153698,2023-02-18 03:38:15,1,0.011,0.01133592,68.48,BTC-30JUN23-50000-C,24604.12,sell,1.0,,
576,242156606,2023-02-18 05:09:50,1,0.011,0.01124454,68.43,BTC-30JUN23-50000-C,24637.25,sell,1.0,,
577,242234795,2023-02-19 14:28:50,2,0.01,0.01034518,67.22,BTC-30JUN23-50000-C,24740.79,sell,10.0,,
578,242243376,2023-02-19 15:53:37,0,0.0105,0.01082385,67.36,BTC-30JUN23-50000-C,24912.24,sell,4.2,,
579,242243379,2023-02-19 15:53:40,1,0.0105,0.01082226,67.37,BTC-30JUN23-50000-C,24912.1,sell,4.2,,
580,242243383,2023-02-19 15:53:42,1,0.0105,0.01081972,67.37,BTC-30JUN23-50000-C,24911.38,sell,1.6,,
581,242331013,2023-02-20 09:54:53,0,0.0115,0.01154264,68.81,BTC-30JUN23-50000-C,24914.22,buy,2.0,,
582,242377848,2023-02-20 18:36:08,2,0.011,0.01170345,68.67,BTC-30JUN23-50000-C,24782.48,sell,2.6,,
583,242377849,2023-02-20 18:36:08,3,0.011,0.01170345,68.67,BTC-30JUN23-50000-C,24782.48,sell,17.4,,
584,242403520,2023-02-21 03:36:20,3,0.011,0.01112909,68.07,BTC-30JUN23-50000-C,24981.16,buy,1.0,,
585,242403903,2023-02-21 03:41:20,3,0.011,0.01100986,68.21,BTC-30JUN23-50000-C,24935.46,sell,1.0,,
586,242411322,2023-02-21 06:52:29,3,0.011,0.01128833,68.16,BTC-30JUN23-50000-C,24985.93,sell,2.6,,
587,242475356,2023-02-21 16:43:51,2,0.01,0.00959078,68.8,BTC-30JUN23-50000-C,24417.51,buy,3.2,,
588,242475357,2023-02-21 16:43:51,3,0.01,0.00959078,68.8,BTC-30JUN23-50000-C,24417.51,buy,1.8,,
589,242475359,2023-02-21 16:43:57,3,0.01,0.00959326,68.8,BTC-30JUN23-50000-C,24416.62,buy,0.2,,
590,242476254,2023-02-21 16:50:51,0,0.0115,0.0109821,70.66,BTC-30JUN23-50000-C,24428.1,sell,4.8,,
591,242477470,2023-02-21 17:07:46,0,0.012,0.01223548,71.25,BTC-30JUN23-50000-C,24436.59,sell,0.2,,
592,242477602,2023-02-21 17:09:51,1,0.012,0.01225926,71.22,BTC-30JUN23-50000-C,24443.57,buy,0.2,,
593,242581254,2023-02-22 13:30:35,2,0.01,0.01025949,69.98,BTC-30JUN23-50000-C,24083.32,sell,2.0,,
594,242600836,2023-02-22 15:43:46,0,0.0105,0.00998792,71.74,BTC-30JUN23-50000-C,23744.2,buy,0.1,,
595,242665640,2023-02-23 04:02:15,1,0.0105,0.01032015,69.58,BTC-30JUN23-50000-C,24472.23,buy,0.9,,
596,242665641,2023-02-23 04:02:15,1,0.0105,0.01032015,69.58,BTC-30JUN23-50000-C,24472.23,buy,0.1,,
597,242680664,2023-02-23 08:18:52,2,0.01,0.01057936,69.1,BTC-30JUN23-50000-C,24456.02,sell,3.0,,
598,242680665,2023-02-23 08:18:52,3,0.01,0.01057936,69.1,BTC-30JUN23-50000-C,24456.02,sell,2.0,,
599,242681385,2023-02-23 08:25:49,3,0.01,0.01039509,69.27,BTC-30JUN23-50000-C,24397.3,sell,4.0,,
600,242691777,2023-02-23 11:16:58,3,0.01,0.00943442,69.86,BTC-30JUN23-50000-C,24214.77,buy,0.1,,
601,242708884,2023-02-23 12:30:31,2,0.0085,0.00873586,68.99,BTC-30JUN23-50000-C,23827.28,sell,1.0,,
602,242728936,2023-02-23 15:07:23,3,0.0085,0.00856407,68.83,BTC-30JUN23-50000-C,23890.24,buy,0.7,,
603,242735206,2023-02-23 16:44:01,2,0.008,0.00842873,68.13,BTC-30JUN23-50000-C,23879.16,sell,0.1,,
604,242745988,2023-02-23 19:11:19,0,0.0085,0.00838164,68.69,BTC-30JUN23-50000-C,23947.93,buy,4.0,,
605,242791029,2023-02-24 08:03:24,1,0.0085,0.0085135,69.23,BTC-30JUN23-50000-C,23828.18,sell,2.5,,
606,242802480,2023-02-24 10:36:40,2,0.008,0.00824952,68.44,BTC-30JUN23-50000-C,23850.43,sell,2.0,,
607,242803604,2023-02-24 11:17:01,0,0.0085,0.00816714,69.1,BTC-30JUN23-50000-C,23886.41,buy,3.1,,
608,242803605,2023-02-24 11:17:01,1,0.0085,0.00816714,69.1,BTC-30JUN23-50000-C,23886.41,buy,4.0,,
609,242803606,2023-02-24 11:17:01,1,0.0085,0.00816714,69.1,BTC-30JUN23-50000-C,23886.41,buy,2.5,,
610,242803607,2023-02-24 11:17:01,1,0.0085,0.00816714,69.1,BTC-30JUN23-50000-C,23886.41,sell,2.9,,
611,242894367,2023-02-25 05:59:53,2,0.006,0.0067158,67.73,BTC-30JUN23-50000-C,23044.55,sell,0.1,,
612,242902889,2023-02-25 09:43:59,0,0.0065,0.00671587,68.69,BTC-30JUN23-50000-C,23051.9,buy,1.0,,
613,242990119,2023-02-27 04:32:07,1,0.0065,0.00697586,67.77,BTC-30JUN23-50000-C,23503.72,sell,3.1,,
614,242990120,2023-02-27 04:32:07,1,0.0065,0.00697586,67.77,BTC-30JUN23-50000-C,23503.72,sell,7.0,,
615,242991438,2023-02-27 05:21:01,1,0.0065,0.00644973,67.87,BTC-30JUN23-50000-C,23478.57,buy,1.7,,
616,243000784,2023-02-27 09:14:52,1,0.0065,0.00611733,68.23,BTC-30JUN23-50000-C,23379.02,buy,1.0,,
617,243001646,2023-02-27 09:45:41,2,0.006,0.00598317,67.2,BTC-30JUN23-50000-C,23410.57,buy,0.5,,
618,243001967,2023-02-27 09:57:35,3,0.006,0.00597999,67.25,BTC-30JUN23-50000-C,23393.02,buy,0.5,,
619,243002006,2023-02-27 10:02:14,3,0.006,0.00597682,67.26,BTC-30JUN23-50000-C,23388.62,buy,1.0,,
620,243013278,2023-02-27 14:04:21,0,0.0065,0.00672362,67.2,BTC-30JUN23-50000-C,23725.21,sell,1.0,,
621,243013305,2023-02-27 14:04:57,1,0.0065,0.0067153,67.2,BTC-30JUN23-50000-C,23725.97,sell,1.0,,
622,243065158,2023-02-28 01:13:23,2,0.0055,0.00600195,66.35,BTC-30JUN23-50000-C,23455.04,sell,1.0,,
623,243065234,2023-02-28 01:16:19,3,0.0055,0.00595994,66.34,BTC-30JUN23-50000-C,23453.79,sell,1.0,,
624,243065263,2023-02-28 01:17:39,3,0.0055,0.00593968,66.36,BTC-30JUN23-50000-C,23447.75,sell,1.0,,
625,243085690,2023-02-28 10:42:08,3,0.0055,0.00552581,66.84,BTC-30JUN23-50000-C,23337.26,buy,1.0,,
626,243159875,2023-03-01 08:10:50,0,0.0065,0.0060294,67.69,BTC-30JUN23-50000-C,23751.76,buy,3.1,,
627,243159876,2023-03-01 08:10:50,1,0.0065,0.0060294,67.69,BTC-30JUN23-50000-C,23751.76,buy,2.3,,
628,243159877,2023-03-01 08:10:50,1,0.0065,0.0060294,67.69,BTC-30JUN23-50000-C,23751.76,sell,6.6,,
629,243377490,2023-03-03 10:54:10,2,0.0055,0.00572972,70.83,BTC-30JUN23-50000-C,22360.01,sell,2.0,,
630,243453983,2023-03-05 01:19:49,2,0.005,0.00496085,69.48,BTC-30JUN23-50000-C,22600.85,buy,0.1,,
631,243526331,2023-03-06 16:46:24,2,0.0045,0.00447813,69.21,BTC-30JUN23-50000-C,22499.95,buy,5.0,,
632,243601004,2023-03-07 16:23:21,2,0.004,0.00446278,68.9,BTC-30JUN23-50000-C,22299.26,sell,0.1,,
633,243705900,2023-03-08 19:59:42,2,0.0035,0.00372518,68.87,BTC-30JUN23-50000-C,21996.2,sell,1.0,,
634,243958026,2023-03-10 09:53:33,2,0.0025,0.0027444,72.87,BTC-30JUN23-50000-C,19882.18,sell,1.0,,
635,244242407,2023-03-11 17:12:38,0,0.0038,0.00246677,77.13,BTC-30JUN23-50000-C,20314.57,buy,100.0,,67511
636,244242553,2023-03-11 17:13:26,2,0.0037,0.00246823,76.86,BTC-30JUN23-50000-C,20308.37,buy,100.0,,67513
637,244242559,2023-03-11 17:13:33,2,0.0035,0.00246932,76.26,BTC-30JUN23-50000-C,20306.72,buy,1.7,,
638,244242560,2023-03-11 17:13:33,3,0.0035,0.00246932,76.26,BTC-30JUN23-50000-C,20306.72,buy,13.3,,
639,244242561,2023-03-11 17:13:33,3,0.0035,0.00246932,76.26,BTC-30JUN23-50000-C,20306.72,sell,7.4,,
640,244242562,2023-03-11 17:13:33,3,0.0035,0.00246932,76.26,BTC-30JUN23-50000-C,20306.72,sell,4.9,,
641,244242563,2023-03-11 17:13:33,3,0.0035,0.00246932,76.26,BTC-30JUN23-50000-C,20306.72,sell,22.7,,
642,244725647,2023-03-13 14:05:29,3,0.0035,0.0037688,68.95,BTC-30JUN23-50000-C,22591.27,sell,1.0,,
643,244728688,2023-03-13 14:08:39,0,0.004,0.00399665,69.61,BTC-30JUN23-50000-C,22813.64,buy,1.0,,
644,244728689,2023-03-13 14:08:39,1,0.004,0.00399665,69.61,BTC-30JUN23-50000-C,22813.64,buy,1.0,,
645,244728835,2023-03-13 14:08:41,1,0.004,0.00398476,69.56,BTC-30JUN23-50000-C,22862.99,buy,1.0,,
646,244734384,2023-03-13 14:13:15,0,0.005,0.00420874,71.47,BTC-30JUN23-50000-C,23022.57,buy,1.0,,
647,244890981,2023-03-13 23:07:10,0,0.0055,0.00598523,68.7,BTC-30JUN23-50000-C,24251.99,sell,1.8,,
648,244890984,2023-03-13 23:07:11,1,0.0055,0.00598365,68.7,BTC-30JUN23-50000-C,24251.59,sell,0.1,,
649,244890988,2023-03-13 23:07:13,1,0.0055,0.00598032,68.71,BTC-30JUN23-50000-C,24249.66,sell,0.3,,
650,244890989,2023-03-13 23:07:14,1,0.0055,0.00598032,68.71,BTC-30JUN23-50000-C,24249.66,sell,0.1,,
651,244890992,2023-03-13 23:07:15,1,0.0055,0.00598104,68.71,BTC-30JUN23-50000-C,24250.2,sell,0.1,,
652,244921049,2023-03-14 03:29:40,0,0.008,0.00769612,72.81,BTC-30JUN23-50000-C,24429.39,buy,1.0,,
653,244921050,2023-03-14 03:29:40,1,0.008,0.00769612,72.81,BTC-30JUN23-50000-C,24429.39,buy,2.3,,
654,245010495,2023-03-14 12:09:48,0,0.009,0.00929258,73.17,BTC-30JUN23-50000-C,24854.29,buy,2.6,,
655,245010496,2023-03-14 12:09:48,1,0.009,0.00929258,73.17,BTC-30JUN23-50000-C,24854.29,buy,0.9,,
656,245010498,2023-03-14 12:09:48,1,0.009,0.00929258,73.17,BTC-30JUN23-50000-C,24854.29,buy,1.7,,
657,245010499,2023-03-14 12:09:48,1,0.009,0.00929258,73.17,BTC-30JUN23-50000-C,24854.29,buy,0.6,,
658,245052207,2023-03-14 12:49:09,0,0.0095,0.01006382,70.5,BTC-30JUN23-50000-C,25879.35,sell,10.0,,
659,245053152,2023-03-14 12:50:20,0,0.01,0.00981019,71.45,BTC-30JUN23-50000-C,25829.53,buy,4.0,,
660,245063335,2023-03-14 13:01:07,0,0.0105,0.01049644,70.67,BTC-30JUN23-50000-C,26291.48,buy,1.0,,
661,245072391,2023-03-14 13:05:56,0,0.011,0.01115395,70.7,BTC-30JUN23-50000-C,26434.47,sell,1.0,,
662,245074483,2023-03-14 13:07:55,2,0.0105,0.01107644,70.42,BTC-30JUN23-50000-C,26356.01,sell,0.8,,
663,245074515,2023-03-14 13:07:57,3,0.0105,0.01102746,70.46,BTC-30JUN23-50000-C,26342.94,sell,0.2,,
664,245081237,2023-03-14 13:17:09,0,0.0108,0.01081609,71.1,BTC-30JUN23-50000-C,26265.62,buy,50.0,BTC-CDIAG-30JUN23_28APR23-50000_32000,68241
665,245081905,2023-03-14 13:18:14,1,0.0108,0.01055391,71.47,BTC-30JUN23-50000-C,26122.11,buy,14.0,BTC-CDIAG-30JUN23_28APR23-50000_32000,68245
666,245082941,2023-03-14 13:19:17,2,0.01,0.0105905,70.4,BTC-30JUN23-50000-C,26100.11,sell,0.1,,
667,245082942,2023-03-14 13:19:17,3,0.01,0.0105905,70.4,BTC-30JUN23-50000-C,26100.11,sell,0.1,,
668,245082972,2023-03-14 13:19:20,3,0.01,0.01049847,70.48,BTC-30JUN23-50000-C,26081.84,sell,0.1,,
669,245083014,2023-03-14 13:19:28,3,0.01,0.01048929,70.47,BTC-30JUN23-50000-C,26081.16,sell,0.1,,
670,245083015,2023-03-14 13:19:28,3,0.01,0.01048929,70.47,BTC-30JUN23-50000-C,26081.16,sell,0.1,,
671,245083022,2023-03-14 13:19:29,3,0.01,0.01047814,70.47,BTC-30JUN23-50000-C,26081.16,sell,0.1,,
672,245083023,2023-03-14 13:19:29,3,0.01,0.01047814,70.47,BTC-30JUN23-50000-C,26081.16,sell,0.1,,
673,245083029,2023-03-14 13:19:29,3,0.01,0.01047814,70.47,BTC-30JUN23-50000-C,26081.16,sell,0.1,,
674,245083054,2023-03-14 13:19:31,3,0.01,0.01045385,70.5,BTC-30JUN23-50000-C,26071.13,sell,0.2,,
675,245087790,2023-03-14 13:29:39,3,0.01,0.00987966,70.74,BTC-30JUN23-50000-C,26023.42,buy,7.0,,
676,245093462,2023-03-14 13:42:42,3,0.01,0.00939844,70.51,BTC-30JUN23-50000-C,26098.92,buy,5.0,,
677,245093463,2023-03-14 13:42:42,3,0.01,0.00939844,70.51,BTC-30JUN23-50000-C,26098.92,buy,4.0,,
678,245256494,2023-03-15 00:55:10,2,0.0075,0.00773037,71.01,BTC-30JUN23-50000-C,24760.38,sell,0.1,,
679,245256511,2023-03-15 00:55:15,3,0.0075,0.00774667,70.98,BTC-30JUN23-50000-C,24769.27,sell,0.1,,
680,245256532,2023-03-15 00:55:17,3,0.0075,0.00774734,70.98,BTC-30JUN23-50000-C,24769.48,sell,0.1,,
681,245275609,2023-03-15 03:23:28,0,0.008,0.00843173,71.56,BTC-30JUN23-50000-C,24854.97,sell,1.4,,
682,245291405,2023-03-15 07:15:12,2,0.0072,0.00717328,70.24,BTC-30JUN23-50000-C,24875.81,sell,100.0,BTC-CDIAG-30JUN23_28APR23-50000_32000,68405
683,245291665,2023-03-15 07:18:17,0,0.0075,0.00715839,70.85,BTC-30JUN23-50000-C,24832.82,buy,26.3,BTC-CDIAG-30JUN23_28APR23-50000_32000,68406
684,245291839,2023-03-15 07:21:09,1,0.0075,0.00723775,70.73,BTC-30JUN23-50000-C,24883.76,buy,12.5,BTC-CDIAG-30JUN23_28APR23-50000_32000,68407
685,245291867,2023-03-15 07:22:49,2,0.0072,0.00724547,70.2,BTC-30JUN23-50000-C,24889.75,buy,12.5,BTC-CDIAG-30JUN23_28APR23-50000_32000,68408
686,245292152,2023-03-15 07:30:52,0,0.0077,0.00724306,71.07,BTC-30JUN23-50000-C,24879.75,sell,12.5,BTC-CDIAG-30JUN23_28APR23-50000_32000,68409
687,245292158,2023-03-15 07:31:01,2,0.0075,0.00724297,70.73,BTC-30JUN23-50000-C,24878.06,sell,100.0,BTC-CDIAG-30JUN23_28APR23-50000_32000,68410
688,245299227,2023-03-15 08:18:10,3,0.0075,0.00737602,70.23,BTC-30JUN23-50000-C,25027.57,buy,1.1,,
689,245299847,2023-03-15 08:24:52,2,0.0072,0.00720261,69.96,BTC-30JUN23-50000-C,24950.49,buy,87.5,BTC-CDIAG-30JUN23_28APR23-50000_32000,68412
690,245304334,2023-03-15 09:28:26,0,0.0075,0.00744494,70.9,BTC-30JUN23-50000-C,24824.63,sell,0.4,,
691,245304335,2023-03-15 09:28:27,1,0.0075,0.00744699,70.89,BTC-30JUN23-50000-C,24825.64,sell,0.1,,
692,245305279,2023-03-15 09:36:49,0,0.008,0.00761834,71.84,BTC-30JUN23-50000-C,24809.61,sell,4.5,,
693,245349524,2023-03-15 12:44:26,2,0.0077,0.00810753,71.52,BTC-30JUN23-50000-C,24765.93,buy,54.8,BTC-CDIAG-30JUN23_28APR23-50000_30000,68447
694,245349532,2023-03-15 12:44:26,3,0.0077,0.00813616,71.52,BTC-30JUN23-50000-C,24760.7,buy,25.4,BTC-CDIAG-30JUN23_28APR23-50000_30000,68448
695,245350096,2023-03-15 12:45:31,3,0.0077,0.00802771,71.68,BTC-30JUN23-50000-C,24719.0,buy,15.0,BTC-CDIAG-30JUN23_28APR23-50000_30000,68449
696,245362515,2023-03-15 13:20:53,0,0.0095,0.00939746,72.95,BTC-30JUN23-50000-C,25180.26,sell,100.0,BTC-CDIAG-30JUN23_28APR23-50000_32000,68458
697,245363316,2023-03-15 13:22:00,2,0.009,0.00942102,72.18,BTC-30JUN23-50000-C,25205.37,sell,100.0,BTC-CDIAG-30JUN23_28APR23-50000_32000,68460
698,245365757,2023-03-15 13:24:53,0,0.0095,0.00974123,73.07,BTC-30JUN23-50000-C,25159.92,sell,100.0,BTC-CDIAG-30JUN23_28APR23-50000_32000,68462
699,245380890,2023-03-15 14:03:19,0,0.0097,0.00888655,74.42,BTC-30JUN23-50000-C,24842.96,buy,12.5,BTC-CDIAG-30JUN23_28APR23-50000_32000,68471
700,245382173,2023-03-15 14:06:11,2,0.0095,0.00911858,73.75,BTC-30JUN23-50000-C,24964.01,buy,0.2,,
701,245385794,2023-03-15 14:14:52,0,0.0097,0.00890777,74.26,BTC-30JUN23-50000-C,24886.27,buy,25.0,BTC-CDIAG-30JUN23_28APR23-50000_32000,68473
702,245386229,2023-03-15 14:15:41,1,0.0097,0.00897324,74.15,BTC-30JUN23-50000-C,24933.36,buy,100.0,BTC-CDIAG-30JUN23_28APR23-50000_32000,68474
703,245386581,2023-03-15 14:17:00,1,0.0097,0.00901344,74.09,BTC-30JUN23-50000-C,24946.07,buy,12.5,BTC-CDIAG-30JUN23_28APR23-50000_32000,68476
704,245386655,2023-03-15 14:17:16,1,0.0097,0.00892828,74.22,BTC-30JUN23-50000-C,24903.25,buy,50.0,BTC-CDIAG-30JUN23_28APR23-50000_32000,68477
705,245635557,2023-03-16 11:48:02,2,0.0085,0.00795277,72.94,BTC-30JUN23-50000-C,24853.71,buy,1.1,,
706,245635558,2023-03-16 11:48:02,3,0.0085,0.00795277,72.94,BTC-30JUN23-50000-C,24853.71,buy,15.0,,
707,245635559,2023-03-16 11:48:02,3,0.0085,0.00795277,72.94,BTC-30JUN23-50000-C,24853.71,buy,5.0,,
708,245635560,2023-03-16 11:48:02,3,0.0085,0.00795277,72.94,BTC-30JUN23-50000-C,24853.71,buy,4.0,,
709,245635561,2023-03-16 11:48:02,3,0.0085,0.00795277,72.94,BTC-30JUN23-50000-C,24853.71,sell,14.9,,
710,245734529,2023-03-16 21:47:14,3,0.0085,0.00854083,72.66,BTC-30JUN23-50000-C,24993.01,sell,1.4,,
711,245734616,2023-03-16 21:47:32,3,0.0085,0.0085564,72.66,BTC-30JUN23-50000-C,25007.83,sell,1.4,,
712,245764257,2023-03-17 01:41:14,0,0.0095,0.00942203,72.83,BTC-30JUN23-50000-C,25458.77,buy,0.1,,
713,245764271,2023-03-17 01:41:14,1,0.0095,0.00942203,72.83,BTC-30JUN23-50000-C,25458.77,buy,0.1,,
714,245764282,2023-03-17 01:41:14,1,0.0095,0.00942787,72.83,BTC-30JUN23-50000-C,25458.77,buy,0.1,,
715,245764300,2023-03-17 01:41:15,1,0.0095,0.00944887,72.77,BTC-30JUN23-50000-C,25468.23,buy,0.1,,
716,245764313,2023-03-17 01:41:16,1,0.0095,0.00944887,72.74,BTC-30JUN23-50000-C,25474.13,buy,0.1,,
717,245765062,2023-03-17 01:42:03,1,0.0095,0.00948285,72.7,BTC-30JUN23-50000-C,25494.76,buy,0.2,,
718,245765162,2023-03-17 01:42:10,1,0.0095,0.00950562,72.67,BTC-30JUN23-50000-C,25500.73,buy,0.3,,
719,245841311,2023-03-17 06:44:09,0,0.011,0.01093842,72.54,BTC-30JUN23-50000-C,26207.05,buy,0.6,,
720,245841312,2023-03-17 06:44:09,1,0.011,0.01093842,72.54,BTC-30JUN23-50000-C,26207.05,buy,0.1,,
721,245850391,2023-03-17 07:07:59,1,0.011,0.010709,72.98,BTC-30JUN23-50000-C,26086.11,buy,3.7,,
722,245850392,2023-03-17 07:07:59,1,0.011,0.010709,72.98,BTC-30JUN23-50000-C,26086.11,buy,1.3,,
723,245850640,2023-03-17 07:08:58,1,0.011,0.01066054,73.03,BTC-30JUN23-50000-C,26070.63,buy,2.7,,
724,245850641,2023-03-17 07:08:58,1,0.011,0.01066054,73.03,BTC-30JUN23-50000-C,26070.63,buy,0.2,,
725,245908173,2023-03-17 09:15:42,2,0.0095,0.00990547,70.8,BTC-30JUN23-50000-C,26094.74,sell,5.0,,
726,245908963,2023-03-17 09:25:46,3,0.0095,0.00994604,70.8,BTC-30JUN23-50000-C,26089.29,sell,2.0,,
727,245908964,2023-03-17 09:25:46,3,0.0095,0.00994604,70.8,BTC-30JUN23-50000-C,26089.29,buy,3.5,,
728,245908965,2023-03-17 09:25:46,3,0.0095,0.00994604,70.8,BTC-30JUN23-50000-C,26089.29,buy,4.5,,
729,245909180,2023-03-17 09:27:49,3,0.0095,0.00993516,70.83,BTC-30JUN23-50000-C,26076.37,sell,2.5,,
730,245918020,2023-03-17 10:03:33,0,0.0105,0.01032801,71.21,BTC-30JUN23-50000-C,26414.44,buy,4.0,,
731,245918021,2023-03-17 10:03:33,1,0.0105,0.01032801,71.21,BTC-30JUN23-50000-C,26414.44,buy,2.4,,
732,245926818,2023-03-17 10:23:28,0,0.011,0.01078901,71.3,BTC-30JUN23-50000-C,26581.01,buy,0.5,,
733,245926819,2023-03-17 10:23:28,1,0.011,0.01078901,71.3,BTC-30JUN23-50000-C,26581.01,buy,4.0,,
734,245940668,2023-03-17 10:49:46,0,0.012,0.01147662,72.13,BTC-30JUN23-50000-C,26757.88,buy,1.4,,
735,245957713,2023-03-17 11:51:28,0,0.0125,0.01209367,72.48,BTC-30JUN23-50000-C,26873.92,buy,0.1,,
736,245958320,2023-03-17 11:54:14,1,0.0125,0.01218164,72.27,BTC-30JUN23-50000-C,26939.81,buy,0.1,,
737,245961040,2023-03-17 12:00:51,1,0.0125,0.01208498,72.15,BTC-30JUN23-50000-C,26975.07,buy,0.1,,
738,245965366,2023-03-17 12:11:44,2,0.0115,0.0118077,71.44,BTC-30JUN23-50000-C,26796.66,sell,0.1,,
739,245965370,2023-03-17 12:11:45,3,0.0115,0.01180996,71.46,BTC-30JUN23-50000-C,26793.4,sell,0.1,,
740,245965373,2023-03-17 12:11:45,3,0.0115,0.01180996,71.46,BTC-30JUN23-50000-C,26793.4,sell,0.1,,
741,245965709,2023-03-17 12:12:42,3,0.0115,0.01185562,71.35,BTC-30JUN23-50000-C,26820.91,buy,5.3,,
742,245965710,2023-03-17 12:12:42,3,0.0115,0.01185562,71.35,BTC-30JUN23-50000-C,26820.91,buy,1.7,,
743,245965782,2023-03-17 12:13:03,3,0.0115,0.01176866,71.43,BTC-30JUN23-50000-C,26796.1,buy,5.5,,
744,245990033,2023-03-17 13:33:05,3,0.0115,0.01126119,71.89,BTC-30JUN23-50000-C,26648.47,buy,0.1,,
745,245990034,2023-03-17 13:33:05,3,0.0115,0.01126119,71.89,BTC-30JUN23-50000-C,26648.47,buy,4.0,,
746,245990035,2023-03-17 13:33:05,3,0.0115,0.01126119,71.89,BTC-30JUN23-50000-C,26648.47,sell,0.9,,
747,246109416,2023-03-17 21:30:17,0,0.012,0.0115328,71.73,BTC-30JUN23-50000-C,26892.75,buy,1.3,,
748,246109417,2023-03-17 21:30:17,1,0.012,0.0115328,71.73,BTC-30JUN23-50000-C,26892.75,buy,4.8,,
749,246109418,2023-03-17 21:30:17,1,0.012,0.0115328,71.73,BTC-30JUN23-50000-C,26892.75,sell,15.0,,
750,246109419,2023-03-17 21:30:17,1,0.012,0.0115328,71.73,BTC-30JUN23-50000-C,26892.75,sell,23.4,,
751,246109423,2023-03-17 21:30:18,1,0.012,0.0115328,71.73,BTC-30JUN23-50000-C,26892.75,sell,1.5,,
752,246109424,2023-03-17 21:30:18,1,0.012,0.0115328,71.75,BTC-30JUN23-50000-C,26886.69,sell,4.0,,
753,246110146,2023-03-17 21:36:17,0,0.0125,0.01186747,72.18,BTC-30JUN23-50000-C,26957.34,buy,0.7,,
754,246110147,2023-03-17 21:36:17,1,0.0125,0.01186747,72.18,BTC-30JUN23-50000-C,26957.34,buy,1.0,,
755,246110148,2023-03-17 21:36:17,1,0.0125,0.01186747,72.18,BTC-30JUN23-50000-C,26957.34,buy,0.2,,
756,246110149,2023-03-17 21:36:17,1,0.0125,0.01186747,72.18,BTC-30JUN23-50000-C,26957.34,buy,1.3,,
757,246110150,2023-03-17 21:36:17,1,0.0125,0.01186747,72.18,BTC-30JUN23-50000-C,26957.34,buy,2.8,,
758,246110154,2023-03-17 21:36:17,1,0.0125,0.01186747,72.18,BTC-30JUN23-50000-C,26957.34,sell,24.3,,
759,246110162,2023-03-17 21:36:17,1,0.0125,0.01186747,72.18,BTC-30JUN23-50000-C,26957.34,sell,15.0,,
760,246110164,2023-03-17 21:36:18,1,0.0125,0.01186918,72.18,BTC-30JUN23-50000-C,26958.2,sell,4.7,,
761,246118732,2023-03-17 21:47:43,1,0.0125,0.01250123,72.11,BTC-30JUN23-50000-C,26995.07,buy,0.4,,
762,246118736,2023-03-17 21:47:43,1,0.0125,0.01250123,72.11,BTC-30JUN23-50000-C,26995.07,buy,0.2,,
763,246118743,2023-03-17 21:47:44,1,0.0125,0.012456,72.11,BTC-30JUN23-50000-C,26996.04,buy,0.1,,
764,246118756,2023-03-17 21:47:47,1,0.0125,0.01243332,72.1,BTC-30JUN23-50000-C,26995.57,buy,0.3,,
765,246120009,2023-03-17 21:49:11,2,0.012,0.01226765,71.79,BTC-30JUN23-50000-C,26898.53,sell,8.0,,
766,246126824,2023-03-17 22:00:40,0,0.013,0.01286065,72.04,BTC-30JUN23-50000-C,27197.81,sell,0.5,,
767,246128753,2023-03-17 22:02:47,1,0.013,0.0130288,71.97,BTC-30JUN23-50000-C,27215.68,sell,0.5,,
768,246130121,2023-03-17 22:04:56,1,0.013,0.01258658,72.4,BTC-30JUN23-50000-C,27079.91,buy,20.0,,
769,246130425,2023-03-17 22:05:31,0,0.0135,0.01288898,72.7,BTC-30JUN23-50000-C,27164.54,buy,15.0,,
770,246130426,2023-03-17 22:05:31,1,0.0135,0.01288898,72.7,BTC-30JUN23-50000-C,27164.54,sell,2.5,,
771,246132803,2023-03-17 22:08:26,0,0.014,0.01338375,72.79,BTC-30JUN23-50000-C,27315.33,buy,15.0,,
772,246132804,2023-03-17 22:08:26,1,0.014,0.01338375,72.79,BTC-30JUN23-50000-C,27315.33,buy,2.3,,
773,246132808,2023-03-17 22:08:26,1,0.014,0.01337175,72.79,BTC-30JUN23-50000-C,27315.33,sell,2.7,,
774,246132960,2023-03-17 22:08:36,1,0.014,0.01332905,72.81,BTC-30JUN23-50000-C,27313.7,buy,2.5,,
775,246162882,2023-03-17 22:50:13,0,0.0155,0.01535016,73.15,BTC-30JUN23-50000-C,27727.77,buy,0.1,,
776,246175114,2023-03-17 23:14:58,2,0.015,0.01532596,72.93,BTC-30JUN23-50000-C,27618.98,buy,2.0,,
777,246191900,2023-03-17 23:59:06,2,0.014,0.01442917,72.45,BTC-30JUN23-50000-C,27444.8,sell,0.3,,
778,246191909,2023-03-17 23:59:07,3,0.014,0.01442501,72.46,BTC-30JUN23-50000-C,27450.47,sell,0.1,,
779,246191913,2023-03-17 23:59:10,3,0.014,0.01444071,72.44,BTC-30JUN23-50000-C,27450.55,sell,0.1,,
780,246191920,2023-03-17 23:59:10,3,0.014,0.01443864,72.44,BTC-30JUN23-50000-C,27448.9,sell,0.1,,
781,246191925,2023-03-17 23:59:12,3,0.014,0.01443579,72.45,BTC-30JUN23-50000-C,27446.9,sell,0.1,,
782,246192797,2023-03-18 00:01:21,3,0.014,0.01426066,72.53,BTC-30JUN23-50000-C,27419.42,sell,4.2,,
783,246192799,2023-03-18 00:01:21,3,0.014,0.01426066,72.53,BTC-30JUN23-50000-C,27416.97,sell,4.2,,
784,246192804,2023-03-18 00:01:21,3,0.014,0.01425751,72.53,BTC-30JUN23-50000-C,27416.97,sell,4.2,,
785,246192814,2023-03-18 00:01:22,3,0.014,0.01425751,72.53,BTC-30JUN23-50000-C,27416.97,sell,1.7,,
786,246231040,2023-03-18 01:55:47,2,0.0135,0.01299897,72.07,BTC-30JUN23-50000-C,27375.81,buy,1.2,,
787,246248679,2023-03-18 03:36:59,2,0.013,0.01307913,71.54,BTC-30JUN23-50000-C,27370.83,sell,1.0,,
788,246309535,2023-03-18 10:31:24,0,0.014,0.01344418,72.54,BTC-30JUN23-50000-C,27461.47,buy,20.0,,
789,246317108,2023-03-18 12:16:30,0,0.0145,0.01466977,73.09,BTC-30JUN23-50000-C,27455.05,buy,0.1,,
790,246382197,2023-03-18 17:35:07,1,0.0145,0.01471593,74.38,BTC-30JUN23-50000-C,27115.22,buy,1.0,,
791,246400843,2023-03-18 20:41:02,0,0.015,0.0148847,73.82,BTC-30JUN23-50000-C,27469.41,sell,1.0,,
792,246401129,2023-03-18 20:43:37,1,0.015,0.01498725,73.78,BTC-30JUN23-50000-C,27481.63,sell,0.6,,
793,246405095,2023-03-18 21:47:31,1,0.015,0.01510524,74.3,BTC-30JUN23-50000-C,27318.49,sell,0.4,,
794,246436209,2023-03-19 01:20:51,0,0.0155,0.01498245,75.46,BTC-30JUN23-50000-C,27138.59,buy,10.0,,
795,246437608,2023-03-19 01:43:34,2,0.015,0.01557463,74.76,BTC-30JUN23-50000-C,27188.91,sell,1.0,,
796,246438333,2023-03-19 01:56:08,3,0.015,0.0149061,74.81,BTC-30JUN23-50000-C,27171.56,buy,4.0,,
797,246447287,2023-03-19 04:33:08,0,0.0155,0.01521721,75.23,BTC-30JUN23-50000-C,27221.87,buy,0.1,,
798,246474816,2023-03-19 08:30:35,1,0.0155,0.01605106,75.75,BTC-30JUN23-50000-C,27104.16,sell,0.1,,
799,246481128,2023-03-19 09:37:28,0,0.017,0.01785728,77.38,BTC-30JUN23-50000-C,27103.4,sell,0.8,,
800,246499929,2023-03-19 12:40:37,1,0.017,0.01678428,76.65,BTC-30JUN23-50000-C,27329.75,sell,1.0,,
801,246564387,2023-03-19 16:53:20,0,0.019,0.01920994,75.82,BTC-30JUN23-50000-C,28185.17,buy,4.0,,
802,246614921,2023-03-19 19:49:41,0,0.022,0.02095207,78.36,BTC-30JUN23-50000-C,28303.1,buy,1.0,,
803,246639903,2023-03-19 21:13:13,2,0.021,0.02122825,77.97,BTC-30JUN23-50000-C,28152.11,sell,12.5,,
804,246644260,2023-03-19 21:37:06,0,0.0215,0.02155434,78.65,BTC-30JUN23-50000-C,28096.78,sell,5.0,,
805,246659032,2023-03-19 22:47:20,0,0.0225,0.02208648,79.27,BTC-30JUN23-50000-C,28180.6,buy,3.0,,
806,246662300,2023-03-19 23:13:00,1,0.0225,0.02203236,79.13,BTC-30JUN23-50000-C,28226.89,buy,1.0,,
807,246687560,2023-03-20 01:03:01,2,0.0215,0.02136357,79.93,BTC-30JUN23-50000-C,27734.98,sell,9.7,,
808,246687597,2023-03-20 01:03:02,3,0.0215,0.02136357,79.93,BTC-30JUN23-50000-C,27734.98,sell,0.1,,
809,246687612,2023-03-20 01:03:02,3,0.0215,0.02136357,79.93,BTC-30JUN23-50000-C,27734.98,sell,0.1,,
810,246687626,2023-03-20 01:03:02,3,0.0215,0.02136357,79.93,BTC-30JUN23-50000-C,27734.98,sell,0.1,,
811,246704487,2023-03-20 02:25:53,2,0.021,0.02122604,79.4,BTC-30JUN23-50000-C,27759.22,sell,10.0,,
812,246704867,2023-03-20 02:29:26,2,0.02,0.02095141,78.49,BTC-30JUN23-50000-C,27747.69,sell,1.8,,
813,246704868,2023-03-20 02:29:26,3,0.02,0.02095141,78.49,BTC-30JUN23-50000-C,27747.69,sell,21.0,,
814,246704869,2023-03-20 02:29:26,3,0.02,0.02095141,78.49,BTC-30JUN23-50000-C,27747.69,buy,7.2,,
815,246727997,2023-03-20 03:34:35,2,0.0185,0.01846393,78.42,BTC-30JUN23-50000-C,27336.15,sell,1.4,,
816,246728243,2023-03-20 03:34:54,3,0.0185,0.01847382,78.44,BTC-30JUN23-50000-C,27328.62,sell,0.5,,
817,246728306,2023-03-20 03:34:57,3,0.0185,0.0184601,78.45,BTC-30JUN23-50000-C,27324.04,sell,0.5,,
818,246729770,2023-03-20 03:37:39,0,0.019,0.01876208,78.78,BTC-30JUN23-50000-C,27397.98,sell,2.8,,
819,246740632,2023-03-20 04:13:24,0,0.02,0.02039424,79.42,BTC-30JUN23-50000-C,27493.32,sell,2.0,,
820,246765449,2023-03-20 06:59:40,2,0.0195,0.02020459,78.23,BTC-30JUN23-50000-C,27723.5,sell,0.7,,
821,246765482,2023-03-20 06:59:44,3,0.0195,0.02017617,78.28,BTC-30JUN23-50000-C,27708.86,sell,0.1,,
822,246765563,2023-03-20 07:00:25,3,0.0195,0.02026372,78.18,BTC-30JUN23-50000-C,27732.73,sell,0.1,,
823,246765566,2023-03-20 07:00:30,3,0.0195,0.02026697,78.17,BTC-30JUN23-50000-C,27733.38,sell,0.1,,
824,246765693,2023-03-20 07:01:49,0,0.021,0.02044531,79.46,BTC-30JUN23-50000-C,27775.0,buy,1.0,,
825,246780155,2023-03-20 07:43:05,1,0.021,0.02123698,77.82,BTC-30JUN23-50000-C,28262.66,buy,0.6,,
826,246781214,2023-03-20 07:44:26,1,0.021,0.02106904,77.86,BTC-30JUN23-50000-C,28254.72,buy,1.4,,
827,246786183,2023-03-20 07:54:09,0,0.022,0.02137729,78.6,BTC-30JUN23-50000-C,28301.65,buy,0.7,,
828,246788704,2023-03-20 07:59:13,2,0.0205,0.02125204,77.3,BTC-30JUN23-50000-C,28279.27,sell,0.6,,
829,246788705,2023-03-20 07:59:13,3,0.0205,0.02125204,77.3,BTC-30JUN23-50000-C,28279.27,sell,4.0,,
830,246788706,2023-03-20 07:59:13,3,0.0205,0.02125204,77.3,BTC-30JUN23-50000-C,28279.27,sell,5.4,,
831,246788707,2023-03-20 07:59:13,3,0.0205,0.02125204,77.3,BTC-30JUN23-50000-C,28279.27,sell,3.0,,
832,246801704,2023-03-20 08:34:09,0,0.0215,0.02164797,78.26,BTC-30JUN23-50000-C,28281.61,sell,10.0,,
833,246823442,2023-03-20 09:37:37,1,0.0215,0.02149864,78.72,BTC-30JUN23-50000-C,28156.78,sell,0.1,,
834,246823482,2023-03-20 09:37:45,1,0.0215,0.0215497,78.68,BTC-30JUN23-50000-C,28173.72,sell,0.1,,
835,246823484,2023-03-20 09:37:45,1,0.0215,0.02154359,78.68,BTC-30JUN23-50000-C,28173.72,sell,0.1,,
836,246823489,2023-03-20 09:37:46,1,0.0215,0.02154359,78.7,BTC-30JUN23-50000-C,28164.73,sell,0.1,,
837,246825082,2023-03-20 09:44:58,1,0.0215,0.02166953,78.63,BTC-30JUN23-50000-C,28183.17,sell,100.0,,69181
838,246825222,2023-03-20 09:45:55,1,0.0215,0.02176971,78.53,BTC-30JUN23-50000-C,28216.63,sell,9.6,,
839,246826027,2023-03-20 09:51:59,2,0.021,0.02171863,78.11,BTC-30JUN23-50000-C,28201.86,sell,0.1,,
840,246829084,2023-03-20 10:09:53,0,0.0213,0.02181075,78.02,BTC-30JUN23-50000-C,28321.68,sell,50.0,,69185
841,246830738,2023-03-20 10:14:23,0,0.022,0.0210271,79.46,BTC-30JUN23-50000-C,28058.63,buy,2.0,,
842,246835641,2023-03-20 10:38:32,1,0.022,0.02142979,78.97,BTC-30JUN23-50000-C,28245.06,buy,4.0,,
843,246835642,2023-03-20 10:38:32,1,0.022,0.02142979,78.97,BTC-30JUN23-50000-C,28245.06,buy,2.4,,
844,246835643,2023-03-20 10:38:32,1,0.022,0.02142979,78.97,BTC-30JUN23-50000-C,28245.06,sell,1.6,,
845,246914879,2023-03-20 17:03:35,2,0.02,0.01931799,79.05,BTC-30JUN23-50000-C,27646.91,buy,4.0,,
846,246914880,2023-03-20 17:03:35,0,0.0205,0.01931799,79.54,BTC-30JUN23-50000-C,27646.91,buy,1.2,,
847,246914881,2023-03-20 17:03:35,1,0.0205,0.01931799,79.54,BTC-30JUN23-50000-C,27646.91,buy,32.0,,
848,246914882,2023-03-20 17:03:35,1,0.0205,0.01931799,79.54,BTC-30JUN23-50000-C,27646.91,buy,16.3,,
849,246914883,2023-03-20 17:03:35,1,0.0205,0.01931799,79.54,BTC-30JUN23-50000-C,27646.91,buy,4.4,,
850,246918671,2023-03-20 17:16:11,2,0.02,0.02052029,78.49,BTC-30JUN23-50000-C,27807.29,sell,1.8,,
851,246993475,2023-03-20 23:26:02,3,0.02,0.02006371,78.4,BTC-30JUN23-50000-C,27894.92,sell,2.4,,
852,246993476,2023-03-20 23:26:02,3,0.02,0.02006371,78.4,BTC-30JUN23-50000-C,27894.92,buy,7.6,,
853,247002392,2023-03-21 00:11:49,2,0.019,0.0190209,77.88,BTC-30JUN23-50000-C,27757.54,sell,2.0,,
854,247008034,2023-03-21 00:49:18,0,0.02,0.01970988,78.03,BTC-30JUN23-50000-C,28007.64,sell,1.0,,
855,247008133,2023-03-21 00:50:03,0,0.0205,0.01991505,78.57,BTC-30JUN23-50000-C,27990.19,sell,2.0,,
856,247021388,2023-03-21 02:41:40,1,0.0205,0.02044468,78.85,BTC-30JUN23-50000-C,27923.45,buy,0.5,,
857,247021413,2023-03-21 02:42:00,1,0.0205,0.02044693,78.84,BTC-30JUN23-50000-C,27926.88,buy,0.4,,
858,247048438,2023-03-21 06:45:29,1,0.0205,0.01999097,79.37,BTC-30JUN23-50000-C,27797.06,buy,0.1,,
859,247048439,2023-03-21 06:45:29,1,0.0205,0.01999097,79.37,BTC-30JUN23-50000-C,27797.06,buy,0.1,,
860,247048605,2023-03-21 06:46:33,1,0.0205,0.01997322,79.43,BTC-30JUN23-50000-C,27777.85,buy,1.3,,
861,247048606,2023-03-21 06:46:33,1,0.0205,0.01997322,79.43,BTC-30JUN23-50000-C,27777.85,sell,3.7,,
862,247071013,2023-03-21 08:04:01,2,0.02,0.02029922,79.66,BTC-30JUN23-50000-C,27589.7,sell,2.8,,
863,247071760,2023-03-21 08:06:27,2,0.0195,0.02041479,79.01,BTC-30JUN23-50000-C,27639.72,sell,2.1,,
864,247071761,2023-03-21 08:06:27,3,0.0195,0.02041479,79.01,BTC-30JUN23-50000-C,27639.72,sell,9.1,,
865,247071815,2023-03-21 08:06:52,2,0.019,0.02035521,78.53,BTC-30JUN23-50000-C,27637.14,sell,1.9,,
866,247071816,2023-03-21 08:06:52,3,0.019,0.02035521,78.53,BTC-30JUN23-50000-C,27637.14,sell,26.0,,
867,247071817,2023-03-21 08:06:52,3,0.019,0.02035521,78.53,BTC-30JUN23-50000-C,27637.14,sell,11.0,,
868,247071834,2023-03-21 08:06:53,3,0.019,0.02032129,78.53,BTC-30JUN23-50000-C,27637.41,sell,3.8,,
869,247072246,2023-03-21 08:08:30,2,0.0185,0.01957264,78.03,BTC-30JUN23-50000-C,27641.01,sell,2.4,,
870,247072254,2023-03-21 08:08:31,3,0.0185,0.01956079,78.04,BTC-30JUN23-50000-C,27639.56,sell,4.1,,
871,247072274,2023-03-21 08:08:43,3,0.0185,0.01951245,78.03,BTC-30JUN23-50000-C,27644.06,sell,3.7,,
872,247072978,2023-03-21 08:13:12,0,0.019,0.01876731,78.72,BTC-30JUN23-50000-C,27589.8,buy,1.4,,
873,247073203,2023-03-21 08:15:21,2,0.0185,0.01875623,78.13,BTC-30JUN23-50000-C,27613.15,buy,0.1,,
874,247128218,2023-03-21 13:18:38,0,0.021,0.02068675,78.79,BTC-30JUN23-50000-C,28115.66,buy,4.8,,
875,247135797,2023-03-21 14:07:43,2,0.0205,0.0205336,78.67,BTC-30JUN23-50000-C,28044.73,buy,0.8,,
876,247155060,2023-03-21 16:21:40,0,0.021,0.02059881,78.7,BTC-30JUN23-50000-C,28180.86,buy,0.1,,
877,247186509,2023-03-21 17:53:15,0,0.0211,0.02071418,79.06,BTC-30JUN23-50000-C,28126.38,sell,50.0,BTC-RR-30JUN23-23000_50000,69438
878,247224712,2023-03-21 22:16:25,2,0.021,0.02127796,79.07,BTC-30JUN23-50000-C,28104.14,sell,1.0,,
879,247226377,2023-03-21 22:34:32,3,0.021,0.021113,79.29,BTC-30JUN23-50000-C,28054.07,sell,10.0,,
880,247226713,2023-03-21 22:37:16,3,0.021,0.02107673,79.35,BTC-30JUN23-50000-C,28032.19,sell,4.0,,
881,247227352,2023-03-21 22:44:49,2,0.0205,0.02081625,78.91,BTC-30JUN23-50000-C,28027.04,sell,11.2,,
882,247227635,2023-03-21 22:47:52,2,0.02,0.02067601,78.4,BTC-30JUN23-50000-C,28046.49,sell,1.9,,
883,247227636,2023-03-21 22:47:52,3,0.02,0.02067601,78.4,BTC-30JUN23-50000-C,28046.49,sell,15.0,,
884,247227659,2023-03-21 22:48:11,3,0.02,0.02067025,78.4,BTC-30JUN23-50000-C,28047.74,sell,15.0,,
885,247251360,2023-03-22 02:09:36,0,0.0215,0.02103009,79.38,BTC-30JUN23-50000-C,28179.71,buy,2.9,,
886,247253705,2023-03-22 02:35:17,0,0.0225,0.02163656,80.32,BTC-30JUN23-50000-C,28168.37,buy,0.1,,
887,247279552,2023-03-22 06:21:16,1,0.0225,0.02194199,80.07,BTC-30JUN23-50000-C,28251.3,buy,1.9,,
888,247279553,2023-03-22 06:21:16,1,0.0225,0.02194199,80.07,BTC-30JUN23-50000-C,28251.3,buy,3.1,,
889,247298841,2023-03-22 08:44:04,2,0.0215,0.02198172,79.33,BTC-30JUN23-50000-C,28215.45,sell,1.0,,
890,247298940,2023-03-22 08:45:37,2,0.021,0.02191312,78.89,BTC-30JUN23-50000-C,28201.26,sell,1.2,,
891,247304407,2023-03-22 09:33:23,2,0.0205,0.02007771,78.55,BTC-30JUN23-50000-C,28183.25,buy,1.0,,
892,247316396,2023-03-22 12:07:28,2,0.0192,0.01894745,77.25,BTC-30JUN23-50000-C,28180.22,buy,50.0,BTC-CS-30JUN23-50000_55000,69526
893,247317626,2023-03-22 12:18:31,3,0.0192,0.01907144,77.04,BTC-30JUN23-50000-C,28256.59,buy,50.0,BTC-CS-30JUN23-50000_55000,69527
894,247325518,2023-03-22 13:33:23,0,0.0195,0.01927251,76.79,BTC-30JUN23-50000-C,28383.8,buy,1.0,,
895,247325519,2023-03-22 13:33:34,1,0.0195,0.01923538,76.82,BTC-30JUN23-50000-C,28380.75,buy,2.0,,
896,247328604,2023-03-22 13:50:52,1,0.0195,0.01912196,76.78,BTC-30JUN23-50000-C,28406.85,buy,1.0,,
897,247365175,2023-03-22 16:30:22,2,0.0189,0.0195022,75.37,BTC-30JUN23-50000-C,28658.13,sell,50.0,BTC-CBUT-30JUN23-40000_50000_60000,69617
898,247365200,2023-03-22 16:30:42,0,0.0193,0.01954559,75.71,BTC-30JUN23-50000-C,28672.04,buy,20.0,BTC-CBUT-30JUN23-40000_50000_60000,69618
899,247365233,2023-03-22 16:30:59,0,0.0194,0.01954569,75.81,BTC-30JUN23-50000-C,28673.59,sell,50.0,BTC-CBUT-30JUN23-40000_50000_60000,69619
900,247368747,2023-03-22 16:55:24,0,0.0195,0.01909442,75.77,BTC-30JUN23-50000-C,28709.52,buy,4.0,,
901,247368748,2023-03-22 16:55:24,0,0.02,0.01909442,76.26,BTC-30JUN23-50000-C,28709.52,buy,1.9,,
902,247368749,2023-03-22 16:55:24,1,0.02,0.01909442,76.26,BTC-30JUN23-50000-C,28709.52,buy,15.0,,
903,247368750,2023-03-22 16:55:24,1,0.02,0.01909442,76.26,BTC-30JUN23-50000-C,28709.52,buy,3.4,,
904,247372534,2023-03-22 17:17:32,1,0.02,0.01919571,76.77,BTC-30JUN23-50000-C,28560.57,buy,0.2,,
905,247373286,2023-03-22 17:19:54,1,0.02,0.01919546,76.85,BTC-30JUN23-50000-C,28529.56,buy,0.2,,
906,247373501,2023-03-22 17:20:56,1,0.02,0.01914492,76.93,BTC-30JUN23-50000-C,28513.87,buy,1.6,,
907,247374432,2023-03-22 17:22:31,1,0.02,0.01904779,77.16,BTC-30JUN23-50000-C,28449.78,buy,2.0,,
908,247375456,2023-03-22 17:24:24,1,0.02,0.01909494,77.15,BTC-30JUN23-50000-C,28455.43,buy,2.0,,
909,247383393,2023-03-22 17:51:36,2,0.019,0.0191693,76.27,BTC-30JUN23-50000-C,28441.39,buy,1.0,,
910,247389999,2023-03-22 18:00:17,0,0.0195,0.0196784,75.79,BTC-30JUN23-50000-C,28724.09,buy,2.0,,
911,247390086,2023-03-22 18:00:18,1,0.0195,0.01970006,75.75,BTC-30JUN23-50000-C,28735.2,buy,0.4,,
912,247390087,2023-03-22 18:00:18,1,0.0195,0.01970006,75.75,BTC-30JUN23-50000-C,28735.2,buy,0.2,,
913,247390183,2023-03-22 18:00:19,1,0.0195,0.01975127,75.65,BTC-30JUN23-50000-C,28761.32,buy,0.5,,
914,247390187,2023-03-22 18:00:19,1,0.0195,0.01975127,75.65,BTC-30JUN23-50000-C,28761.32,buy,0.3,,
915,247390189,2023-03-22 18:00:19,1,0.0195,0.01975127,75.65,BTC-30JUN23-50000-C,28761.32,buy,0.1,,
916,247390343,2023-03-22 18:00:20,1,0.0195,0.01982297,75.54,BTC-30JUN23-50000-C,28794.11,buy,1.4,,
917,247390344,2023-03-22 18:00:21,1,0.0195,0.01982297,75.54,BTC-30JUN23-50000-C,28794.11,buy,0.9,,
918,247390357,2023-03-22 18:00:21,1,0.0195,0.01982297,75.54,BTC-30JUN23-50000-C,28794.11,buy,9.2,,
919,247408720,2023-03-22 18:08:56,2,0.018,0.01818468,74.51,BTC-30JUN23-50000-C,28667.68,sell,2.3,,
920,247409935,2023-03-22 18:10:05,3,0.018,0.01799264,74.74,BTC-30JUN23-50000-C,28593.11,sell,15.0,,
921,247428666,2023-03-22 18:37:00,2,0.0155,0.01643852,74.36,BTC-30JUN23-50000-C,27908.87,sell,1.4,,
922,247428667,2023-03-22 18:37:00,3,0.0155,0.01643852,74.36,BTC-30JUN23-50000-C,27908.87,sell,12.6,,
923,247439826,2023-03-22 18:45:30,0,0.0175,0.017494,75.42,BTC-30JUN23-50000-C,28241.57,buy,1.0,,
924,247465536,2023-03-22 19:06:40,2,0.0165,0.01536124,76.78,BTC-30JUN23-50000-C,27532.76,buy,0.1,,
925,247465537,2023-03-22 19:06:40,3,0.0165,0.01536124,76.78,BTC-30JUN23-50000-C,27532.76,buy,0.1,,
926,247465544,2023-03-22 19:06:40,3,0.0165,0.01536682,76.78,BTC-30JUN23-50000-C,27532.76,buy,0.1,,
927,247465545,2023-03-22 19:06:40,3,0.0165,0.01536682,76.78,BTC-30JUN23-50000-C,27532.76,buy,0.1,,
928,247465895,2023-03-22 19:06:46,3,0.0165,0.01555524,76.57,BTC-30JUN23-50000-C,27568.44,buy,0.1,,
929,247465921,2023-03-22 19:06:46,3,0.0165,0.01555524,76.57,BTC-30JUN23-50000-C,27568.44,buy,0.1,,
930,247477003,2023-03-22 19:11:35,2,0.016,0.01546157,76.65,BTC-30JUN23-50000-C,27398.85,buy,0.6,,
931,247477109,2023-03-22 19:11:41,3,0.016,0.01553661,76.6,BTC-30JUN23-50000-C,27414.48,buy,0.5,,
932,247477191,2023-03-22 19:11:45,3,0.016,0.0154937,76.68,BTC-30JUN23-50000-C,27390.44,buy,0.2,,
933,247480311,2023-03-22 19:12:38,2,0.014,0.01522732,74.78,BTC-30JUN23-50000-C,27270.71,sell,13.5,,
934,247480312,2023-03-22 19:12:38,3,0.014,0.01522732,74.78,BTC-30JUN23-50000-C,27270.71,sell,6.7,,
935,247480313,2023-03-22 19:12:38,3,0.014,0.01522732,74.78,BTC-30JUN23-50000-C,27270.71,buy,1.0,,
936,247480314,2023-03-22 19:12:38,3,0.014,0.01522732,74.78,BTC-30JUN23-50000-C,27270.71,buy,18.2,,
937,247480315,2023-03-22 19:12:38,3,0.014,0.01522732,74.78,BTC-30JUN23-50000-C,27270.71,buy,69.6,,
938,247481576,2023-03-22 19:13:26,0,0.016,0.01535302,76.88,BTC-30JUN23-50000-C,27333.64,buy,0.5,,
939,247481578,2023-03-22 19:13:26,1,0.016,0.01535302,76.83,BTC-30JUN23-50000-C,27350.12,buy,0.1,,
940,247481675,2023-03-22 19:13:31,1,0.016,0.01538497,76.84,BTC-30JUN23-50000-C,27350.01,buy,0.2,,
941,247481955,2023-03-22 19:13:41,1,0.016,0.01536902,76.9,BTC-30JUN23-50000-C,27329.83,buy,0.1,,
942,247482043,2023-03-22 19:13:46,1,0.016,0.01535623,76.88,BTC-30JUN23-50000-C,27335.58,buy,0.3,,
943,247488614,2023-03-22 19:19:55,2,0.0155,0.01575881,75.94,BTC-30JUN23-50000-C,27453.32,sell,2.0,,
944,247489280,2023-03-22 19:20:49,3,0.0155,0.01595202,75.7,BTC-30JUN23-50000-C,27531.64,sell,2.0,,
945,247493203,2023-03-22 19:26:33,3,0.0155,0.01591885,75.49,BTC-30JUN23-50000-C,27596.23,sell,1.0,,
946,247530032,2023-03-22 20:10:59,2,0.014,0.01426496,75.74,BTC-30JUN23-50000-C,27000.34,sell,3.5,,
947,247534374,2023-03-22 20:17:52,0,0.0145,0.01453954,75.75,BTC-30JUN23-50000-C,27185.86,buy,0.6,,
948,247541402,2023-03-22 20:36:31,2,0.014,0.01431886,75.26,BTC-30JUN23-50000-C,27150.62,buy,1.0,,
949,247544839,2023-03-22 20:47:07,3,0.014,0.01445492,74.75,BTC-30JUN23-50000-C,27299.33,sell,3.0,,
950,247553232,2023-03-22 21:09:04,0,0.0155,0.01493224,75.91,BTC-30JUN23-50000-C,27481.73,buy,0.1,,
951,247562503,2023-03-22 21:39:30,2,0.0136,0.01357783,74.55,BTC-30JUN23-50000-C,27222.39,sell,50.0,BTC-CBUT-30JUN23-40000_50000_55000,69683
952,247562859,2023-03-22 21:40:42,2,0.0134,0.01356269,74.3,BTC-30JUN23-50000-C,27217.16,sell,50.0,BTC-CBUT-30JUN23-40000_50000_55000,69684
953,247564189,2023-03-22 21:44:46,2,0.0131,0.01346178,74.1,BTC-30JUN23-50000-C,27163.32,sell,50.0,BTC-CBUT-30JUN23-40000_50000_55000,69687
954,247564400,2023-03-22 21:45:15,0,0.0133,0.01357698,74.21,BTC-30JUN23-50000-C,27206.3,sell,50.0,BTC-CBUT-30JUN23-40000_50000_55000,69688
955,247576772,2023-03-22 22:45:08,2,0.0125,0.01289805,73.53,BTC-30JUN23-50000-C,27132.58,buy,0.2,,
956,247577084,2023-03-22 22:47:52,3,0.0125,0.01272346,73.59,BTC-30JUN23-50000-C,27117.47,buy,1.1,,
957,247587750,2023-03-22 23:59:19,3,0.0125,0.01227102,72.97,BTC-30JUN23-50000-C,27313.58,buy,1.0,,
958,247595331,2023-03-23 00:34:43,2,0.012,0.01250342,71.94,BTC-30JUN23-50000-C,27436.96,sell,0.2,,
959,247595332,2023-03-23 00:34:43,3,0.012,0.01250342,71.94,BTC-30JUN23-50000-C,27436.96,sell,1.5,,
960,247595333,2023-03-23 00:34:43,3,0.012,0.01250342,71.94,BTC-30JUN23-50000-C,27436.96,sell,3.9,,
961,247595334,2023-03-23 00:34:43,2,0.0115,0.01250342,71.29,BTC-30JUN23-50000-C,27436.96,sell,0.4,,
962,247634810,2023-03-23 04:55:04,0,0.0125,0.01284523,72.82,BTC-30JUN23-50000-C,27384.89,sell,0.1,,
963,247634811,2023-03-23 04:55:04,1,0.0125,0.01284523,72.82,BTC-30JUN23-50000-C,27384.89,sell,2.1,,
964,247645489,2023-03-23 05:48:55,0,0.013,0.01276025,72.6,BTC-30JUN23-50000-C,27660.29,buy,0.2,,
965,247645490,2023-03-23 05:48:55,1,0.013,0.01276025,72.6,BTC-30JUN23-50000-C,27660.29,buy,0.1,,
966,247645491,2023-03-23 05:48:55,1,0.013,0.01276025,72.6,BTC-30JUN23-50000-C,27660.29,buy,0.8,,
967,247659714,2023-03-23 07:10:40,0,0.014,0.01413201,73.52,BTC-30JUN23-50000-C,27721.09,sell,0.1,,
968,247662517,2023-03-23 07:32:03,1,0.014,0.01404183,73.61,BTC-30JUN23-50000-C,27689.23,buy,4.0,,
969,247679926,2023-03-23 10:03:37,2,0.0133,0.01356958,72.8,BTC-30JUN23-50000-C,27701.96,sell,125.0,BTC-CS-30JUN23-30000_50000,69712
970,247699060,2023-03-23 12:30:33,0,0.0148,0.01495579,74.74,BTC-30JUN23-50000-C,27680.05,sell,125.0,,69725
971,247700066,2023-03-23 12:35:38,2,0.0145,0.01494319,74.44,BTC-30JUN23-50000-C,27655.06,sell,0.2,,
972,247757081,2023-03-23 15:12:04,0,0.017,0.01691234,74.68,BTC-30JUN23-50000-C,28395.11,buy,1.0,,
973,247757105,2023-03-23 15:12:05,1,0.017,0.01695263,74.63,BTC-30JUN23-50000-C,28412.76,buy,9.0,,
974,247779241,2023-03-23 15:37:01,0,0.019,0.0188493,75.42,BTC-30JUN23-50000-C,28759.45,buy,0.2,,
975,247879791,2023-03-23 21:17:19,2,0.018,0.01824893,76.73,BTC-30JUN23-50000-C,28131.17,sell,0.3,,
976,247879814,2023-03-23 21:17:19,3,0.018,0.01824893,76.73,BTC-30JUN23-50000-C,28131.17,sell,0.1,,
977,247893973,2023-03-23 23:13:50,3,0.018,0.01813912,75.77,BTC-30JUN23-50000-C,28409.53,buy,0.2,,
978,247905012,2023-03-24 01:03:46,3,0.018,0.01848236,76.38,BTC-30JUN23-50000-C,28230.07,sell,1.7,,
979,247905013,2023-03-24 01:03:46,3,0.018,0.01848236,76.38,BTC-30JUN23-50000-C,28230.07,buy,0.3,,
980,247905798,2023-03-24 01:09:38,2,0.0175,0.01833591,75.92,BTC-30JUN23-50000-C,28222.49,sell,2.1,,
981,247905799,2023-03-24 01:09:38,2,0.017,0.01833591,75.39,BTC-30JUN23-50000-C,28222.49,sell,3.9,,
982,247908141,2023-03-24 01:45:26,0,0.0185,0.01818577,76.42,BTC-30JUN23-50000-C,28354.22,buy,1.4,,
983,247975203,2023-03-24 11:14:25,2,0.017,0.01754408,76.04,BTC-30JUN23-50000-C,28072.94,buy,3.0,,
984,247990606,2023-03-24 12:10:05,2,0.016,0.01620864,75.56,BTC-30JUN23-50000-C,27910.26,buy,0.1,,
