trade_seq,trade_id,timestamp,tick_direction,price,mark_price,iv,instrument_name,index_price,direction,amount,combo_id,block_trade_id,combo_trade_id,liquidation
1,198057068,2022-01-06 15:32:18,1,0.35,0.3489918,76.79,BTC-30DEC22-40000-C,42934.93,sell,0.1,,,,
2,198290949,2022-01-07 19:03:57,2,0.33,0.33238875,74.61,BTC-30DEC22-40000-C,41735.6,buy,15.0,,,,
3,198332039,2022-01-08 12:27:02,0,0.333,0.33404973,74.92,BTC-30DEC22-40000-C,41908.0,sell,3.0,,,,
4,198334624,2022-01-08 13:43:14,2,0.33,0.33173328,74.14,BTC-30DEC22-40000-C,41909.24,buy,1.0,,,,
5,198358637,2022-01-08 18:00:15,2,0.321,0.32129501,74.02,BTC-30DEC22-40000-C,40902.3,buy,1.0,,,,
6,198472643,2022-01-10 02:59:41,0,0.34,0.3371176,77.08,BTC-30DEC22-40000-C,41961.78,buy,0.1,,,,
7,198670792,2022-01-11 02:37:25,2,0.329,0.33341727,73.76,BTC-30DEC22-40000-C,42165.83,sell,0.1,,,,
8,198961660,2022-01-13 15:18:53,0,0.339,0.33891709,73.61,BTC-30DEC22-40000-C,43513.48,sell,1.0,,,,
9,199065284,2022-01-14 12:29:30,2,0.316,0.31957436,71.01,BTC-30DEC22-40000-C,42043.86,sell,1.2,,,,
10,199521874,2022-01-20 14:20:33,3,0.316,0.31674973,70.66,BTC-30DEC22-40000-C,42488.51,buy,6.0,,,,
11,199521995,2022-01-20 14:24:25,2,0.3155,0.31652597,70.5,BTC-30DEC22-40000-C,42473.25,buy,4.0,,,,
12,199522322,2022-01-20 14:30:25,2,0.315,0.31603594,70.35,BTC-30DEC22-40000-C,42433.1,buy,1.5,,,,
13,199654839,2022-01-21 02:53:15,2,0.296,0.29680444,72.43,BTC-30DEC22-40000-C,39904.99,buy,1.5,,,,
14,199684113,2022-01-21 03:41:01,2,0.281,0.28498209,72.15,BTC-30DEC22-40000-C,38609.63,buy,0.2,,,,
15,199684657,2022-01-21 03:43:13,0,0.2905,0.28595338,74.56,BTC-30DEC22-40000-C,38719.74,buy,0.2,,,,
16,199718937,2022-01-21 08:20:13,2,0.281,0.28751406,70.5,BTC-30DEC22-40000-C,39063.84,sell,3.0,,,,
17,199718938,2022-01-21 08:20:13,2,0.2805,0.28751406,70.36,BTC-30DEC22-40000-C,39063.84,sell,4.8,,,,
18,199720782,2022-01-21 08:40:48,0,0.2845,0.2868993,71.48,BTC-30DEC22-40000-C,39117.81,sell,6.0,,,,
19,199720799,2022-01-21 08:41:23,2,0.284,0.28685582,71.36,BTC-30DEC22-40000-C,39111.91,sell,4.8,,,,
20,199720848,2022-01-21 08:41:54,3,0.284,0.28691726,71.34,BTC-30DEC22-40000-C,39123.0,sell,6.0,,,,
21,199720871,2022-01-21 08:42:22,2,0.2835,0.2868277,71.21,BTC-30DEC22-40000-C,39112.59,sell,9.2,,,,
22,199725165,2022-01-21 09:30:30,0,0.284,0.28588696,71.74,BTC-30DEC22-40000-C,39062.88,buy,5.2,,,,
23,199760322,2022-01-21 13:39:56,2,0.2785,0.27967161,71.8,BTC-30DEC22-40000-C,38378.5,buy,0.1,,,,
24,199844574,2022-01-21 21:42:37,2,0.274,0.27594361,73.36,BTC-30DEC22-40000-C,37420.49,sell,0.1,,,,
25,199911638,2022-01-21 23:25:34,2,0.2635,0.26643997,72.42,BTC-30DEC22-40000-C,36710.92,sell,1.5,,,,
26,199911961,2022-01-21 23:26:27,0,0.266,0.26601876,73.21,BTC-30DEC22-40000-C,36713.25,sell,3.0,,,,
27,199927124,2022-01-22 00:41:46,2,0.2635,0.26671066,72.71,BTC-30DEC22-40000-C,36613.14,sell,0.1,,,,
28,199939455,2022-01-22 02:49:22,2,0.263,0.26437709,72.92,BTC-30DEC22-40000-C,36378.59,sell,0.3,,,,
29,199974547,2022-01-22 06:15:54,0,0.265,0.26103265,75.3,BTC-30DEC22-40000-C,35692.53,buy,0.8,,,,
30,199986189,2022-01-22 07:12:07,2,0.2605,0.26209414,73.74,BTC-30DEC22-40000-C,35797.47,sell,0.1,,,,
31,199986214,2022-01-22 07:12:40,3,0.2605,0.26189757,73.77,BTC-30DEC22-40000-C,35763.85,sell,0.1,,,,
32,199998877,2022-01-22 08:05:36,2,0.256,0.25736248,73.08,BTC-30DEC22-40000-C,35646.67,sell,7.4,,,,
33,200002031,2022-01-22 08:22:22,2,0.254,0.25618601,72.73,BTC-30DEC22-40000-C,35528.88,sell,0.1,,,,
34,200004227,2022-01-22 08:38:46,0,0.259,0.2583312,73.5,BTC-30DEC22-40000-C,35778.09,buy,0.1,,,,
35,200004228,2022-01-22 08:38:46,1,0.259,0.2583312,73.5,BTC-30DEC22-40000-C,35778.09,sell,12.0,,,,
36,200004919,2022-01-22 08:44:04,2,0.2565,0.25745157,73.02,BTC-30DEC22-40000-C,35665.52,buy,1.0,,,,
37,200005082,2022-01-22 08:45:42,3,0.2565,0.25725978,72.95,BTC-30DEC22-40000-C,35707.26,buy,1.0,,,,
38,200031082,2022-01-22 10:09:41,2,0.248,0.24583666,74.25,BTC-30DEC22-40000-C,34382.27,sell,1.0,,,,
39,200086505,2022-01-22 12:55:09,0,0.257,0.2598844,72.86,BTC-30DEC22-40000-C,35856.97,buy,1.2,,,,
40,200097237,2022-01-22 13:56:50,1,0.257,0.25788742,73.28,BTC-30DEC22-40000-C,35584.84,sell,1.0,,,,
41,200097574,2022-01-22 13:58:50,0,0.258,0.25788717,73.52,BTC-30DEC22-40000-C,35630.29,sell,1.0,,,,
42,200157804,2022-01-22 18:21:59,2,0.242,0.24374279,71.65,BTC-30DEC22-40000-C,34686.8,buy,0.1,,,,
43,200167942,2022-01-22 19:25:20,2,0.24,0.24242717,71.72,BTC-30DEC22-40000-C,34409.98,sell,0.1,,,,
44,200223449,2022-01-23 00:16:42,0,0.2505,0.24849255,72.59,BTC-30DEC22-40000-C,35174.88,buy,0.1,,,,
45,200225514,2022-01-23 00:30:11,1,0.2505,0.25236981,71.85,BTC-30DEC22-40000-C,35382.61,buy,0.1,,,,
46,200229384,2022-01-23 01:21:48,0,0.253,0.25295301,72.51,BTC-30DEC22-40000-C,35384.78,buy,0.1,,,,
47,200254537,2022-01-23 05:56:55,2,0.252,0.25190667,72.25,BTC-30DEC22-40000-C,35379.33,buy,0.7,,,,
48,200439206,2022-01-24 03:39:23,2,0.2495,0.25158807,71.94,BTC-30DEC22-40000-C,35298.27,buy,3.0,,,,
49,200447323,2022-01-24 05:30:37,0,0.2535,0.24941654,73.62,BTC-30DEC22-40000-C,35078.57,buy,0.1,,,,
50,200504909,2022-01-24 10:24:17,2,0.239,0.23781696,73.62,BTC-30DEC22-40000-C,33695.92,sell,1.0,,,,
51,200510215,2022-01-24 10:31:00,2,0.2375,0.23780048,73.19,BTC-30DEC22-40000-C,33676.54,sell,0.7,,,,
52,200520926,2022-01-24 10:56:01,3,0.2375,0.23666477,73.5,BTC-30DEC22-40000-C,33508.01,sell,0.1,,,,
53,200577070,2022-01-24 13:12:12,0,0.239,0.23651739,73.99,BTC-30DEC22-40000-C,33602.69,sell,0.1,,,,
54,200577698,2022-01-24 13:14:57,2,0.2335,0.23545544,72.75,BTC-30DEC22-40000-C,33517.93,buy,0.1,,,,
55,200675387,2022-01-24 17:45:34,0,0.2495,0.25145086,72.67,BTC-30DEC22-40000-C,35317.59,sell,1.0,,,,
56,200697620,2022-01-24 18:49:22,0,0.2635,0.26238706,73.34,BTC-30DEC22-40000-C,36407.37,buy,0.1,,,,
57,200715926,2022-01-24 20:23:10,0,0.265,0.26277069,74.27,BTC-30DEC22-40000-C,36193.45,sell,1.0,,,,
58,200715940,2022-01-24 20:23:39,2,0.264,0.26283037,73.95,BTC-30DEC22-40000-C,36199.22,sell,1.0,,,,
59,200716012,2022-01-24 20:24:49,3,0.264,0.26284526,73.98,BTC-30DEC22-40000-C,36166.26,sell,3.0,,,,
60,200716125,2022-01-24 20:25:47,3,0.264,0.2621408,74.06,BTC-30DEC22-40000-C,36123.67,sell,1.5,,,,
61,200778542,2022-01-25 04:52:14,0,0.2645,0.2644965,74.51,BTC-30DEC22-40000-C,35999.81,sell,4.0,,,,
62,200778557,2022-01-25 04:52:14,1,0.2645,0.26434003,74.55,BTC-30DEC22-40000-C,35982.52,sell,4.5,,,,
63,200778558,2022-01-25 04:52:14,1,0.2645,0.26434003,74.55,BTC-30DEC22-40000-C,35982.52,sell,0.1,,,,
64,200778670,2022-01-25 04:52:18,1,0.2645,0.26430403,74.57,BTC-30DEC22-40000-C,35978.68,sell,4.2,,,,
65,200778841,2022-01-25 04:53:44,1,0.2645,0.26447894,74.58,BTC-30DEC22-40000-C,35976.67,sell,5.0,,,,
66,200778844,2022-01-25 04:53:44,1,0.2645,0.26447894,74.58,BTC-30DEC22-40000-C,35976.67,sell,0.1,,,,
67,200778846,2022-01-25 04:53:44,1,0.2645,0.26445442,74.58,BTC-30DEC22-40000-C,35976.67,sell,0.1,,,,
68,200778847,2022-01-25 04:53:45,1,0.2645,0.26445442,74.58,BTC-30DEC22-40000-C,35976.67,sell,0.4,,,,
69,200778879,2022-01-25 04:53:47,1,0.2645,0.2643474,74.61,BTC-30DEC22-40000-C,35964.96,sell,0.1,,,,
70,200778883,2022-01-25 04:53:48,1,0.2645,0.2643474,74.61,BTC-30DEC22-40000-C,35964.96,sell,0.1,,,,
71,200779348,2022-01-25 04:59:00,1,0.2645,0.26473093,74.68,BTC-30DEC22-40000-C,35933.8,sell,1.3,,,,
72,200781099,2022-01-25 05:26:03,1,0.2645,0.26458961,74.76,BTC-30DEC22-40000-C,35878.35,sell,0.1,,,,
73,200810584,2022-01-25 10:26:07,0,0.2665,0.2659092,73.63,BTC-30DEC22-40000-C,36512.62,sell,1.0,,,,
74,200816674,2022-01-25 11:46:29,2,0.262,0.26436975,72.82,BTC-30DEC22-40000-C,36402.66,buy,1.0,,,,
75,200818430,2022-01-25 12:06:28,0,0.2645,0.26281624,73.61,BTC-30DEC22-40000-C,36344.5,buy,0.2,,,,
76,200819220,2022-01-25 12:17:17,2,0.261,0.26250408,72.8,BTC-30DEC22-40000-C,36307.6,buy,1.0,,,,
77,200819252,2022-01-25 12:17:47,3,0.261,0.26246983,72.81,BTC-30DEC22-40000-C,36325.27,buy,2.0,,,,
78,200827272,2022-01-25 13:27:31,0,0.265,0.26439737,73.6,BTC-30DEC22-40000-C,36394.21,sell,0.1,,,,
79,200962075,2022-01-26 07:02:38,0,0.273,0.27354683,74.06,BTC-30DEC22-40000-C,37269.94,sell,1.0,,,,
80,201050700,2022-01-26 17:13:47,0,0.2775,0.27928956,72.45,BTC-30DEC22-40000-C,38366.32,sell,0.1,,,,
81,201173784,2022-01-27 01:23:15,2,0.2635,0.26352188,73.15,BTC-30DEC22-40000-C,36662.85,buy,1.0,,,,
82,201173785,2022-01-27 01:23:15,3,0.2635,0.26352188,73.15,BTC-30DEC22-40000-C,36662.85,buy,1.0,,,,
83,201205206,2022-01-27 04:27:42,2,0.2545,0.25697146,73.27,BTC-30DEC22-40000-C,35798.99,buy,0.7,,,,
84,201358876,2022-01-28 03:14:46,0,0.269,0.26899489,72.6,BTC-30DEC22-40000-C,37430.32,buy,1.0,,,,
85,201392192,2022-01-28 08:05:36,2,0.2575,0.26286112,71.13,BTC-30DEC22-40000-C,36747.66,sell,0.3,,,,
86,201452130,2022-01-28 16:33:30,0,0.2645,0.26190319,72.24,BTC-30DEC22-40000-C,37123.51,buy,1.0,,,,
87,201496447,2022-01-29 05:09:05,0,0.266,0.26447686,70.69,BTC-30DEC22-40000-C,37851.58,sell,0.7,,,,
88,201515798,2022-01-29 13:39:25,2,0.264,0.26456377,69.63,BTC-30DEC22-40000-C,38057.46,buy,0.6,,,,
89,201515811,2022-01-29 13:39:31,3,0.264,0.26463457,69.6,BTC-30DEC22-40000-C,38071.88,buy,0.1,,,,
90,201736369,2022-02-01 09:04:50,0,0.271,0.27114343,69.6,BTC-30DEC22-40000-C,38924.38,buy,0.1,,,,
91,201837080,2022-02-02 07:27:23,2,0.2655,0.26540706,69.62,BTC-30DEC22-40000-C,38361.35,sell,0.7,,,,
92,201840120,2022-02-02 09:28:48,3,0.2655,0.26634999,69.38,BTC-30DEC22-40000-C,38499.64,buy,0.1,,,,
93,201850010,2022-02-02 13:59:15,0,0.2665,0.2656132,69.92,BTC-30DEC22-40000-C,38368.08,sell,2.0,,,,
94,201850705,2022-02-02 14:08:02,2,0.266,0.26597811,69.81,BTC-30DEC22-40000-C,38355.14,sell,2.0,,,,
95,201862808,2022-02-02 14:51:33,2,0.259,0.26011954,69.61,BTC-30DEC22-40000-C,37787.15,buy,1.0,,,,
96,201985109,2022-02-03 17:02:58,2,0.252,0.25306239,70.69,BTC-30DEC22-40000-C,36667.5,sell,0.1,,,,
97,201987549,2022-02-03 17:31:28,0,0.253,0.25289392,70.71,BTC-30DEC22-40000-C,36764.68,sell,0.1,,,,
98,201987550,2022-02-03 17:31:28,1,0.253,0.25289392,70.71,BTC-30DEC22-40000-C,36765.82,sell,0.1,,,,
99,201987571,2022-02-03 17:32:17,1,0.253,0.25300494,70.71,BTC-30DEC22-40000-C,36772.86,sell,0.1,,,,
100,201992081,2022-02-03 19:07:42,0,0.255,0.2549616,71.22,BTC-30DEC22-40000-C,36834.06,buy,0.7,,,,
101,201993487,2022-02-03 19:39:41,2,0.253,0.2535884,71.25,BTC-30DEC22-40000-C,36591.7,sell,0.1,,,,
102,202125690,2022-02-04 16:19:09,0,0.2795,0.28004029,70.07,BTC-30DEC22-40000-C,39832.51,buy,0.1,,,,
103,202165266,2022-02-04 20:28:33,0,0.289,0.28821714,70.6,BTC-30DEC22-40000-C,40597.75,sell,0.6,,,,
104,202195284,2022-02-05 01:24:46,0,0.2935,0.29558907,69.72,BTC-30DEC22-40000-C,41471.12,buy,0.1,,,,
105,202222763,2022-02-05 09:38:11,2,0.285,0.2862593,67.3,BTC-30DEC22-40000-C,41512.16,buy,9.0,,,,
106,202466355,2022-02-07 20:14:20,0,0.3185,0.31832413,69.93,BTC-30DEC22-40000-C,44389.08,buy,0.1,,,,
107,202846924,2022-02-10 13:08:19,0,0.325,0.31955896,71.38,BTC-30DEC22-40000-C,44918.9,sell,0.1,,,,
108,203265982,2022-02-12 15:01:22,2,0.2995,0.29939836,70.76,BTC-30DEC22-40000-C,42195.03,sell,0.2,,,,
109,203319332,2022-02-13 09:10:06,2,0.2985,0.29755221,70.03,BTC-30DEC22-40000-C,42374.2,sell,0.5,,,,
110,203396316,2022-02-14 11:06:50,2,0.2945,0.29388983,69.44,BTC-30DEC22-40000-C,42225.5,sell,0.7,,,,
111,203400444,2022-02-14 12:40:38,0,0.295,0.2950725,69.16,BTC-30DEC22-40000-C,42400.79,buy,1.0,,,,
112,203931252,2022-02-19 15:17:53,2,0.262,0.26067615,67.35,BTC-30DEC22-40000-C,39989.2,buy,0.3,,,,
113,203949242,2022-02-20 02:49:37,2,0.26,0.26107177,66.84,BTC-30DEC22-40000-C,39970.81,buy,0.2,,,,
114,203949250,2022-02-20 02:51:26,3,0.26,0.26064785,66.84,BTC-30DEC22-40000-C,39971.7,buy,0.8,,,,
115,203949252,2022-02-20 02:52:10,0,0.2605,0.26067383,66.99,BTC-30DEC22-40000-C,39976.4,buy,3.0,,,,
116,203970433,2022-02-20 06:43:02,2,0.248,0.24954864,66.74,BTC-30DEC22-40000-C,38818.54,buy,1.0,,,,
117,204006477,2022-02-20 14:36:30,2,0.245,0.24380534,67.67,BTC-30DEC22-40000-C,38149.31,sell,0.1,,,,
118,204013613,2022-02-20 18:18:32,0,0.247,0.24523204,68.01,BTC-30DEC22-40000-C,38354.61,sell,0.1,,,,
119,204014127,2022-02-20 18:35:39,2,0.245,0.24532029,67.36,BTC-30DEC22-40000-C,38373.98,buy,0.5,,,,
120,204017003,2022-02-20 21:08:13,0,0.2455,0.24400282,67.6,BTC-30DEC22-40000-C,38330.48,buy,0.5,,,,
121,204017004,2022-02-20 21:08:13,1,0.2455,0.24400282,67.6,BTC-30DEC22-40000-C,38330.48,buy,6.0,,,,
122,204080590,2022-02-21 12:24:38,2,0.241,0.2430127,68.28,BTC-30DEC22-40000-C,37530.36,buy,1.0,,,,
123,204344216,2022-02-22 19:37:38,0,0.2475,0.24806378,68.91,BTC-30DEC22-40000-C,38104.49,buy,0.4,,,,
124,204437490,2022-02-23 17:52:45,2,0.245,0.24629003,67.92,BTC-30DEC22-40000-C,38136.27,sell,0.5,,,,
125,204645784,2022-02-24 12:12:13,2,0.227,0.22608517,71.09,BTC-30DEC22-40000-C,35337.06,sell,0.1,,,,
126,204685996,2022-02-24 15:21:01,2,0.2265,0.2297014,69.3,BTC-30DEC22-40000-C,36060.43,sell,0.2,,,,
127,204781531,2022-02-24 20:42:04,0,0.253,0.25409063,69.63,BTC-30DEC22-40000-C,38420.65,buy,1.0,,,,
128,204786248,2022-02-24 20:58:11,2,0.2515,0.25251567,69.63,BTC-30DEC22-40000-C,38273.94,buy,1.0,,,,
129,204786544,2022-02-24 20:59:39,0,0.252,0.25261887,69.59,BTC-30DEC22-40000-C,38367.89,buy,1.0,,,,
130,204799803,2022-02-24 22:45:47,2,0.2465,0.24929859,69.23,BTC-30DEC22-40000-C,37946.17,sell,0.5,,,,
131,204867902,2022-02-25 12:17:19,0,0.254,0.25450691,68.69,BTC-30DEC22-40000-C,38973.76,buy,0.2,,,,
132,204868356,2022-02-25 12:24:51,2,0.252,0.25357328,68.46,BTC-30DEC22-40000-C,38848.69,buy,0.6,,,,
133,204919943,2022-02-25 19:20:51,2,0.247,0.24452625,67.4,BTC-30DEC22-40000-C,38834.71,buy,0.6,,,,
134,204919944,2022-02-25 19:20:51,0,0.2475,0.24452625,67.54,BTC-30DEC22-40000-C,38834.71,buy,0.6,,,,
135,204919945,2022-02-25 19:20:51,1,0.2475,0.24452625,67.54,BTC-30DEC22-40000-C,38834.71,buy,11.8,,,,
136,204919978,2022-02-25 19:21:21,1,0.2475,0.24471641,67.51,BTC-30DEC22-40000-C,38821.07,buy,6.0,,,,
137,204919979,2022-02-25 19:21:21,0,0.248,0.24471641,67.65,BTC-30DEC22-40000-C,38821.07,buy,6.0,,,,
138,204919981,2022-02-25 19:21:31,0,0.249,0.24483842,67.91,BTC-30DEC22-40000-C,38828.24,buy,0.6,,,,
139,204919982,2022-02-25 19:21:31,1,0.249,0.24483842,67.91,BTC-30DEC22-40000-C,38828.24,buy,0.4,,,,
140,204920734,2022-02-25 19:29:39,2,0.248,0.24660537,67.21,BTC-30DEC22-40000-C,38892.77,buy,10.0,,,,
141,204920735,2022-02-25 19:29:39,3,0.248,0.24660537,67.21,BTC-30DEC22-40000-C,38892.77,buy,1.0,,,,
142,204920770,2022-02-25 19:30:46,2,0.247,0.2459629,67.12,BTC-30DEC22-40000-C,38884.38,buy,10.0,,,,
143,204920826,2022-02-25 19:31:17,2,0.2465,0.24620309,66.92,BTC-30DEC22-40000-C,38925.16,buy,4.0,,,,
144,204920831,2022-02-25 19:31:20,3,0.2465,0.24620636,66.92,BTC-30DEC22-40000-C,38924.49,buy,6.0,,,,
145,204925105,2022-02-25 20:38:26,2,0.245,0.24437423,66.97,BTC-30DEC22-40000-C,38777.69,buy,1.0,,,,
146,204926791,2022-02-25 20:51:32,0,0.2485,0.24710786,67.12,BTC-30DEC22-40000-C,39116.36,buy,4.9,,,,
147,204926946,2022-02-25 20:51:33,0,0.249,0.24751733,67.15,BTC-30DEC22-40000-C,39129.76,buy,2.6,,,,
148,204927173,2022-02-25 20:51:35,0,0.2495,0.24772521,67.23,BTC-30DEC22-40000-C,39195.24,buy,1.6,,,,
149,204951093,2022-02-26 00:44:41,0,0.258,0.25630197,67.11,BTC-30DEC22-40000-C,40017.95,sell,1.0,,,,
150,204952978,2022-02-26 00:57:07,2,0.254,0.25459525,66.49,BTC-30DEC22-40000-C,39743.04,buy,1.0,,,,
151,204952984,2022-02-26 00:57:13,0,0.2545,0.25462793,66.62,BTC-30DEC22-40000-C,39751.26,buy,1.0,,,,
152,204953066,2022-02-26 00:58:45,0,0.255,0.25467367,66.73,BTC-30DEC22-40000-C,39800.92,buy,1.0,,,,
153,204988276,2022-02-26 15:13:32,2,0.25,0.24874703,67.02,BTC-30DEC22-40000-C,39213.45,sell,2.0,,,,
154,205023227,2022-02-27 01:32:59,2,0.2415,0.24097598,67.11,BTC-30DEC22-40000-C,38469.95,buy,0.1,,,,
155,205072770,2022-02-27 15:57:01,0,0.2505,0.24897249,67.18,BTC-30DEC22-40000-C,39387.98,buy,1.4,,,,
156,205075994,2022-02-27 16:37:50,2,0.248,0.24675716,67.24,BTC-30DEC22-40000-C,39086.9,buy,8.4,,,,
157,205080589,2022-02-27 18:21:18,0,0.2485,0.24733094,67.5,BTC-30DEC22-40000-C,39073.26,buy,0.1,,,,
158,205080591,2022-02-27 18:21:19,1,0.2485,0.24738235,67.42,BTC-30DEC22-40000-C,39073.26,buy,0.1,,,,
159,205081896,2022-02-27 19:00:01,2,0.2475,0.24661544,67.56,BTC-30DEC22-40000-C,38917.42,buy,1.0,,,,
160,205081934,2022-02-27 19:01:07,3,0.2475,0.2466528,67.56,BTC-30DEC22-40000-C,38916.65,buy,0.1,,,,
161,205082083,2022-02-27 19:05:33,3,0.2475,0.24700699,67.51,BTC-30DEC22-40000-C,38945.84,buy,2.0,,,,
162,205082095,2022-02-27 19:06:25,0,0.248,0.24710374,67.63,BTC-30DEC22-40000-C,38955.41,buy,2.0,,,,
163,205085007,2022-02-27 19:26:38,2,0.244,0.24323456,67.55,BTC-30DEC22-40000-C,38603.1,buy,1.6,,,,
164,205085008,2022-02-27 19:26:38,3,0.244,0.24323456,67.55,BTC-30DEC22-40000-C,38603.1,buy,0.2,,,,
165,205085017,2022-02-27 19:26:38,3,0.244,0.24323456,67.55,BTC-30DEC22-40000-C,38603.1,buy,2.3,,,,
166,205085018,2022-02-27 19:26:38,3,0.244,0.24323456,67.55,BTC-30DEC22-40000-C,38603.1,buy,0.6,,,,
167,205104778,2022-02-27 20:49:20,2,0.24,0.24051054,67.82,BTC-30DEC22-40000-C,38120.32,buy,0.1,,,,
168,205186702,2022-02-28 12:31:24,0,0.2455,0.24398083,68.51,BTC-30DEC22-40000-C,38516.39,buy,0.4,,,,
169,205199509,2022-02-28 14:21:39,0,0.247,0.24779925,68.21,BTC-30DEC22-40000-C,38751.17,buy,2.3,,,,
170,205275370,2022-02-28 18:56:50,0,0.268,0.26723471,67.66,BTC-30DEC22-40000-C,41225.54,sell,0.1,,,,
171,205297095,2022-02-28 21:50:53,0,0.271,0.27247151,67.32,BTC-30DEC22-40000-C,41642.15,buy,1.0,,,,
172,205437432,2022-03-01 14:42:37,0,0.301,0.29846851,69.33,BTC-30DEC22-40000-C,44133.94,sell,0.6,,,,
173,205532771,2022-03-02 09:00:36,0,0.302,0.29539642,70.53,BTC-30DEC22-40000-C,43849.23,sell,0.6,,,,
174,205538219,2022-03-02 09:47:00,2,0.2975,0.29644715,68.85,BTC-30DEC22-40000-C,43987.15,sell,0.1,,,,
175,205634429,2022-03-02 21:48:35,0,0.2945,0.29430566,68.15,BTC-30DEC22-40000-C,43831.24,sell,0.1,,,,
176,205670032,2022-03-03 08:52:37,2,0.289,0.28885232,67.63,BTC-30DEC22-40000-C,43426.29,sell,0.1,,,,
177,205706478,2022-03-03 15:27:53,2,0.286,0.2864835,67.29,BTC-30DEC22-40000-C,43171.11,sell,1.9,,,,
178,205706480,2022-03-03 15:27:53,3,0.286,0.2864835,67.29,BTC-30DEC22-40000-C,43171.11,sell,0.1,,,,
179,205766255,2022-03-03 22:50:39,2,0.2825,0.28161217,68.07,BTC-30DEC22-40000-C,42491.33,sell,0.1,,,,
180,205856574,2022-03-04 14:18:35,2,0.275,0.27589323,69.69,BTC-30DEC22-40000-C,41257.31,buy,0.2,,,,
181,205856756,2022-03-04 14:19:28,3,0.275,0.27591933,69.7,BTC-30DEC22-40000-C,41230.7,buy,0.2,,,,
182,205976760,2022-03-05 11:16:21,2,0.2535,0.25519796,69.26,BTC-30DEC22-40000-C,39118.41,buy,0.1,,,,
183,205976770,2022-03-05 11:16:26,3,0.2535,0.25524915,69.24,BTC-30DEC22-40000-C,39125.44,buy,0.1,,,,
184,205976771,2022-03-05 11:16:29,3,0.2535,0.25522165,69.25,BTC-30DEC22-40000-C,39127.12,buy,0.1,,,,
185,205976772,2022-03-05 11:16:32,3,0.2535,0.25519223,69.25,BTC-30DEC22-40000-C,39126.83,buy,0.1,,,,
186,205976786,2022-03-05 11:16:34,3,0.2535,0.25519993,69.24,BTC-30DEC22-40000-C,39129.48,buy,0.1,,,,
187,205976789,2022-03-05 11:16:36,3,0.2535,0.25517628,69.25,BTC-30DEC22-40000-C,39129.65,buy,0.1,,,,
188,205976790,2022-03-05 11:16:39,3,0.2535,0.25516399,69.25,BTC-30DEC22-40000-C,39130.15,buy,0.1,,,,
189,205976791,2022-03-05 11:16:43,3,0.2535,0.25513919,69.25,BTC-30DEC22-40000-C,39129.84,buy,0.1,,,,
190,206271687,2022-03-07 22:14:42,2,0.248,0.24710736,71.42,BTC-30DEC22-40000-C,38154.88,sell,0.1,,,,
191,206271693,2022-03-07 22:14:51,3,0.248,0.24715011,71.41,BTC-30DEC22-40000-C,38152.6,sell,0.1,,,,
192,206314701,2022-03-08 07:42:45,0,0.252,0.25200832,70.98,BTC-30DEC22-40000-C,38692.86,buy,0.2,,,,
193,206340892,2022-03-08 13:12:07,0,0.255,0.25500701,71.48,BTC-30DEC22-40000-C,38783.75,sell,0.7,,,,
194,206340950,2022-03-08 13:12:27,1,0.255,0.25479582,71.56,BTC-30DEC22-40000-C,38741.85,sell,0.3,,,,
195,206864174,2022-03-12 03:13:34,0,0.2595,0.25916458,72.29,BTC-30DEC22-40000-C,39202.84,sell,0.1,,,,
196,206902642,2022-03-13 02:38:40,2,0.258,0.25802983,72.14,BTC-30DEC22-40000-C,39111.97,sell,0.1,,,,
197,206902655,2022-03-13 02:39:58,3,0.258,0.25803236,72.14,BTC-30DEC22-40000-C,39118.05,sell,0.1,,,,
198,206903821,2022-03-13 03:06:12,0,0.2585,0.25825206,72.26,BTC-30DEC22-40000-C,39149.62,sell,0.1,,,,
199,207020954,2022-03-14 14:24:49,2,0.257,0.25547313,72.52,BTC-30DEC22-40000-C,39003.3,buy,0.2,,,,
200,207039340,2022-03-14 18:48:29,2,0.255,0.25518399,73.22,BTC-30DEC22-40000-C,38595.62,buy,0.5,,,,
201,207162306,2022-03-15 20:24:30,0,0.2655,0.26311782,73.8,BTC-30DEC22-40000-C,39569.82,buy,0.6,,,,
202,207245554,2022-03-16 03:42:19,2,0.263,0.25972795,74.41,BTC-30DEC22-40000-C,39131.19,buy,0.4,,,,
203,207414867,2022-03-16 21:40:12,0,0.2665,0.27441095,69.69,BTC-30DEC22-40000-C,41008.9,sell,0.1,,,,
204,207465332,2022-03-17 13:02:17,0,0.273,0.27415688,71.91,BTC-30DEC22-40000-C,41085.86,sell,10.0,,,,
205,207542983,2022-03-18 13:11:05,2,0.2625,0.26452187,70.26,BTC-30DEC22-40000-C,40500.82,sell,1.0,,,,
206,207690577,2022-03-20 15:09:49,0,0.2685,0.27001489,69.5,BTC-30DEC22-40000-C,41482.55,sell,0.5,,,,
207,207691891,2022-03-20 15:32:44,2,0.2675,0.26880307,69.54,BTC-30DEC22-40000-C,41329.75,sell,0.5,,,,
208,207813798,2022-03-22 02:05:46,0,0.27,0.27225886,69.58,BTC-30DEC22-40000-C,41570.55,sell,0.1,,,,
209,207813803,2022-03-22 02:05:47,1,0.27,0.2722128,69.59,BTC-30DEC22-40000-C,41566.95,sell,0.1,,,,
210,207813814,2022-03-22 02:05:48,1,0.27,0.2722128,69.59,BTC-30DEC22-40000-C,41566.95,sell,0.1,,,,
211,207813818,2022-03-22 02:05:48,1,0.27,0.27216067,69.59,BTC-30DEC22-40000-C,41566.95,sell,0.2,,,,
212,207813915,2022-03-22 02:05:51,2,0.2695,0.27195893,69.52,BTC-30DEC22-40000-C,41524.38,sell,0.4,,,,
213,207854424,2022-03-22 06:01:43,0,0.2815,0.28261985,69.78,BTC-30DEC22-40000-C,42681.66,sell,8.1,,,,
214,207907117,2022-03-22 12:58:35,0,0.29,0.28299106,72.3,BTC-30DEC22-40000-C,42973.65,buy,0.1,,,,
215,207907909,2022-03-22 13:05:12,2,0.285,0.28283224,70.72,BTC-30DEC22-40000-C,42969.96,sell,0.3,,,,
216,207937983,2022-03-22 16:56:30,2,0.2816,0.27898088,70.73,BTC-30DEC22-40000-C,42548.34,buy,25.0,,34364,,
217,208060606,2022-03-23 14:59:51,2,0.278,0.27812022,69.53,BTC-30DEC22-40000-C,42372.84,buy,2.0,,,,
218,208070219,2022-03-23 15:47:23,0,0.2815,0.28122766,69.66,BTC-30DEC22-40000-C,42733.71,buy,2.0,,,,
219,208071155,2022-03-23 15:53:54,1,0.2815,0.28083783,69.75,BTC-30DEC22-40000-C,42693.91,buy,1.0,,,,
220,208074412,2022-03-23 16:17:29,2,0.2805,0.28024084,69.7,BTC-30DEC22-40000-C,42636.41,buy,1.6,,,,
221,208074919,2022-03-23 16:21:45,0,0.281,0.28107113,69.5,BTC-30DEC22-40000-C,42764.57,sell,0.5,,,,
222,208074980,2022-03-23 16:22:10,1,0.281,0.28102815,69.49,BTC-30DEC22-40000-C,42741.75,sell,0.3,,,,
223,208075841,2022-03-23 16:35:24,2,0.28,0.28092164,69.48,BTC-30DEC22-40000-C,42597.41,sell,0.1,,,,
224,208076223,2022-03-23 16:42:05,2,0.2795,0.28101473,69.35,BTC-30DEC22-40000-C,42614.56,sell,9.1,,,,
225,208076807,2022-03-23 16:49:04,2,0.2785,0.27823327,69.2,BTC-30DEC22-40000-C,42568.25,buy,2.0,,,,
226,208077192,2022-03-23 16:55:54,2,0.2775,0.27714572,68.96,BTC-30DEC22-40000-C,42561.21,buy,2.0,,,,
227,208077217,2022-03-23 16:56:19,3,0.2775,0.27710561,68.95,BTC-30DEC22-40000-C,42561.42,buy,2.0,,,,
228,208078577,2022-03-23 17:17:51,2,0.276,0.27531966,68.85,BTC-30DEC22-40000-C,42421.27,buy,2.0,,,,
229,208093567,2022-03-23 22:07:59,2,0.275,0.274836,68.93,BTC-30DEC22-40000-C,42398.01,buy,6.0,,,,
230,208093716,2022-03-23 22:15:58,3,0.275,0.27508132,68.77,BTC-30DEC22-40000-C,42409.02,buy,6.0,,,,
231,208094879,2022-03-23 22:38:17,0,0.276,0.27634826,68.56,BTC-30DEC22-40000-C,42549.2,buy,6.0,,,,
232,208103826,2022-03-24 00:14:50,0,0.2885,0.28183282,70.87,BTC-30DEC22-40000-C,43069.94,buy,0.5,,,,
233,208106915,2022-03-24 00:42:25,2,0.283,0.28264896,68.85,BTC-30DEC22-40000-C,43156.35,sell,0.5,,,,
234,208272788,2022-03-24 20:20:09,2,0.279,0.28711901,65.34,BTC-30DEC22-40000-C,43945.0,sell,1.0,,,,
235,208272930,2022-03-24 20:27:40,0,0.287,0.28689092,67.98,BTC-30DEC22-40000-C,43911.17,buy,1.0,,,,
236,208513646,2022-03-27 23:13:59,0,0.3085,0.30834735,66.42,BTC-30DEC22-40000-C,46596.01,sell,0.1,,,,
237,208539227,2022-03-28 04:36:37,0,0.31,0.31265193,65.74,BTC-30DEC22-40000-C,46966.18,buy,1.2,,,,
238,208550143,2022-03-28 07:43:24,2,0.3005,0.31200428,62.29,BTC-30DEC22-40000-C,46983.81,buy,0.5,,,,
239,208550149,2022-03-28 07:43:24,0,0.3015,0.31198448,62.65,BTC-30DEC22-40000-C,46983.81,buy,0.5,,,,
240,208550170,2022-03-28 07:43:25,0,0.3025,0.31198448,63.01,BTC-30DEC22-40000-C,46983.77,buy,0.5,,,,
241,208550171,2022-03-28 07:43:25,0,0.3045,0.31196473,63.72,BTC-30DEC22-40000-C,46983.77,buy,0.5,,,,
242,208550177,2022-03-28 07:43:26,0,0.3065,0.31196473,64.43,BTC-30DEC22-40000-C,46983.59,buy,0.5,,,,
243,208550179,2022-03-28 07:43:26,0,0.3085,0.31196473,65.14,BTC-30DEC22-40000-C,46983.59,buy,0.5,,,,
244,208550202,2022-03-28 07:43:27,1,0.3085,0.31195535,65.14,BTC-30DEC22-40000-C,46983.95,buy,0.5,,,,
245,208567011,2022-03-28 13:11:02,0,0.313,0.31300046,65.94,BTC-30DEC22-40000-C,47269.38,sell,1.0,,,,
246,208582928,2022-03-28 15:29:48,0,0.3175,0.31749554,66.04,BTC-30DEC22-40000-C,47707.31,sell,0.3,,,,
247,208637140,2022-03-29 06:15:24,1,0.3175,0.31729691,66.42,BTC-30DEC22-40000-C,47637.87,sell,0.1,,,,
248,208640404,2022-03-29 07:11:31,2,0.317,0.31677052,66.61,BTC-30DEC22-40000-C,47499.59,sell,0.1,,,,
249,208641751,2022-03-29 07:43:58,2,0.3165,0.316808,66.58,BTC-30DEC22-40000-C,47451.09,sell,0.1,,,,
250,208641894,2022-03-29 07:45:16,3,0.3165,0.31685967,66.59,BTC-30DEC22-40000-C,47458.44,sell,0.1,,,,
251,208651017,2022-03-29 11:34:53,0,0.3175,0.31773969,66.38,BTC-30DEC22-40000-C,47609.44,sell,0.1,,,,
252,208651023,2022-03-29 11:35:36,1,0.3175,0.31780223,66.37,BTC-30DEC22-40000-C,47613.56,sell,0.1,,,,
253,208660990,2022-03-29 13:39:36,0,0.32,0.31978979,66.7,BTC-30DEC22-40000-C,47859.79,sell,0.1,,,,
254,208661014,2022-03-29 13:39:55,1,0.32,0.31957445,66.77,BTC-30DEC22-40000-C,47843.11,sell,0.1,,,,
255,208661292,2022-03-29 13:43:04,1,0.32,0.31943606,66.8,BTC-30DEC22-40000-C,47821.06,sell,0.2,,,,
256,208661431,2022-03-29 13:44:18,2,0.3195,0.31931587,66.67,BTC-30DEC22-40000-C,47782.1,sell,0.2,,,,
257,208666495,2022-03-29 14:34:16,0,0.32,0.31928272,66.86,BTC-30DEC22-40000-C,47819.59,sell,0.2,,,,
258,208667549,2022-03-29 14:52:53,0,0.3205,0.31899107,66.95,BTC-30DEC22-40000-C,47841.36,sell,0.2,,,,
259,208667789,2022-03-29 15:02:59,2,0.3195,0.31885279,66.71,BTC-30DEC22-40000-C,47792.69,sell,0.2,,,,
260,208735082,2022-03-30 10:08:11,0,0.3285,0.31262073,71.67,BTC-30DEC22-40000-C,47318.6,sell,0.2,,,,
261,208735112,2022-03-30 10:09:00,2,0.3135,0.31248719,66.37,BTC-30DEC22-40000-C,47304.03,sell,0.2,,,,
262,208735882,2022-03-30 10:28:19,2,0.313,0.31199598,66.33,BTC-30DEC22-40000-C,47268.43,sell,0.2,,,,
263,208735979,2022-03-30 10:30:36,3,0.313,0.31193375,66.36,BTC-30DEC22-40000-C,47264.72,sell,0.2,,,,
264,208986680,2022-04-01 17:55:33,0,0.3065,0.30643963,66.74,BTC-30DEC22-40000-C,46458.49,sell,0.3,,,,
265,208986887,2022-04-01 17:57:06,1,0.3065,0.30622461,66.8,BTC-30DEC22-40000-C,46479.7,sell,0.3,,,,
266,209092706,2022-04-03 01:46:04,2,0.298,0.29784277,66.14,BTC-30DEC22-40000-C,45836.73,buy,1.0,,,,
267,209565463,2022-04-08 04:36:15,2,0.281,0.28080291,68.33,BTC-30DEC22-40000-C,43610.81,sell,1.0,,,,
268,209574885,2022-04-08 07:55:22,2,0.274,0.27929477,66.36,BTC-30DEC22-40000-C,43583.28,sell,0.5,,,,
269,209574894,2022-04-08 07:55:23,0,0.276,0.27929479,67.03,BTC-30DEC22-40000-C,43583.28,sell,0.5,,,,
270,209576800,2022-04-08 08:00:04,0,0.2775,0.28121009,66.86,BTC-30DEC22-40000-C,43766.58,buy,1.0,,,,
271,209576909,2022-04-08 08:00:15,0,0.281,0.28115244,68.04,BTC-30DEC22-40000-C,43765.84,buy,1.0,,,,
272,209578429,2022-04-08 08:05:39,2,0.2775,0.28144515,66.64,BTC-30DEC22-40000-C,43822.73,sell,0.5,,,,
273,209654795,2022-04-09 00:02:37,2,0.262,0.26908563,66.29,BTC-30DEC22-40000-C,42377.1,sell,0.2,,,,
274,209820872,2022-04-11 14:34:48,2,0.2485,0.24762637,67.53,BTC-30DEC22-40000-C,40896.36,sell,0.2,,,,
275,209852143,2022-04-11 19:15:31,2,0.2445,0.24235555,67.87,BTC-30DEC22-40000-C,40391.51,buy,3.0,,,,
276,210330855,2022-04-17 11:05:04,2,0.2325,0.2336412,65.25,BTC-30DEC22-40000-C,40427.23,sell,1.8,,,,
277,210346004,2022-04-17 17:57:26,2,0.23,0.22966488,65.56,BTC-30DEC22-40000-C,40132.04,sell,0.1,,,,
278,210394528,2022-04-18 04:58:36,2,0.216,0.21747154,65.48,BTC-30DEC22-40000-C,38823.99,sell,0.2,,,,
279,210434904,2022-04-18 15:17:46,0,0.2195,0.2196595,65.04,BTC-30DEC22-40000-C,39290.94,sell,0.1,,,,
280,210492331,2022-04-18 23:14:43,0,0.232,0.23401105,63.97,BTC-30DEC22-40000-C,40852.29,sell,0.1,,,,
281,210513856,2022-04-19 09:15:32,2,0.229,0.23009814,63.79,BTC-30DEC22-40000-C,40646.66,buy,1.0,,,,
282,210514333,2022-04-19 09:31:19,3,0.229,0.23033511,63.67,BTC-30DEC22-40000-C,40623.65,buy,0.3,,,,
283,210514344,2022-04-19 09:31:35,3,0.229,0.23037332,63.66,BTC-30DEC22-40000-C,40625.54,buy,0.1,,,,
284,210514345,2022-04-19 09:31:35,3,0.229,0.23037332,63.66,BTC-30DEC22-40000-C,40625.54,buy,0.1,,,,
285,210514346,2022-04-19 09:31:35,3,0.229,0.23037332,63.66,BTC-30DEC22-40000-C,40625.54,buy,0.1,,,,
286,210514347,2022-04-19 09:31:35,3,0.229,0.23037332,63.66,BTC-30DEC22-40000-C,40625.54,buy,0.2,,,,
287,210514349,2022-04-19 09:31:35,3,0.229,0.23037332,63.65,BTC-30DEC22-40000-C,40629.39,buy,0.2,,,,
288,210514473,2022-04-19 09:32:27,0,0.2295,0.23039985,63.83,BTC-30DEC22-40000-C,40656.72,buy,0.1,,,,
289,210514482,2022-04-19 09:32:27,1,0.2295,0.23039985,63.83,BTC-30DEC22-40000-C,40656.72,buy,0.1,,,,
290,210514486,2022-04-19 09:32:27,1,0.2295,0.23039985,63.83,BTC-30DEC22-40000-C,40656.72,buy,0.1,,,,
291,210566939,2022-04-20 06:11:36,0,0.2395,0.23822439,64.49,BTC-30DEC22-40000-C,41460.58,buy,0.2,,,,
292,210613022,2022-04-20 15:30:04,2,0.233,0.23563713,63.17,BTC-30DEC22-40000-C,41191.89,sell,0.2,,,,
293,210617444,2022-04-20 16:38:22,0,0.2375,0.23756631,64.02,BTC-30DEC22-40000-C,41384.76,buy,0.2,,,,
294,210618406,2022-04-20 16:54:39,1,0.2375,0.23767542,63.98,BTC-30DEC22-40000-C,41376.23,buy,0.1,,,,
295,210618418,2022-04-20 16:54:41,1,0.2375,0.23773599,63.96,BTC-30DEC22-40000-C,41382.61,buy,0.2,,,,
296,210781621,2022-04-22 08:15:09,2,0.2305,0.22948249,64.5,BTC-30DEC22-40000-C,40636.77,buy,0.1,,,,
297,210781631,2022-04-22 08:15:13,3,0.2305,0.22950587,64.5,BTC-30DEC22-40000-C,40638.5,buy,0.1,,,,
298,210781633,2022-04-22 08:15:13,3,0.2305,0.22950587,64.5,BTC-30DEC22-40000-C,40638.5,buy,0.1,,,,
299,210781662,2022-04-22 08:15:40,3,0.2305,0.22949432,64.52,BTC-30DEC22-40000-C,40636.71,buy,0.1,,,,
300,210781663,2022-04-22 08:15:41,3,0.2305,0.22949432,64.52,BTC-30DEC22-40000-C,40636.71,buy,0.1,,,,
301,210781664,2022-04-22 08:15:41,3,0.2305,0.22949432,64.52,BTC-30DEC22-40000-C,40636.71,buy,0.1,,,,
302,210781665,2022-04-22 08:15:41,3,0.2305,0.22949432,64.52,BTC-30DEC22-40000-C,40636.71,buy,0.1,,,,
303,210781666,2022-04-22 08:15:41,3,0.2305,0.22949999,64.52,BTC-30DEC22-40000-C,40642.5,buy,0.1,,,,
304,210781668,2022-04-22 08:15:43,3,0.2305,0.22953841,64.51,BTC-30DEC22-40000-C,40641.11,buy,0.1,,,,
305,210781669,2022-04-22 08:15:44,3,0.2305,0.22953841,64.51,BTC-30DEC22-40000-C,40641.11,buy,0.1,,,,
306,210781670,2022-04-22 08:15:44,3,0.2305,0.22953841,64.51,BTC-30DEC22-40000-C,40641.11,buy,0.1,,,,
307,210781672,2022-04-22 08:15:47,3,0.2305,0.22954729,64.51,BTC-30DEC22-40000-C,40642.89,buy,0.1,,,,
308,210967825,2022-04-25 03:33:58,2,0.209,0.20982056,62.91,BTC-30DEC22-40000-C,39237.4,buy,1.6,,,,
309,210998823,2022-04-25 09:30:25,2,0.2045,0.20459205,64.56,BTC-30DEC22-40000-C,38366.44,sell,2.1,,,,
310,211222593,2022-04-26 22:01:25,2,0.199,0.20075641,63.22,BTC-30DEC22-40000-C,38306.11,sell,0.2,,,,
311,211377978,2022-04-28 13:13:49,0,0.2145,0.20675829,65.86,BTC-30DEC22-40000-C,39363.37,buy,0.2,,,,
312,211456055,2022-04-29 01:30:56,0,0.2155,0.21439582,63.75,BTC-30DEC22-40000-C,39870.55,sell,0.5,,,,
313,211481245,2022-04-29 08:11:43,2,0.2105,0.21050145,63.5,BTC-30DEC22-40000-C,39584.19,buy,1.3,,,,
314,211531885,2022-04-29 16:53:28,2,0.199,0.19874919,62.94,BTC-30DEC22-40000-C,38546.34,sell,0.1,,,,
315,211547667,2022-04-29 20:04:16,2,0.198,0.19723181,63.24,BTC-30DEC22-40000-C,38381.57,buy,0.1,,,,
316,211551048,2022-04-29 21:33:14,0,0.1995,0.19991235,63.01,BTC-30DEC22-40000-C,38619.95,sell,0.1,,,,
317,211551049,2022-04-29 21:33:14,1,0.1995,0.19991235,63.01,BTC-30DEC22-40000-C,38619.95,sell,0.1,,,,
318,211551058,2022-04-29 21:33:22,1,0.1995,0.19989345,63.01,BTC-30DEC22-40000-C,38619.02,sell,0.2,,,,
319,211551059,2022-04-29 21:33:22,1,0.1995,0.19989345,63.01,BTC-30DEC22-40000-C,38619.02,sell,0.1,,,,
320,211551060,2022-04-29 21:33:22,1,0.1995,0.19989345,63.01,BTC-30DEC22-40000-C,38619.02,sell,0.1,,,,
321,211551061,2022-04-29 21:33:22,1,0.1995,0.19989345,63.01,BTC-30DEC22-40000-C,38619.02,sell,0.1,,,,
322,211551062,2022-04-29 21:33:22,1,0.1995,0.19989345,63.01,BTC-30DEC22-40000-C,38619.02,sell,0.1,,,,
323,211551063,2022-04-29 21:33:28,1,0.1995,0.19989115,63.01,BTC-30DEC22-40000-C,38619.33,sell,0.1,,,,
324,211551064,2022-04-29 21:33:28,1,0.1995,0.19989115,63.01,BTC-30DEC22-40000-C,38619.33,sell,0.1,,,,
325,211551065,2022-04-29 21:33:28,1,0.1995,0.19989115,63.01,BTC-30DEC22-40000-C,38619.33,sell,0.1,,,,
326,211551066,2022-04-29 21:33:30,1,0.1995,0.19988693,63.01,BTC-30DEC22-40000-C,38619.26,sell,0.1,,,,
327,211558333,2022-04-30 02:18:29,0,0.2,0.1998891,62.62,BTC-30DEC22-40000-C,38715.48,buy,0.1,,,,
328,211558334,2022-04-30 02:18:37,1,0.2,0.19993895,62.61,BTC-30DEC22-40000-C,38722.48,buy,0.1,,,,
329,211572408,2022-04-30 12:39:46,2,0.1975,0.19761031,62.55,BTC-30DEC22-40000-C,38571.18,buy,0.1,,,,
330,211572409,2022-04-30 12:39:48,3,0.1975,0.19760994,62.55,BTC-30DEC22-40000-C,38571.34,buy,0.1,,,,
331,211572410,2022-04-30 12:39:50,3,0.1975,0.19761387,62.55,BTC-30DEC22-40000-C,38571.33,buy,0.1,,,,
332,211572411,2022-04-30 12:39:51,3,0.1975,0.19761469,62.55,BTC-30DEC22-40000-C,38571.33,buy,0.1,,,,
333,211624130,2022-05-01 09:22:53,2,0.1945,0.19485175,63.55,BTC-30DEC22-40000-C,37960.92,buy,0.1,,,,
334,211750486,2022-05-02 18:10:34,0,0.196,0.19586676,63.11,BTC-30DEC22-40000-C,38325.82,sell,0.1,,,,
335,211768676,2022-05-02 21:52:49,0,0.2,0.19987555,63.4,BTC-30DEC22-40000-C,38628.09,buy,1.7,,,,
336,211768683,2022-05-02 21:53:01,2,0.1995,0.19983089,63.25,BTC-30DEC22-40000-C,38627.02,sell,2.6,,,,
337,211810586,2022-05-03 14:23:09,2,0.1935,0.1935353,62.89,BTC-30DEC22-40000-C,38258.11,buy,5.0,,,,
338,211812500,2022-05-03 14:45:18,2,0.192,0.19197842,62.44,BTC-30DEC22-40000-C,38233.94,buy,2.1,,,,
339,211836401,2022-05-03 19:35:53,2,0.1875,0.18787896,62.92,BTC-30DEC22-40000-C,37610.67,sell,1.0,,,,
340,211996453,2022-05-05 10:54:39,0,0.205,0.20426244,62.3,BTC-30DEC22-40000-C,39543.49,sell,1.0,,,,
341,212002280,2022-05-05 13:30:18,2,0.2025,0.20245732,62.15,BTC-30DEC22-40000-C,39356.06,sell,0.1,,,,
342,212006635,2022-05-05 13:56:27,2,0.2,0.19962848,62.24,BTC-30DEC22-40000-C,39079.6,sell,0.1,,,,
343,212010373,2022-05-05 14:04:51,2,0.1975,0.197246,62.23,BTC-30DEC22-40000-C,38851.13,sell,0.1,,,,
344,212016124,2022-05-05 14:23:36,2,0.195,0.19482662,62.19,BTC-30DEC22-40000-C,38615.19,sell,0.1,,,,
345,212021210,2022-05-05 14:40:27,2,0.1925,0.19237973,62.3,BTC-30DEC22-40000-C,38338.25,sell,0.1,,,,
346,212037239,2022-05-05 15:08:17,2,0.179,0.17838681,62.52,BTC-30DEC22-40000-C,37038.57,sell,0.1,,,,
347,212157986,2022-05-05 19:42:23,2,0.17,0.17123785,62.6,BTC-30DEC22-40000-C,36183.5,buy,0.5,,,,
348,212249160,2022-05-06 10:50:13,2,0.1675,0.16772861,62.09,BTC-30DEC22-40000-C,36070.76,sell,0.2,,,,
349,212249161,2022-05-06 10:50:13,3,0.1675,0.16772861,62.09,BTC-30DEC22-40000-C,36070.76,sell,0.1,,,,
350,212249162,2022-05-06 10:50:13,3,0.1675,0.16772861,62.17,BTC-30DEC22-40000-C,36045.53,sell,0.1,,,,
351,212249172,2022-05-06 10:50:14,3,0.1675,0.16747127,62.2,BTC-30DEC22-40000-C,36035.87,sell,0.1,,,,
352,212254055,2022-05-06 11:11:05,2,0.165,0.16533796,62.22,BTC-30DEC22-40000-C,35799.05,sell,0.1,,,,
353,212270730,2022-05-06 12:36:37,0,0.1695,0.16978735,62.22,BTC-30DEC22-40000-C,36286.98,buy,0.1,,,,
354,212282787,2022-05-06 13:35:57,2,0.1625,0.16229087,62.39,BTC-30DEC22-40000-C,35522.76,sell,0.1,,,,
355,212410601,2022-05-07 10:46:41,0,0.164,0.16484109,61.3,BTC-30DEC22-40000-C,36048.02,buy,7.8,,,,
356,212412773,2022-05-07 11:43:40,0,0.165,0.16459152,61.56,BTC-30DEC22-40000-C,36034.11,sell,0.4,,,,
357,212412782,2022-05-07 11:43:54,1,0.165,0.16456619,61.57,BTC-30DEC22-40000-C,36030.04,sell,0.4,,,,
358,212488458,2022-05-08 02:16:08,2,0.15,0.15029703,61.89,BTC-30DEC22-40000-C,34546.84,sell,0.1,,,,
359,212524608,2022-05-08 06:13:24,2,0.1445,0.14628473,60.4,BTC-30DEC22-40000-C,34535.46,sell,0.1,,,,
360,212532643,2022-05-08 07:13:57,0,0.146,0.14731289,60.07,BTC-30DEC22-40000-C,34725.0,buy,0.1,,,,
361,212532644,2022-05-08 07:13:58,1,0.146,0.14729544,60.08,BTC-30DEC22-40000-C,34721.64,buy,0.1,,,,
362,212532647,2022-05-08 07:13:59,1,0.146,0.14728556,60.08,BTC-30DEC22-40000-C,34719.66,buy,0.1,,,,
363,212532649,2022-05-08 07:14:00,1,0.146,0.14726985,60.09,BTC-30DEC22-40000-C,34719.01,buy,0.1,,,,
364,212532653,2022-05-08 07:14:02,1,0.146,0.14726715,60.08,BTC-30DEC22-40000-C,34721.15,buy,0.1,,,,
365,212532654,2022-05-08 07:14:03,1,0.146,0.14732146,60.07,BTC-30DEC22-40000-C,34723.8,buy,0.1,,,,
366,212532655,2022-05-08 07:14:04,1,0.146,0.14731872,60.07,BTC-30DEC22-40000-C,34723.29,buy,0.1,,,,
367,212532657,2022-05-08 07:14:05,1,0.146,0.14730809,60.08,BTC-30DEC22-40000-C,34721.19,buy,0.1,,,,
368,212547614,2022-05-08 09:53:34,0,0.1465,0.14685386,60.84,BTC-30DEC22-40000-C,34558.34,buy,0.1,,,,
369,212547616,2022-05-08 09:53:34,1,0.1465,0.14685386,60.84,BTC-30DEC22-40000-C,34558.34,buy,0.1,,,,
370,212548891,2022-05-08 10:11:29,0,0.147,0.14753851,60.82,BTC-30DEC22-40000-C,34627.76,buy,0.1,,,,
371,212548903,2022-05-08 10:11:34,1,0.147,0.14760276,60.8,BTC-30DEC22-40000-C,34634.87,buy,0.1,,,,
372,212619720,2022-05-08 17:40:59,2,0.1415,0.14151592,61.41,BTC-30DEC22-40000-C,33859.38,buy,0.2,,,,
373,212655867,2022-05-08 22:46:09,0,0.144,0.14438585,61.19,BTC-30DEC22-40000-C,34214.57,buy,0.1,,,,
374,212655870,2022-05-08 22:46:12,1,0.144,0.1444498,61.18,BTC-30DEC22-40000-C,34216.66,buy,0.1,,,,
375,212731600,2022-05-09 09:07:41,2,0.1405,0.13983511,62.09,BTC-30DEC22-40000-C,33626.39,sell,1.0,,,,
376,212792930,2022-05-09 13:39:11,2,0.139,0.1388733,62.52,BTC-30DEC22-40000-C,33358.75,buy,0.2,,,,
377,212814826,2022-05-09 14:39:36,2,0.132,0.13316872,62.43,BTC-30DEC22-40000-C,32608.81,sell,0.5,,,,
378,212820731,2022-05-09 14:55:09,0,0.133,0.13323842,62.98,BTC-30DEC22-40000-C,32535.59,sell,1.0,,,,
379,212833113,2022-05-09 15:34:38,2,0.131,0.12950505,63.77,BTC-30DEC22-40000-C,32177.4,sell,0.1,,,,
380,212833115,2022-05-09 15:34:38,3,0.131,0.12950505,63.77,BTC-30DEC22-40000-C,32177.4,sell,2.9,,,,
381,212833118,2022-05-09 15:34:38,3,0.131,0.12950505,63.77,BTC-30DEC22-40000-C,32176.12,sell,0.1,,,,
382,212834587,2022-05-09 15:38:33,0,0.132,0.13102365,63.62,BTC-30DEC22-40000-C,32289.14,sell,1.4,,,,
383,212887348,2022-05-09 17:23:04,2,0.1305,0.12879417,64.93,BTC-30DEC22-40000-C,31702.48,buy,1.0,,,,
384,212896589,2022-05-09 17:52:32,2,0.1275,0.12684535,64.38,BTC-30DEC22-40000-C,31551.07,buy,1.6,,,,
385,212909741,2022-05-09 18:17:05,2,0.1255,0.12593023,64.56,BTC-30DEC22-40000-C,31277.04,buy,8.2,,,,
386,212960055,2022-05-09 19:46:16,2,0.1225,0.12313162,66.07,BTC-30DEC22-40000-C,30529.08,sell,0.1,,,,
387,212960056,2022-05-09 19:46:16,3,0.1225,0.12313162,66.07,BTC-30DEC22-40000-C,30529.08,sell,0.1,,,,
388,212960058,2022-05-09 19:46:16,3,0.1225,0.12309379,66.07,BTC-30DEC22-40000-C,30529.08,sell,0.1,,,,
389,212960061,2022-05-09 19:46:16,3,0.1225,0.12309379,66.07,BTC-30DEC22-40000-C,30529.08,sell,0.2,,,,
390,212960063,2022-05-09 19:46:16,3,0.1225,0.12309379,66.07,BTC-30DEC22-40000-C,30529.08,sell,0.2,,,,
391,212960065,2022-05-09 19:46:16,3,0.1225,0.12309379,66.07,BTC-30DEC22-40000-C,30529.08,sell,0.1,,,,
392,212960067,2022-05-09 19:46:16,3,0.1225,0.12309379,66.07,BTC-30DEC22-40000-C,30529.08,sell,0.1,,,,
393,212960068,2022-05-09 19:46:17,3,0.1225,0.12307334,66.07,BTC-30DEC22-40000-C,30525.46,sell,0.2,,,,
394,212960069,2022-05-09 19:46:17,3,0.1225,0.12307334,66.07,BTC-30DEC22-40000-C,30525.46,sell,0.1,,,,
395,212960070,2022-05-09 19:46:17,3,0.1225,0.12307334,66.07,BTC-30DEC22-40000-C,30525.46,sell,0.1,,,,
396,212960082,2022-05-09 19:46:17,3,0.1225,0.12307334,66.07,BTC-30DEC22-40000-C,30524.25,sell,0.1,,,,
397,212960083,2022-05-09 19:46:17,3,0.1225,0.12307334,66.07,BTC-30DEC22-40000-C,30524.25,sell,0.1,,,,
398,212960084,2022-05-09 19:46:17,3,0.1225,0.12307334,66.07,BTC-30DEC22-40000-C,30524.25,sell,0.1,,,,
399,212960086,2022-05-09 19:46:17,3,0.1225,0.12307334,66.07,BTC-30DEC22-40000-C,30524.25,sell,0.1,,,,
400,212960103,2022-05-09 19:46:18,3,0.1225,0.12307334,66.07,BTC-30DEC22-40000-C,30524.25,sell,0.1,,,,
401,212960105,2022-05-09 19:46:18,3,0.1225,0.12307334,66.07,BTC-30DEC22-40000-C,30524.25,sell,0.1,,,,
402,212960109,2022-05-09 19:46:18,3,0.1225,0.12307334,66.07,BTC-30DEC22-40000-C,30524.25,sell,0.2,,,,
403,212960110,2022-05-09 19:46:18,3,0.1225,0.12307334,66.07,BTC-30DEC22-40000-C,30524.25,sell,0.1,,,,
404,212960111,2022-05-09 19:46:18,3,0.1225,0.12307334,66.07,BTC-30DEC22-40000-C,30524.25,sell,0.2,,,,
405,212960113,2022-05-09 19:46:18,3,0.1225,0.12307334,66.07,BTC-30DEC22-40000-C,30524.25,sell,0.1,,,,
406,212960114,2022-05-09 19:46:18,3,0.1225,0.12307334,66.07,BTC-30DEC22-40000-C,30524.25,sell,0.3,,,,
407,212960115,2022-05-09 19:46:18,3,0.1225,0.12307334,66.07,BTC-30DEC22-40000-C,30524.25,sell,0.1,,,,
408,212960116,2022-05-09 19:46:18,3,0.1225,0.12307334,66.07,BTC-30DEC22-40000-C,30524.25,sell,0.2,,,,
409,212960118,2022-05-09 19:46:18,3,0.1225,0.12307334,66.07,BTC-30DEC22-40000-C,30524.25,sell,0.1,,,,
410,212960123,2022-05-09 19:46:18,3,0.1225,0.12307334,66.07,BTC-30DEC22-40000-C,30524.25,sell,0.3,,,,
411,212960126,2022-05-09 19:46:18,3,0.1225,0.12307334,66.07,BTC-30DEC22-40000-C,30524.25,sell,0.1,,,,
412,212962969,2022-05-09 19:53:12,0,0.127,0.12375521,67.58,BTC-30DEC22-40000-C,30502.06,buy,2.2,,,,
413,212978383,2022-05-09 20:14:32,0,0.1345,0.1353349,65.98,BTC-30DEC22-40000-C,31788.44,buy,2.0,,,,
414,213131228,2022-05-10 05:50:39,2,0.134,0.13539523,65.57,BTC-30DEC22-40000-C,31890.23,sell,0.4,,,,
415,213139168,2022-05-10 06:16:39,0,0.139,0.1394474,65.74,BTC-30DEC22-40000-C,32394.35,buy,0.2,,,,
416,213139672,2022-05-10 06:18:19,0,0.1395,0.13948784,65.92,BTC-30DEC22-40000-C,32393.62,sell,2.9,,,,
417,213139926,2022-05-10 06:18:53,1,0.1395,0.13969646,65.87,BTC-30DEC22-40000-C,32403.33,sell,0.1,,,,
418,213140009,2022-05-10 06:19:07,0,0.14,0.13927695,66.13,BTC-30DEC22-40000-C,32383.08,buy,4.0,,,,
419,213158219,2022-05-10 07:47:02,2,0.133,0.13270876,65.51,BTC-30DEC22-40000-C,31806.46,sell,0.1,,,,
420,213158220,2022-05-10 07:47:02,3,0.133,0.13270876,65.54,BTC-30DEC22-40000-C,31798.4,sell,0.1,,,,
421,213158237,2022-05-10 07:47:04,3,0.133,0.13256672,65.56,BTC-30DEC22-40000-C,31787.73,sell,0.1,,,,
422,213158249,2022-05-10 07:47:04,3,0.133,0.13256672,65.56,BTC-30DEC22-40000-C,31787.73,sell,0.1,,,,
423,213169871,2022-05-10 08:44:36,2,0.131,0.13119549,65.05,BTC-30DEC22-40000-C,31811.99,buy,2.0,,,,
424,213169872,2022-05-10 08:44:36,3,0.131,0.13119549,65.05,BTC-30DEC22-40000-C,31811.99,buy,0.3,,,,
425,213188835,2022-05-10 11:32:38,2,0.1275,0.12848987,64.54,BTC-30DEC22-40000-C,31586.61,buy,0.1,,,,
426,213210571,2022-05-10 13:38:28,0,0.128,0.12787928,63.86,BTC-30DEC22-40000-C,31863.79,sell,0.1,,,,
427,213210576,2022-05-10 13:38:28,1,0.128,0.12787928,63.86,BTC-30DEC22-40000-C,31863.79,sell,0.1,,,,
428,213210723,2022-05-10 13:38:45,1,0.128,0.12794054,63.84,BTC-30DEC22-40000-C,31894.26,sell,0.1,,,,
429,213210726,2022-05-10 13:38:45,1,0.128,0.12794054,63.88,BTC-30DEC22-40000-C,31883.61,sell,0.1,,,,
430,213244885,2022-05-10 15:50:11,2,0.123,0.12183596,64.13,BTC-30DEC22-40000-C,31297.8,buy,7.7,,,,
431,213244886,2022-05-10 15:50:11,3,0.123,0.12181955,64.14,BTC-30DEC22-40000-C,31295.51,buy,0.2,,,,
432,213244887,2022-05-10 15:50:11,3,0.123,0.12181955,64.14,BTC-30DEC22-40000-C,31295.51,buy,0.1,,,,
433,213384609,2022-05-11 08:07:47,3,0.123,0.12361561,66.7,BTC-30DEC22-40000-C,30498.24,sell,2.1,,,,
434,213384610,2022-05-11 08:07:47,3,0.123,0.12361561,66.7,BTC-30DEC22-40000-C,30498.24,buy,5.5,,,,
435,213421609,2022-05-11 10:51:09,0,0.133,0.13410047,65.43,BTC-30DEC22-40000-C,31892.08,buy,0.1,,,,
436,213426508,2022-05-11 11:14:49,0,0.134,0.13382841,65.89,BTC-30DEC22-40000-C,31879.27,buy,25.0,,,,
437,213457071,2022-05-11 12:43:41,2,0.1215,0.12078804,67.38,BTC-30DEC22-40000-C,30147.46,sell,0.2,,,,
438,213457097,2022-05-11 12:43:42,3,0.1215,0.12088532,67.38,BTC-30DEC22-40000-C,30147.46,sell,0.5,,,,
439,213457114,2022-05-11 12:43:42,3,0.1215,0.12060825,67.47,BTC-30DEC22-40000-C,30116.42,sell,0.2,,,,
440,213457115,2022-05-11 12:43:42,3,0.1215,0.12060825,67.47,BTC-30DEC22-40000-C,30116.42,sell,0.1,,,,
441,213457116,2022-05-11 12:43:43,3,0.1215,0.12060825,67.47,BTC-30DEC22-40000-C,30116.42,sell,0.1,,,,
442,213457117,2022-05-11 12:43:43,3,0.1215,0.12060825,67.46,BTC-30DEC22-40000-C,30116.42,sell,0.2,,,,
443,213504263,2022-05-11 13:22:11,0,0.125,0.12634919,69.01,BTC-30DEC22-40000-C,29977.41,buy,0.2,,,,
444,213504392,2022-05-11 13:22:20,2,0.1245,0.12606172,68.91,BTC-30DEC22-40000-C,29956.74,buy,2.2,,,,
445,213504393,2022-05-11 13:22:20,3,0.1245,0.12606172,68.91,BTC-30DEC22-40000-C,29956.74,buy,1.5,,,,
446,213504394,2022-05-11 13:22:20,3,0.1245,0.12606172,68.91,BTC-30DEC22-40000-C,29956.74,buy,0.5,,,,
447,213509489,2022-05-11 13:30:25,2,0.123,0.12398364,69.02,BTC-30DEC22-40000-C,29786.45,buy,4.6,,,,
448,213516760,2022-05-11 13:38:58,3,0.123,0.12350053,69.24,BTC-30DEC22-40000-C,29719.25,buy,2.6,,,,
449,213516761,2022-05-11 13:38:58,3,0.123,0.12350053,69.24,BTC-30DEC22-40000-C,29719.25,buy,1.9,,,,
450,213516763,2022-05-11 13:38:59,3,0.123,0.12350053,69.24,BTC-30DEC22-40000-C,29719.25,buy,1.4,,,,
451,213516764,2022-05-11 13:38:59,3,0.123,0.12350053,69.24,BTC-30DEC22-40000-C,29719.25,buy,0.7,,,,
452,213516765,2022-05-11 13:38:59,3,0.123,0.12350053,69.24,BTC-30DEC22-40000-C,29719.25,buy,0.6,,,,
453,213516766,2022-05-11 13:38:59,3,0.123,0.12350053,69.24,BTC-30DEC22-40000-C,29719.25,buy,0.4,,,,
454,213516767,2022-05-11 13:38:59,3,0.123,0.12350053,69.24,BTC-30DEC22-40000-C,29719.25,buy,0.2,,,,
455,213516768,2022-05-11 13:38:59,3,0.123,0.12350053,69.24,BTC-30DEC22-40000-C,29719.25,buy,0.4,,,,
456,213516769,2022-05-11 13:38:59,3,0.123,0.12350053,69.24,BTC-30DEC22-40000-C,29719.25,buy,0.4,,,,
457,213516770,2022-05-11 13:38:59,3,0.123,0.12350053,69.24,BTC-30DEC22-40000-C,29719.25,buy,0.4,,,,
458,213516771,2022-05-11 13:38:59,3,0.123,0.12337082,69.28,BTC-30DEC22-40000-C,29704.38,buy,0.2,,,,
459,213533371,2022-05-11 13:49:55,0,0.139,0.14018573,68.38,BTC-30DEC22-40000-C,31542.05,buy,0.2,,,,
460,213663056,2022-05-11 19:28:07,2,0.1315,0.12885362,72.08,BTC-30DEC22-40000-C,29649.16,buy,0.2,,,,
461,213663214,2022-05-11 19:29:09,2,0.13,0.12932044,71.59,BTC-30DEC22-40000-C,29659.41,sell,3.5,,,,
462,213663215,2022-05-11 19:29:09,3,0.13,0.12932044,71.59,BTC-30DEC22-40000-C,29659.41,sell,0.6,,,,
463,213749927,2022-05-11 22:34:28,2,0.1265,0.12667136,73.87,BTC-30DEC22-40000-C,28610.11,sell,1.7,,,,
464,213749929,2022-05-11 22:34:28,3,0.1265,0.12667136,73.87,BTC-30DEC22-40000-C,28610.11,sell,1.5,,,,
465,213749931,2022-05-11 22:34:28,3,0.1265,0.12667136,73.87,BTC-30DEC22-40000-C,28610.11,sell,0.9,,,,
466,213749932,2022-05-11 22:34:28,3,0.1265,0.12667136,73.87,BTC-30DEC22-40000-C,28610.11,sell,0.6,,,,
467,213749933,2022-05-11 22:34:28,3,0.1265,0.12667136,73.87,BTC-30DEC22-40000-C,28610.11,sell,1.1,,,,
468,213749934,2022-05-11 22:34:28,3,0.1265,0.12667136,73.87,BTC-30DEC22-40000-C,28610.11,sell,1.0,,,,
469,213749935,2022-05-11 22:34:28,3,0.1265,0.12667136,73.87,BTC-30DEC22-40000-C,28610.11,sell,0.4,,,,
470,213749936,2022-05-11 22:34:28,3,0.1265,0.12667136,73.87,BTC-30DEC22-40000-C,28610.11,sell,0.8,,,,
471,213749937,2022-05-11 22:34:28,3,0.1265,0.12667136,73.87,BTC-30DEC22-40000-C,28610.11,sell,0.8,,,,
472,213749938,2022-05-11 22:34:28,3,0.1265,0.12667136,73.87,BTC-30DEC22-40000-C,28610.11,sell,0.2,,,,
473,213749939,2022-05-11 22:34:28,3,0.1265,0.12667136,73.87,BTC-30DEC22-40000-C,28610.11,sell,1.1,,,,
474,213749940,2022-05-11 22:34:28,3,0.1265,0.12667136,73.87,BTC-30DEC22-40000-C,28610.11,sell,0.2,,,,
475,213749941,2022-05-11 22:34:28,3,0.1265,0.12667136,73.87,BTC-30DEC22-40000-C,28610.11,sell,1.0,,,,
476,213749942,2022-05-11 22:34:28,3,0.1265,0.12667136,73.87,BTC-30DEC22-40000-C,28610.11,sell,0.7,,,,
477,213824326,2022-05-12 04:19:41,2,0.124,0.11954123,75.33,BTC-30DEC22-40000-C,27862.22,buy,3.1,,,,
478,213843088,2022-05-12 04:33:55,2,0.12,0.1203925,74.81,BTC-30DEC22-40000-C,27666.82,buy,2.0,,,,
479,213916180,2022-05-12 06:21:52,0,0.139,0.1338331,83.82,BTC-30DEC22-40000-C,26791.93,buy,0.1,,,,
480,213916181,2022-05-12 06:21:52,1,0.139,0.1338331,83.82,BTC-30DEC22-40000-C,26791.93,buy,0.1,,,,
481,213937267,2022-05-12 06:48:39,2,0.134,0.1329385,82.6,BTC-30DEC22-40000-C,26651.6,sell,1.1,,,,
482,213937269,2022-05-12 06:48:39,3,0.134,0.132965,82.6,BTC-30DEC22-40000-C,26651.6,sell,0.8,,,,
483,213937270,2022-05-12 06:48:39,3,0.134,0.132965,82.6,BTC-30DEC22-40000-C,26651.6,sell,0.1,,,,
484,213937285,2022-05-12 06:48:41,3,0.134,0.13299503,82.59,BTC-30DEC22-40000-C,26655.26,sell,0.1,,,,
485,213937286,2022-05-12 06:48:41,3,0.134,0.13299503,82.59,BTC-30DEC22-40000-C,26655.26,sell,0.1,,,,
486,213937287,2022-05-12 06:48:41,3,0.134,0.13299503,82.59,BTC-30DEC22-40000-C,26655.26,sell,0.1,,,,
487,213937288,2022-05-12 06:48:41,3,0.134,0.13299503,82.59,BTC-30DEC22-40000-C,26655.26,sell,0.1,,,,
488,213937289,2022-05-12 06:48:41,3,0.134,0.13299503,82.57,BTC-30DEC22-40000-C,26661.46,sell,0.1,,,,
489,213937290,2022-05-12 06:48:41,3,0.134,0.13299503,82.57,BTC-30DEC22-40000-C,26661.46,sell,0.1,,,,
490,213937291,2022-05-12 06:48:41,3,0.134,0.13299503,82.57,BTC-30DEC22-40000-C,26661.46,sell,0.2,,,,
491,213937292,2022-05-12 06:48:41,3,0.134,0.13299503,82.57,BTC-30DEC22-40000-C,26661.46,sell,0.1,,,,
492,213937293,2022-05-12 06:48:41,3,0.134,0.13299503,82.57,BTC-30DEC22-40000-C,26661.46,sell,0.1,,,,
493,213937294,2022-05-12 06:48:41,3,0.134,0.13299503,82.57,BTC-30DEC22-40000-C,26661.46,sell,0.1,,,,
494,213937295,2022-05-12 06:48:41,3,0.134,0.13299503,82.57,BTC-30DEC22-40000-C,26661.46,sell,0.1,,,,
495,213937296,2022-05-12 06:48:41,3,0.134,0.13299503,82.57,BTC-30DEC22-40000-C,26661.46,sell,0.1,,,,
496,213937299,2022-05-12 06:48:41,3,0.134,0.13299503,82.57,BTC-30DEC22-40000-C,26661.46,sell,0.1,,,,
497,213937300,2022-05-12 06:48:41,3,0.134,0.13299503,82.57,BTC-30DEC22-40000-C,26661.46,sell,0.1,,,,
498,213937303,2022-05-12 06:48:42,3,0.134,0.13306608,82.53,BTC-30DEC22-40000-C,26671.5,sell,0.1,,,,
499,213937309,2022-05-12 06:48:43,3,0.134,0.13316998,82.52,BTC-30DEC22-40000-C,26678.09,sell,0.1,,,,
500,213937310,2022-05-12 06:48:43,3,0.134,0.13316998,82.52,BTC-30DEC22-40000-C,26678.09,sell,0.1,,,,
501,213937311,2022-05-12 06:48:43,3,0.134,0.13316998,82.52,BTC-30DEC22-40000-C,26678.09,sell,0.2,,,,
502,213937324,2022-05-12 06:48:47,3,0.134,0.13326068,82.51,BTC-30DEC22-40000-C,26681.16,sell,0.3,,,,
503,213937325,2022-05-12 06:48:47,3,0.134,0.13326068,82.51,BTC-30DEC22-40000-C,26681.16,sell,0.3,,,,
504,213937326,2022-05-12 06:48:47,3,0.134,0.13326068,82.51,BTC-30DEC22-40000-C,26681.16,sell,0.2,,,,
505,213937327,2022-05-12 06:48:47,3,0.134,0.13326068,82.51,BTC-30DEC22-40000-C,26681.16,sell,0.1,,,,
506,213937340,2022-05-12 06:48:49,3,0.134,0.13328856,82.51,BTC-30DEC22-40000-C,26684.24,sell,0.1,,,,
507,213937341,2022-05-12 06:48:49,3,0.134,0.13328856,82.51,BTC-30DEC22-40000-C,26684.24,sell,0.1,,,,
508,213937344,2022-05-12 06:48:49,3,0.134,0.13328856,82.51,BTC-30DEC22-40000-C,26684.24,sell,0.1,,,,
509,213937347,2022-05-12 06:48:49,3,0.134,0.13328856,82.51,BTC-30DEC22-40000-C,26684.24,sell,0.1,,,,
510,213937348,2022-05-12 06:48:49,3,0.134,0.13328856,82.51,BTC-30DEC22-40000-C,26684.24,sell,0.1,,,,
511,213937349,2022-05-12 06:48:49,3,0.134,0.13328856,82.51,BTC-30DEC22-40000-C,26684.24,sell,0.1,,,,
512,213937350,2022-05-12 06:48:49,3,0.134,0.13328856,82.51,BTC-30DEC22-40000-C,26684.24,sell,0.1,,,,
513,213937351,2022-05-12 06:48:49,3,0.134,0.13328856,82.51,BTC-30DEC22-40000-C,26684.24,sell,0.1,,,,
514,213937352,2022-05-12 06:48:49,3,0.134,0.13328856,82.53,BTC-30DEC22-40000-C,26678.18,sell,0.1,,,,
515,213937353,2022-05-12 06:48:49,3,0.134,0.13328856,82.53,BTC-30DEC22-40000-C,26678.18,sell,0.1,,,,
516,213937355,2022-05-12 06:48:49,3,0.134,0.13328856,82.53,BTC-30DEC22-40000-C,26678.18,sell,0.1,,,,
517,213937364,2022-05-12 06:48:51,3,0.134,0.13317561,82.55,BTC-30DEC22-40000-C,26673.23,sell,0.2,,,,
518,213937365,2022-05-12 06:48:51,3,0.134,0.13317561,82.55,BTC-30DEC22-40000-C,26673.23,sell,0.1,,,,
519,213937366,2022-05-12 06:48:51,3,0.134,0.13317561,82.55,BTC-30DEC22-40000-C,26673.23,sell,0.1,,,,
520,213937369,2022-05-12 06:48:51,3,0.134,0.13317561,82.58,BTC-30DEC22-40000-C,26663.16,sell,0.1,,,,
521,213937370,2022-05-12 06:48:52,3,0.134,0.13308358,82.58,BTC-30DEC22-40000-C,26663.16,sell,0.1,,,,
522,213937371,2022-05-12 06:48:52,3,0.134,0.13308358,82.58,BTC-30DEC22-40000-C,26663.16,sell,0.1,,,,
523,213937372,2022-05-12 06:48:52,3,0.134,0.13308358,82.61,BTC-30DEC22-40000-C,26652.59,sell,0.1,,,,
524,213937373,2022-05-12 06:48:52,3,0.134,0.13308358,82.61,BTC-30DEC22-40000-C,26652.59,sell,0.1,,,,
525,214018213,2022-05-12 08:22:07,2,0.13,0.13036721,77.88,BTC-30DEC22-40000-C,27723.57,buy,10.0,,,,
526,214083736,2022-05-12 11:56:19,0,0.1325,0.13094385,77.43,BTC-30DEC22-40000-C,28177.1,sell,0.2,,,,M
527,214083737,2022-05-12 11:56:20,1,0.1325,0.13094385,77.43,BTC-30DEC22-40000-C,28177.1,sell,0.2,,,,M
528,214083738,2022-05-12 11:56:20,1,0.1325,0.13094385,77.43,BTC-30DEC22-40000-C,28177.1,sell,0.3,,,,M
529,214083739,2022-05-12 11:56:20,1,0.1325,0.13094385,77.43,BTC-30DEC22-40000-C,28177.1,sell,0.2,,,,M
530,214083740,2022-05-12 11:56:20,1,0.1325,0.13094385,77.43,BTC-30DEC22-40000-C,28177.1,sell,0.2,,,,M
531,214083741,2022-05-12 11:56:20,1,0.1325,0.13094385,77.43,BTC-30DEC22-40000-C,28177.1,sell,0.1,,,,M
532,214083742,2022-05-12 11:56:20,1,0.1325,0.13094385,77.43,BTC-30DEC22-40000-C,28177.1,sell,0.1,,,,M
533,214083743,2022-05-12 11:56:20,1,0.1325,0.13094385,77.43,BTC-30DEC22-40000-C,28177.1,sell,0.1,,,,M
534,214083744,2022-05-12 11:56:20,1,0.1325,0.13094385,77.43,BTC-30DEC22-40000-C,28177.1,sell,0.1,,,,M
535,214083745,2022-05-12 11:56:20,1,0.1325,0.13094385,77.43,BTC-30DEC22-40000-C,28177.1,sell,0.1,,,,M
536,214083746,2022-05-12 11:56:20,1,0.1325,0.13094385,77.43,BTC-30DEC22-40000-C,28177.1,sell,0.1,,,,M
537,214083747,2022-05-12 11:56:20,1,0.1325,0.13094385,77.43,BTC-30DEC22-40000-C,28177.1,sell,0.1,,,,M
538,214083756,2022-05-12 11:56:20,1,0.1325,0.13094385,77.43,BTC-30DEC22-40000-C,28177.1,sell,0.1,,,,M
539,214083757,2022-05-12 11:56:20,1,0.1325,0.13094385,77.43,BTC-30DEC22-40000-C,28177.1,sell,0.1,,,,M
540,214083758,2022-05-12 11:56:20,1,0.1325,0.13094385,77.43,BTC-30DEC22-40000-C,28177.1,sell,0.1,,,,M
541,214083759,2022-05-12 11:56:20,1,0.1325,0.13094385,77.43,BTC-30DEC22-40000-C,28177.1,sell,0.1,,,,M
542,214083760,2022-05-12 11:56:20,1,0.1325,0.13094385,77.43,BTC-30DEC22-40000-C,28177.1,sell,0.1,,,,M
543,214083761,2022-05-12 11:56:20,1,0.1325,0.13094385,77.43,BTC-30DEC22-40000-C,28177.1,sell,0.1,,,,M
544,214083762,2022-05-12 11:56:20,1,0.1325,0.13094385,77.43,BTC-30DEC22-40000-C,28177.1,sell,0.1,,,,M
545,214083763,2022-05-12 11:56:20,1,0.1325,0.13094385,77.43,BTC-30DEC22-40000-C,28177.1,sell,0.1,,,,M
546,214083764,2022-05-12 11:56:20,1,0.1325,0.13094385,77.43,BTC-30DEC22-40000-C,28177.1,sell,0.1,,,,M
547,214083766,2022-05-12 11:56:20,1,0.1325,0.13094385,77.43,BTC-30DEC22-40000-C,28177.1,sell,0.1,,,,M
548,214083767,2022-05-12 11:56:20,1,0.1325,0.13095043,77.43,BTC-30DEC22-40000-C,28177.1,sell,0.2,,,,M
549,214083768,2022-05-12 11:56:20,1,0.1325,0.13095043,77.43,BTC-30DEC22-40000-C,28177.1,sell,0.2,,,,M
550,214083769,2022-05-12 11:56:20,1,0.1325,0.13095043,77.43,BTC-30DEC22-40000-C,28177.1,sell,0.2,,,,M
551,214083770,2022-05-12 11:56:20,1,0.1325,0.13095043,77.43,BTC-30DEC22-40000-C,28177.1,sell,0.1,,,,M
552,214083772,2022-05-12 11:56:21,1,0.1325,0.13095043,77.44,BTC-30DEC22-40000-C,28173.05,sell,0.1,,,,M
553,214083773,2022-05-12 11:56:21,1,0.1325,0.13095043,77.44,BTC-30DEC22-40000-C,28173.05,sell,0.1,,,,M
554,214083774,2022-05-12 11:56:21,1,0.1325,0.13095043,77.44,BTC-30DEC22-40000-C,28173.05,sell,0.1,,,,M
555,214083775,2022-05-12 11:56:21,1,0.1325,0.13095043,77.44,BTC-30DEC22-40000-C,28173.05,sell,0.2,,,,M
556,214083776,2022-05-12 11:56:21,1,0.1325,0.13095043,77.44,BTC-30DEC22-40000-C,28173.05,sell,0.2,,,,M
557,214083777,2022-05-12 11:56:21,1,0.1325,0.13095043,77.44,BTC-30DEC22-40000-C,28173.05,sell,0.2,,,,M
558,214083779,2022-05-12 11:56:21,1,0.1325,0.13095043,77.44,BTC-30DEC22-40000-C,28173.05,sell,0.2,,,,M
559,214083780,2022-05-12 11:56:21,1,0.1325,0.13095043,77.44,BTC-30DEC22-40000-C,28173.05,sell,0.2,,,,M
560,214083781,2022-05-12 11:56:21,1,0.1325,0.13095043,77.44,BTC-30DEC22-40000-C,28173.05,sell,0.1,,,,M
561,214084492,2022-05-12 12:00:42,0,0.133,0.13195215,77.24,BTC-30DEC22-40000-C,28311.64,buy,4.3,,,,
562,214084667,2022-05-12 12:01:15,1,0.133,0.13261226,77.05,BTC-30DEC22-40000-C,28366.3,buy,5.6,,,,
563,214084698,2022-05-12 12:01:25,1,0.133,0.13272733,77.06,BTC-30DEC22-40000-C,28369.17,buy,0.1,,,,
564,214106488,2022-05-12 13:31:02,2,0.131,0.13183721,75.84,BTC-30DEC22-40000-C,28576.26,buy,0.1,,,,
565,214164860,2022-05-12 16:31:34,0,0.136,0.13553384,74.07,BTC-30DEC22-40000-C,29674.55,buy,0.4,,,,
566,214165506,2022-05-12 16:32:46,0,0.1365,0.13635996,73.9,BTC-30DEC22-40000-C,29730.82,buy,0.4,,,,
567,214175273,2022-05-12 17:08:33,2,0.1315,0.1316041,73.8,BTC-30DEC22-40000-C,29303.59,buy,0.2,,,,
568,214196222,2022-05-12 19:25:50,2,0.1285,0.12732684,74.6,BTC-30DEC22-40000-C,28731.84,buy,0.5,,,,
569,214207679,2022-05-12 21:37:13,2,0.12,0.12000551,74.18,BTC-30DEC22-40000-C,27979.81,buy,0.1,,,,
570,214207684,2022-05-12 21:37:20,3,0.12,0.12029803,74.09,BTC-30DEC22-40000-C,28001.57,buy,0.1,,,,
571,214212039,2022-05-12 22:09:21,0,0.1225,0.12351647,73.42,BTC-30DEC22-40000-C,28458.21,buy,0.1,,,,
572,214212040,2022-05-12 22:09:21,1,0.1225,0.12351647,73.42,BTC-30DEC22-40000-C,28458.21,buy,0.1,,,,
573,214214923,2022-05-12 22:37:56,0,0.1265,0.12410355,74.55,BTC-30DEC22-40000-C,28499.08,buy,0.5,,,,
574,214229083,2022-05-13 00:37:22,2,0.124,0.12475282,71.77,BTC-30DEC22-40000-C,29072.35,buy,2.0,,,,
575,214229086,2022-05-13 00:37:23,0,0.1245,0.12475282,71.94,BTC-30DEC22-40000-C,29070.27,buy,0.4,,,,
576,214229087,2022-05-13 00:37:23,1,0.1245,0.12474506,71.92,BTC-30DEC22-40000-C,29074.03,buy,0.5,,,,
577,214260830,2022-05-13 03:13:06,0,0.1345,0.1342886,70.76,BTC-30DEC22-40000-C,30421.45,sell,0.1,,,,
578,214260833,2022-05-13 03:13:07,1,0.1345,0.13426996,70.76,BTC-30DEC22-40000-C,30418.96,sell,0.1,,,,
579,214260846,2022-05-13 03:13:20,1,0.1345,0.13405781,70.83,BTC-30DEC22-40000-C,30399.78,sell,0.1,,,,
580,214260847,2022-05-13 03:13:20,1,0.1345,0.13405781,70.83,BTC-30DEC22-40000-C,30399.78,sell,0.1,,,,
581,214260848,2022-05-13 03:13:20,1,0.1345,0.13405781,70.83,BTC-30DEC22-40000-C,30399.78,sell,0.1,,,,
582,214260849,2022-05-13 03:13:20,1,0.1345,0.13405781,70.83,BTC-30DEC22-40000-C,30399.78,sell,0.1,,,,
583,214260856,2022-05-13 03:13:22,1,0.1345,0.13402803,70.84,BTC-30DEC22-40000-C,30397.19,sell,1.7,,,,
584,214276531,2022-05-13 05:16:24,0,0.1385,0.13728782,70.96,BTC-30DEC22-40000-C,30826.54,sell,3.0,,,,
585,214276593,2022-05-13 05:16:37,2,0.1375,0.13709495,70.7,BTC-30DEC22-40000-C,30804.69,sell,0.1,,,,
586,214276597,2022-05-13 05:16:38,3,0.1375,0.13700342,70.78,BTC-30DEC22-40000-C,30778.6,sell,0.1,,,,
587,214276608,2022-05-13 05:16:40,3,0.1375,0.13687842,70.76,BTC-30DEC22-40000-C,30781.61,sell,0.1,,,,
588,214276609,2022-05-13 05:16:40,3,0.1375,0.13687842,70.76,BTC-30DEC22-40000-C,30781.61,sell,0.1,,,,
589,214276643,2022-05-13 05:16:47,3,0.1375,0.13686339,70.78,BTC-30DEC22-40000-C,30765.17,sell,0.1,,,,
590,214276652,2022-05-13 05:16:50,3,0.1375,0.13686529,70.78,BTC-30DEC22-40000-C,30760.99,sell,0.1,,,,
591,214276653,2022-05-13 05:16:50,3,0.1375,0.13686529,70.78,BTC-30DEC22-40000-C,30760.99,sell,0.1,,,,
592,214276654,2022-05-13 05:16:50,3,0.1375,0.13686529,70.78,BTC-30DEC22-40000-C,30760.99,sell,0.1,,,,
593,214276655,2022-05-13 05:16:51,3,0.1375,0.13686529,70.79,BTC-30DEC22-40000-C,30754.4,sell,0.1,,,,
594,214276656,2022-05-13 05:16:51,3,0.1375,0.13686529,70.79,BTC-30DEC22-40000-C,30754.4,sell,0.1,,,,
595,214276662,2022-05-13 05:16:52,3,0.1375,0.13683297,70.8,BTC-30DEC22-40000-C,30749.32,sell,0.2,,,,
596,214276663,2022-05-13 05:16:52,3,0.1375,0.13683297,70.8,BTC-30DEC22-40000-C,30749.32,sell,0.1,,,,
597,214276664,2022-05-13 05:16:52,3,0.1375,0.13683297,70.8,BTC-30DEC22-40000-C,30749.32,sell,0.1,,,,
598,214276665,2022-05-13 05:16:52,3,0.1375,0.13683297,70.8,BTC-30DEC22-40000-C,30749.32,sell,0.1,,,,
599,214276666,2022-05-13 05:16:52,3,0.1375,0.13683297,70.8,BTC-30DEC22-40000-C,30749.32,sell,0.1,,,,
600,214276669,2022-05-13 05:16:52,3,0.1375,0.13680101,70.8,BTC-30DEC22-40000-C,30749.32,sell,0.1,,,,
601,214276670,2022-05-13 05:16:52,3,0.1375,0.13680101,70.8,BTC-30DEC22-40000-C,30749.32,sell,0.1,,,,
602,214276671,2022-05-13 05:16:52,3,0.1375,0.13680101,70.8,BTC-30DEC22-40000-C,30749.32,sell,0.1,,,,
603,214276677,2022-05-13 05:16:53,3,0.1375,0.13675293,70.81,BTC-30DEC22-40000-C,30743.12,sell,0.1,,,,
604,214276678,2022-05-13 05:16:53,3,0.1375,0.13675293,70.81,BTC-30DEC22-40000-C,30743.12,sell,0.1,,,,
605,214276682,2022-05-13 05:16:55,3,0.1375,0.13672583,70.81,BTC-30DEC22-40000-C,30742.78,sell,0.1,,,,
606,214276691,2022-05-13 05:17:03,3,0.1375,0.13685688,70.81,BTC-30DEC22-40000-C,30733.25,sell,0.1,,,,
607,214276692,2022-05-13 05:17:03,3,0.1375,0.13685688,70.81,BTC-30DEC22-40000-C,30733.25,sell,0.1,,,,
608,214276696,2022-05-13 05:17:03,3,0.1375,0.13678212,70.81,BTC-30DEC22-40000-C,30733.25,sell,0.1,,,,
609,214276697,2022-05-13 05:17:03,3,0.1375,0.13678212,70.81,BTC-30DEC22-40000-C,30733.25,sell,0.1,,,,
610,214276700,2022-05-13 05:17:07,3,0.1375,0.13673975,70.82,BTC-30DEC22-40000-C,30728.96,sell,0.1,,,,
611,214276710,2022-05-13 05:17:10,3,0.1375,0.13666988,70.84,BTC-30DEC22-40000-C,30721.16,sell,0.1,,,,
612,214276717,2022-05-13 05:17:10,3,0.1375,0.13666988,70.84,BTC-30DEC22-40000-C,30721.16,sell,0.1,,,,
613,214276718,2022-05-13 05:17:10,3,0.1375,0.13666988,70.84,BTC-30DEC22-40000-C,30721.16,sell,0.1,,,,
614,214304988,2022-05-13 08:57:59,2,0.1305,0.1305017,70.35,BTC-30DEC22-40000-C,30227.26,buy,0.4,,,,
615,214314118,2022-05-13 10:34:08,0,0.1315,0.13068565,70.67,BTC-30DEC22-40000-C,30234.92,sell,2.1,,,,
616,214318485,2022-05-13 11:26:44,2,0.131,0.13151082,70.25,BTC-30DEC22-40000-C,30316.93,buy,1.7,,,,
617,214318504,2022-05-13 11:27:14,3,0.131,0.13170534,70.18,BTC-30DEC22-40000-C,30346.3,buy,2.2,,,,
618,214318597,2022-05-13 11:27:46,3,0.131,0.13198644,70.07,BTC-30DEC22-40000-C,30378.05,buy,0.4,,,,
619,214318619,2022-05-13 11:28:03,3,0.131,0.13215456,70.01,BTC-30DEC22-40000-C,30392.8,buy,2.7,,,,
620,214337952,2022-05-13 14:03:17,0,0.134,0.13457112,69.68,BTC-30DEC22-40000-C,30827.17,buy,15.0,,,,
621,214338417,2022-05-13 14:05:55,2,0.1335,0.1345771,69.49,BTC-30DEC22-40000-C,30770.94,sell,1.6,,,,
622,214394358,2022-05-13 21:07:01,2,0.1315,0.13267067,72.14,BTC-30DEC22-40000-C,29782.97,sell,0.4,,,,
623,214429905,2022-05-14 07:39:08,2,0.1175,0.11684849,68.6,BTC-30DEC22-40000-C,29472.61,buy,0.3,,,,
624,214429914,2022-05-14 07:39:09,3,0.1175,0.11684793,68.6,BTC-30DEC22-40000-C,29472.7,buy,0.4,,,,
625,214429915,2022-05-14 07:39:09,3,0.1175,0.11684793,68.6,BTC-30DEC22-40000-C,29472.7,buy,2.4,,,,
626,214429927,2022-05-14 07:39:19,3,0.1175,0.11681942,68.61,BTC-30DEC22-40000-C,29469.92,buy,0.3,,,,
627,214430809,2022-05-14 07:52:09,3,0.1175,0.11685311,68.86,BTC-30DEC22-40000-C,29385.22,buy,2.3,,,,
628,214430813,2022-05-14 07:52:12,3,0.1175,0.11686353,68.86,BTC-30DEC22-40000-C,29385.37,buy,5.8,,,,
629,214431627,2022-05-14 08:07:32,2,0.1155,0.11726183,68.31,BTC-30DEC22-40000-C,29325.36,sell,0.4,,,,
630,214454089,2022-05-14 14:09:12,2,0.11,0.11049057,68.72,BTC-30DEC22-40000-C,28677.75,buy,0.1,,,,
631,214454090,2022-05-14 14:09:12,3,0.11,0.11049057,68.72,BTC-30DEC22-40000-C,28677.75,buy,0.1,,,,
632,214454091,2022-05-14 14:09:12,3,0.11,0.11049057,68.72,BTC-30DEC22-40000-C,28677.75,buy,0.1,,,,
633,214454101,2022-05-14 14:09:36,3,0.11,0.11050387,68.71,BTC-30DEC22-40000-C,28680.79,buy,0.1,,,,
634,214454105,2022-05-14 14:09:38,3,0.11,0.11055501,68.7,BTC-30DEC22-40000-C,28686.51,buy,0.1,,,,
635,214454107,2022-05-14 14:09:38,3,0.11,0.11055501,68.7,BTC-30DEC22-40000-C,28686.51,buy,0.1,,,,
636,214454108,2022-05-14 14:09:38,3,0.11,0.11055501,68.7,BTC-30DEC22-40000-C,28686.51,buy,0.1,,,,
637,214454109,2022-05-14 14:09:38,3,0.11,0.11055501,68.7,BTC-30DEC22-40000-C,28686.51,buy,0.1,,,,
638,214454111,2022-05-14 14:09:43,3,0.11,0.11059915,68.68,BTC-30DEC22-40000-C,28692.13,buy,0.2,,,,
639,214454112,2022-05-14 14:09:43,3,0.11,0.11059915,68.68,BTC-30DEC22-40000-C,28692.13,buy,0.1,,,,
640,214454113,2022-05-14 14:09:44,3,0.11,0.11065019,68.66,BTC-30DEC22-40000-C,28696.83,buy,0.1,,,,
641,214454114,2022-05-14 14:09:44,3,0.11,0.11065019,68.66,BTC-30DEC22-40000-C,28696.83,buy,0.1,,,,
642,214454115,2022-05-14 14:09:44,3,0.11,0.11065019,68.66,BTC-30DEC22-40000-C,28696.83,buy,0.1,,,,
643,214454116,2022-05-14 14:09:45,3,0.11,0.11065019,68.66,BTC-30DEC22-40000-C,28698.91,buy,0.1,,,,
644,214454121,2022-05-14 14:09:51,3,0.11,0.11069712,68.65,BTC-30DEC22-40000-C,28701.77,buy,0.2,,,,
645,214454122,2022-05-14 14:09:51,3,0.11,0.11069712,68.65,BTC-30DEC22-40000-C,28701.77,buy,0.2,,,,
646,214454123,2022-05-14 14:09:51,3,0.11,0.11069712,68.65,BTC-30DEC22-40000-C,28701.77,buy,0.1,,,,
647,214521005,2022-05-15 10:21:32,0,0.1185,0.11801506,68.61,BTC-30DEC22-40000-C,29599.71,sell,0.1,,,,
648,214521006,2022-05-15 10:21:33,1,0.1185,0.11801506,68.61,BTC-30DEC22-40000-C,29599.71,sell,0.1,,,,
649,214718195,2022-05-17 07:52:44,0,0.1255,0.12423302,68.5,BTC-30DEC22-40000-C,30449.08,buy,0.9,,,,
650,214718196,2022-05-17 07:52:44,1,0.1255,0.12423302,68.5,BTC-30DEC22-40000-C,30449.08,buy,0.1,,,,
651,214898945,2022-05-18 21:48:21,2,0.118,0.11856993,70.65,BTC-30DEC22-40000-C,29163.6,sell,2.1,,,,
652,214899005,2022-05-18 21:49:41,3,0.118,0.11863062,70.64,BTC-30DEC22-40000-C,29175.78,sell,0.2,,,,
653,214968193,2022-05-19 08:08:34,2,0.114,0.11578713,69.53,BTC-30DEC22-40000-C,29070.24,sell,0.6,,,,
654,214968194,2022-05-19 08:08:34,3,0.114,0.11578713,69.53,BTC-30DEC22-40000-C,29070.24,sell,0.5,,,,
655,214968195,2022-05-19 08:08:34,3,0.114,0.11578713,69.53,BTC-30DEC22-40000-C,29070.24,sell,0.3,,,,
656,214968197,2022-05-19 08:08:35,3,0.114,0.11578902,69.53,BTC-30DEC22-40000-C,29070.24,sell,0.3,,,,
657,214972169,2022-05-19 08:52:30,2,0.1125,0.11415804,69.02,BTC-30DEC22-40000-C,29080.68,sell,0.1,,,,
658,214972170,2022-05-19 08:52:30,3,0.1125,0.11415804,69.02,BTC-30DEC22-40000-C,29080.68,sell,0.1,,,,
659,214972171,2022-05-19 08:52:31,3,0.1125,0.11415804,69.01,BTC-30DEC22-40000-C,29080.73,sell,0.1,,,,
660,214972173,2022-05-19 08:52:31,3,0.1125,0.11415967,69.01,BTC-30DEC22-40000-C,29080.73,sell,0.1,,,,
661,214972174,2022-05-19 08:52:31,3,0.1125,0.11415967,69.01,BTC-30DEC22-40000-C,29080.73,sell,0.1,,,,
662,214972176,2022-05-19 08:52:32,3,0.1125,0.11415967,69.02,BTC-30DEC22-40000-C,29079.26,sell,0.1,,,,
663,214972178,2022-05-19 08:52:34,3,0.1125,0.11414329,69.02,BTC-30DEC22-40000-C,29077.94,sell,0.1,,,,
664,214972184,2022-05-19 08:52:36,3,0.1125,0.11414129,69.02,BTC-30DEC22-40000-C,29077.82,sell,0.1,,,,
665,214972185,2022-05-19 08:52:36,3,0.1125,0.11414129,69.02,BTC-30DEC22-40000-C,29077.82,sell,0.1,,,,
666,214972186,2022-05-19 08:52:38,3,0.1125,0.11414286,69.02,BTC-30DEC22-40000-C,29077.68,sell,0.1,,,,
667,214972187,2022-05-19 08:52:38,3,0.1125,0.11414286,69.02,BTC-30DEC22-40000-C,29077.68,sell,0.1,,,,
668,214972189,2022-05-19 08:52:40,3,0.1125,0.11413862,69.03,BTC-30DEC22-40000-C,29074.58,sell,0.1,,,,
669,214972190,2022-05-19 08:52:40,3,0.1125,0.11413862,69.03,BTC-30DEC22-40000-C,29074.58,sell,0.1,,,,
670,214972191,2022-05-19 08:52:40,3,0.1125,0.11413862,69.03,BTC-30DEC22-40000-C,29074.58,sell,0.1,,,,
671,214972204,2022-05-19 08:52:41,3,0.1125,0.11411861,69.03,BTC-30DEC22-40000-C,29072.72,sell,0.1,,,,
672,214972211,2022-05-19 08:52:41,3,0.1125,0.11411861,69.03,BTC-30DEC22-40000-C,29072.72,sell,0.1,,,,
673,214972212,2022-05-19 08:52:41,3,0.1125,0.11411861,69.03,BTC-30DEC22-40000-C,29072.72,sell,0.2,,,,
674,214972214,2022-05-19 08:52:41,3,0.1125,0.11410453,69.03,BTC-30DEC22-40000-C,29072.72,sell,0.1,,,,
675,214972215,2022-05-19 08:52:41,3,0.1125,0.11410453,69.03,BTC-30DEC22-40000-C,29072.72,sell,0.1,,,,
676,214972216,2022-05-19 08:52:41,3,0.1125,0.11410453,69.03,BTC-30DEC22-40000-C,29072.72,sell,0.1,,,,
677,214972386,2022-05-19 08:53:14,2,0.112,0.1137659,68.97,BTC-30DEC22-40000-C,29035.79,sell,0.1,,,,
678,214972388,2022-05-19 08:53:14,3,0.112,0.1137659,68.97,BTC-30DEC22-40000-C,29035.79,sell,0.1,,,,
679,214972391,2022-05-19 08:53:14,3,0.112,0.1137659,68.97,BTC-30DEC22-40000-C,29035.79,sell,0.1,,,,
680,214972392,2022-05-19 08:53:14,3,0.112,0.1137659,68.97,BTC-30DEC22-40000-C,29035.79,sell,0.1,,,,
681,214972395,2022-05-19 08:53:14,3,0.112,0.1137659,68.97,BTC-30DEC22-40000-C,29035.79,sell,0.1,,,,
682,214988315,2022-05-19 11:31:24,0,0.1135,0.11398031,68.85,BTC-30DEC22-40000-C,29225.44,sell,0.1,,,,
683,214988316,2022-05-19 11:31:25,1,0.1135,0.11398031,68.85,BTC-30DEC22-40000-C,29225.44,sell,0.1,,,,
684,214988317,2022-05-19 11:31:26,1,0.1135,0.11398085,68.86,BTC-30DEC22-40000-C,29221.75,sell,0.1,,,,
685,215014062,2022-05-19 14:28:34,0,0.118,0.11783001,68.78,BTC-30DEC22-40000-C,29746.24,sell,0.1,,,,
686,215014064,2022-05-19 14:28:34,1,0.118,0.11780564,68.78,BTC-30DEC22-40000-C,29746.24,sell,0.1,,,,
687,215014065,2022-05-19 14:28:34,1,0.118,0.11780564,68.78,BTC-30DEC22-40000-C,29746.24,sell,0.1,,,,
688,215014066,2022-05-19 14:28:34,1,0.118,0.11780564,68.78,BTC-30DEC22-40000-C,29746.24,sell,0.1,,,,
689,215014067,2022-05-19 14:28:34,1,0.118,0.11780564,68.78,BTC-30DEC22-40000-C,29746.24,sell,1.9,,,,
690,215014068,2022-05-19 14:28:34,1,0.118,0.11780564,68.78,BTC-30DEC22-40000-C,29746.24,sell,0.4,,,,
691,215014069,2022-05-19 14:28:34,1,0.118,0.11780564,68.78,BTC-30DEC22-40000-C,29746.24,sell,0.1,,,,
692,215014070,2022-05-19 14:28:34,1,0.118,0.11780564,68.78,BTC-30DEC22-40000-C,29746.24,sell,0.1,,,,
693,215014071,2022-05-19 14:28:34,1,0.118,0.11780564,68.78,BTC-30DEC22-40000-C,29746.24,sell,2.0,,,,
694,215014072,2022-05-19 14:28:34,1,0.118,0.11780564,68.78,BTC-30DEC22-40000-C,29746.24,sell,0.1,,,,
695,215014073,2022-05-19 14:28:34,1,0.118,0.11780564,68.78,BTC-30DEC22-40000-C,29746.24,sell,0.1,,,,
696,215014074,2022-05-19 14:28:34,1,0.118,0.11780564,68.78,BTC-30DEC22-40000-C,29746.24,sell,0.1,,,,
697,215014075,2022-05-19 14:28:34,1,0.118,0.11780564,68.78,BTC-30DEC22-40000-C,29746.24,sell,0.1,,,,
698,215014077,2022-05-19 14:28:35,1,0.118,0.11780564,68.79,BTC-30DEC22-40000-C,29744.09,sell,0.1,,,,
699,215014079,2022-05-19 14:28:35,1,0.118,0.11778287,68.79,BTC-30DEC22-40000-C,29744.09,sell,0.1,,,,
700,215014080,2022-05-19 14:28:36,1,0.118,0.11778287,68.79,BTC-30DEC22-40000-C,29744.09,sell,0.1,,,,
701,215014081,2022-05-19 14:28:36,1,0.118,0.11778287,68.79,BTC-30DEC22-40000-C,29744.09,sell,0.1,,,,
702,215014083,2022-05-19 14:28:36,1,0.118,0.11778287,68.79,BTC-30DEC22-40000-C,29744.09,sell,0.1,,,,
703,215014084,2022-05-19 14:28:36,1,0.118,0.11778287,68.79,BTC-30DEC22-40000-C,29744.09,sell,0.1,,,,
704,215014085,2022-05-19 14:28:36,1,0.118,0.11778287,68.81,BTC-30DEC22-40000-C,29739.51,sell,0.1,,,,
705,215014097,2022-05-19 14:28:40,1,0.118,0.11771806,68.81,BTC-30DEC22-40000-C,29736.45,sell,2.4,,,,
706,215014098,2022-05-19 14:28:40,1,0.118,0.11771806,68.81,BTC-30DEC22-40000-C,29736.45,sell,0.1,,,,
707,215014099,2022-05-19 14:28:40,1,0.118,0.11771806,68.81,BTC-30DEC22-40000-C,29736.45,sell,0.1,,,,
708,215014100,2022-05-19 14:28:40,1,0.118,0.11771806,68.83,BTC-30DEC22-40000-C,29731.37,sell,0.1,,,,
709,215014102,2022-05-19 14:28:40,1,0.118,0.11767315,68.83,BTC-30DEC22-40000-C,29731.37,sell,0.1,,,,
710,215014103,2022-05-19 14:28:40,1,0.118,0.11767315,68.83,BTC-30DEC22-40000-C,29731.37,sell,0.8,,,,
711,215014104,2022-05-19 14:28:40,1,0.118,0.11767315,68.83,BTC-30DEC22-40000-C,29731.37,sell,0.1,,,,
712,215014105,2022-05-19 14:28:40,1,0.118,0.11767315,68.83,BTC-30DEC22-40000-C,29731.37,sell,0.1,,,,
713,215014106,2022-05-19 14:28:40,1,0.118,0.11767315,68.83,BTC-30DEC22-40000-C,29731.37,sell,0.1,,,,
714,215014132,2022-05-19 14:29:03,1,0.118,0.1176454,68.85,BTC-30DEC22-40000-C,29709.83,sell,0.1,,,,
715,215014133,2022-05-19 14:29:03,1,0.118,0.1176454,68.85,BTC-30DEC22-40000-C,29709.83,sell,0.1,,,,
716,215014363,2022-05-19 14:30:53,1,0.118,0.11783952,68.87,BTC-30DEC22-40000-C,29691.01,sell,0.1,,,,
717,215014364,2022-05-19 14:30:53,1,0.118,0.11783952,68.87,BTC-30DEC22-40000-C,29691.01,sell,0.1,,,,
718,215014365,2022-05-19 14:30:53,1,0.118,0.11783952,68.88,BTC-30DEC22-40000-C,29691.01,sell,0.1,,,,
719,215014366,2022-05-19 14:30:53,1,0.118,0.11783952,68.88,BTC-30DEC22-40000-C,29691.01,sell,0.1,,,,
720,215014367,2022-05-19 14:30:53,1,0.118,0.11783952,68.88,BTC-30DEC22-40000-C,29691.01,sell,0.1,,,,
721,215014472,2022-05-19 14:31:42,0,0.1185,0.11785107,69.07,BTC-30DEC22-40000-C,29729.67,sell,0.2,,,,
722,215014473,2022-05-19 14:31:42,1,0.1185,0.11785107,69.07,BTC-30DEC22-40000-C,29729.67,sell,0.1,,,,
723,215014474,2022-05-19 14:31:42,1,0.1185,0.11785107,69.07,BTC-30DEC22-40000-C,29729.67,sell,0.1,,,,
724,215014475,2022-05-19 14:31:42,1,0.1185,0.11785107,69.07,BTC-30DEC22-40000-C,29729.67,sell,0.1,,,,
725,215014476,2022-05-19 14:31:44,1,0.1185,0.11780921,69.08,BTC-30DEC22-40000-C,29726.52,sell,0.1,,,,
726,215014970,2022-05-19 14:35:36,0,0.1195,0.11903367,69.11,BTC-30DEC22-40000-C,29819.12,sell,4.5,,,,
727,215014971,2022-05-19 14:35:36,1,0.1195,0.11903367,69.11,BTC-30DEC22-40000-C,29819.12,sell,1.3,,,,
728,215014972,2022-05-19 14:35:36,1,0.1195,0.11903367,69.11,BTC-30DEC22-40000-C,29819.12,sell,1.0,,,,
729,215014973,2022-05-19 14:35:36,1,0.1195,0.11903367,69.11,BTC-30DEC22-40000-C,29819.12,sell,0.8,,,,
730,215014974,2022-05-19 14:35:36,1,0.1195,0.11903367,69.11,BTC-30DEC22-40000-C,29819.12,sell,0.6,,,,
731,215014975,2022-05-19 14:35:36,1,0.1195,0.11903367,69.11,BTC-30DEC22-40000-C,29819.12,sell,0.4,,,,
732,215014976,2022-05-19 14:35:36,1,0.1195,0.11903367,69.11,BTC-30DEC22-40000-C,29819.12,sell,0.3,,,,
733,215014977,2022-05-19 14:35:37,1,0.1195,0.11903367,69.11,BTC-30DEC22-40000-C,29819.12,sell,0.3,,,,
734,215014979,2022-05-19 14:35:37,1,0.1195,0.11903367,69.11,BTC-30DEC22-40000-C,29819.12,sell,0.2,,,,
735,215014980,2022-05-19 14:35:37,1,0.1195,0.11903367,69.11,BTC-30DEC22-40000-C,29819.12,sell,0.1,,,,
736,215014981,2022-05-19 14:35:37,1,0.1195,0.11903367,69.11,BTC-30DEC22-40000-C,29819.12,sell,0.1,,,,
737,215014982,2022-05-19 14:35:37,1,0.1195,0.11903367,69.11,BTC-30DEC22-40000-C,29819.12,sell,0.1,,,,
738,215014983,2022-05-19 14:35:37,1,0.1195,0.11903367,69.11,BTC-30DEC22-40000-C,29819.12,sell,0.1,,,,
739,215014986,2022-05-19 14:35:40,1,0.1195,0.11900829,69.12,BTC-30DEC22-40000-C,29812.02,sell,0.1,,,,
740,215014987,2022-05-19 14:35:40,1,0.1195,0.11900829,69.12,BTC-30DEC22-40000-C,29812.02,sell,0.1,,,,
741,215015028,2022-05-19 14:36:12,1,0.1195,0.11905517,69.11,BTC-30DEC22-40000-C,29798.1,sell,0.3,,,,
742,215015029,2022-05-19 14:36:12,1,0.1195,0.11905517,69.11,BTC-30DEC22-40000-C,29798.1,sell,0.3,,,,
743,215015030,2022-05-19 14:36:12,1,0.1195,0.11905517,69.11,BTC-30DEC22-40000-C,29798.1,sell,0.2,,,,
744,215015031,2022-05-19 14:36:12,1,0.1195,0.11905517,69.11,BTC-30DEC22-40000-C,29798.1,sell,0.1,,,,
745,215015032,2022-05-19 14:36:12,1,0.1195,0.11905517,69.11,BTC-30DEC22-40000-C,29798.1,sell,0.1,,,,
746,215015033,2022-05-19 14:36:12,1,0.1195,0.11905517,69.11,BTC-30DEC22-40000-C,29798.1,sell,0.1,,,,
747,215015034,2022-05-19 14:36:12,1,0.1195,0.11905517,69.11,BTC-30DEC22-40000-C,29798.1,sell,0.1,,,,
748,215015035,2022-05-19 14:36:13,1,0.1195,0.11905517,69.11,BTC-30DEC22-40000-C,29798.1,sell,0.1,,,,
749,215015036,2022-05-19 14:36:13,1,0.1195,0.11905853,69.11,BTC-30DEC22-40000-C,29797.79,sell,8.7,,,,
750,215015260,2022-05-19 14:37:47,1,0.1195,0.11902462,69.15,BTC-30DEC22-40000-C,29774.42,sell,0.7,,,,
751,215015261,2022-05-19 14:37:47,1,0.1195,0.11902462,69.15,BTC-30DEC22-40000-C,29774.42,sell,0.5,,,,
752,215015262,2022-05-19 14:37:48,1,0.1195,0.11902462,69.15,BTC-30DEC22-40000-C,29774.42,sell,6.0,,,,
753,215015263,2022-05-19 14:37:48,1,0.1195,0.11902462,69.15,BTC-30DEC22-40000-C,29774.42,sell,1.0,,,,
754,215015264,2022-05-19 14:37:48,1,0.1195,0.11902462,69.15,BTC-30DEC22-40000-C,29774.42,sell,0.5,,,,
755,215015265,2022-05-19 14:37:48,1,0.1195,0.11902462,69.15,BTC-30DEC22-40000-C,29774.42,sell,0.4,,,,
756,215015266,2022-05-19 14:37:48,1,0.1195,0.11902462,69.15,BTC-30DEC22-40000-C,29774.42,sell,0.3,,,,
757,215015267,2022-05-19 14:37:48,1,0.1195,0.11902462,69.15,BTC-30DEC22-40000-C,29774.42,sell,0.2,,,,
758,215015268,2022-05-19 14:37:48,1,0.1195,0.11902462,69.15,BTC-30DEC22-40000-C,29774.12,sell,0.1,,,,
759,215015269,2022-05-19 14:37:48,1,0.1195,0.11902462,69.15,BTC-30DEC22-40000-C,29774.12,sell,0.1,,,,
760,215015271,2022-05-19 14:37:48,1,0.1195,0.11902462,69.15,BTC-30DEC22-40000-C,29774.12,sell,0.2,,,,
761,215015286,2022-05-19 14:37:56,1,0.1195,0.11904404,69.15,BTC-30DEC22-40000-C,29772.98,sell,0.1,,,,
762,215015287,2022-05-19 14:37:56,1,0.1195,0.11904404,69.15,BTC-30DEC22-40000-C,29772.98,sell,0.1,,,,
763,215015288,2022-05-19 14:37:56,1,0.1195,0.11904404,69.15,BTC-30DEC22-40000-C,29772.98,sell,0.1,,,,
764,215015289,2022-05-19 14:37:56,1,0.1195,0.11904404,69.15,BTC-30DEC22-40000-C,29772.98,sell,0.1,,,,
765,215015293,2022-05-19 14:37:56,1,0.1195,0.11904404,69.15,BTC-30DEC22-40000-C,29772.98,sell,1.0,,,,
766,215015294,2022-05-19 14:37:56,1,0.1195,0.11904404,69.15,BTC-30DEC22-40000-C,29772.98,sell,0.1,,,,
767,215015295,2022-05-19 14:37:56,1,0.1195,0.11904404,69.15,BTC-30DEC22-40000-C,29772.98,sell,0.1,,,,
768,215015296,2022-05-19 14:37:56,1,0.1195,0.11904404,69.15,BTC-30DEC22-40000-C,29772.98,sell,0.1,,,,
769,215015297,2022-05-19 14:37:56,1,0.1195,0.11904404,69.15,BTC-30DEC22-40000-C,29772.98,sell,0.1,,,,
770,215015298,2022-05-19 14:37:57,1,0.1195,0.11904404,69.15,BTC-30DEC22-40000-C,29772.98,sell,0.1,,,,
771,215015304,2022-05-19 14:37:59,1,0.1195,0.11901588,69.16,BTC-30DEC22-40000-C,29768.39,sell,0.1,,,,
772,215015305,2022-05-19 14:37:59,1,0.1195,0.11901588,69.16,BTC-30DEC22-40000-C,29768.39,sell,0.1,,,,
773,215015306,2022-05-19 14:37:59,1,0.1195,0.11901588,69.16,BTC-30DEC22-40000-C,29768.39,sell,0.1,,,,
774,215015311,2022-05-19 14:38:01,1,0.1195,0.11898789,69.16,BTC-30DEC22-40000-C,29763.9,sell,0.1,,,,
775,215015312,2022-05-19 14:38:01,1,0.1195,0.11898789,69.16,BTC-30DEC22-40000-C,29763.9,sell,0.1,,,,
776,215015341,2022-05-19 14:38:14,1,0.1195,0.11897912,69.18,BTC-30DEC22-40000-C,29752.41,sell,0.1,,,,
777,215015346,2022-05-19 14:38:15,1,0.1195,0.11897672,69.18,BTC-30DEC22-40000-C,29751.7,sell,0.1,,,,
778,215015347,2022-05-19 14:38:15,1,0.1195,0.11897672,69.18,BTC-30DEC22-40000-C,29751.7,sell,0.1,,,,
779,215015349,2022-05-19 14:38:16,1,0.1195,0.11898072,69.19,BTC-30DEC22-40000-C,29747.37,sell,0.1,,,,
780,215015350,2022-05-19 14:38:16,1,0.1195,0.11898072,69.19,BTC-30DEC22-40000-C,29747.37,sell,0.1,,,,
781,215015351,2022-05-19 14:38:16,1,0.1195,0.11898072,69.19,BTC-30DEC22-40000-C,29747.37,sell,0.1,,,,
782,215015359,2022-05-19 14:38:18,1,0.1195,0.11891547,69.2,BTC-30DEC22-40000-C,29743.01,sell,0.1,,,,
783,215015382,2022-05-19 14:38:24,1,0.1195,0.11896667,69.19,BTC-30DEC22-40000-C,29745.12,sell,0.1,,,,
784,215015383,2022-05-19 14:38:24,1,0.1195,0.11896667,69.19,BTC-30DEC22-40000-C,29745.12,sell,0.1,,,,
785,215015384,2022-05-19 14:38:25,1,0.1195,0.11893707,69.2,BTC-30DEC22-40000-C,29741.38,sell,0.1,,,,
786,215015385,2022-05-19 14:38:25,1,0.1195,0.11893707,69.2,BTC-30DEC22-40000-C,29741.38,sell,0.1,,,,
787,215015386,2022-05-19 14:38:25,1,0.1195,0.11893707,69.2,BTC-30DEC22-40000-C,29741.38,sell,0.1,,,,
788,215015387,2022-05-19 14:38:26,1,0.1195,0.11893707,69.2,BTC-30DEC22-40000-C,29740.35,sell,0.1,,,,
789,215015388,2022-05-19 14:38:26,1,0.1195,0.11893707,69.2,BTC-30DEC22-40000-C,29740.35,sell,0.1,,,,
790,215015389,2022-05-19 14:38:26,1,0.1195,0.11893707,69.2,BTC-30DEC22-40000-C,29740.35,sell,0.1,,,,
791,215015390,2022-05-19 14:38:26,1,0.1195,0.11893707,69.2,BTC-30DEC22-40000-C,29740.35,sell,0.1,,,,
792,215015465,2022-05-19 14:39:10,1,0.1195,0.11905444,69.2,BTC-30DEC22-40000-C,29728.41,sell,0.1,,,,
793,215015471,2022-05-19 14:39:14,1,0.1195,0.11902077,69.2,BTC-30DEC22-40000-C,29726.02,sell,0.1,,,,
794,215015472,2022-05-19 14:39:14,1,0.1195,0.11902077,69.2,BTC-30DEC22-40000-C,29726.02,sell,0.1,,,,
795,215015585,2022-05-19 14:40:33,1,0.1195,0.11902583,69.25,BTC-30DEC22-40000-C,29739.16,sell,0.1,,,,
796,215015586,2022-05-19 14:40:34,1,0.1195,0.11899507,69.25,BTC-30DEC22-40000-C,29739.16,sell,0.1,,,,
797,215015587,2022-05-19 14:40:34,1,0.1195,0.11899507,69.25,BTC-30DEC22-40000-C,29739.16,sell,0.1,,,,
798,215015660,2022-05-19 14:41:23,1,0.1195,0.11903395,69.27,BTC-30DEC22-40000-C,29717.32,sell,0.1,,,,
799,215015664,2022-05-19 14:41:23,1,0.1195,0.11903395,69.27,BTC-30DEC22-40000-C,29717.32,sell,0.1,,,,
800,215015665,2022-05-19 14:41:23,1,0.1195,0.11903395,69.29,BTC-30DEC22-40000-C,29711.94,sell,0.1,,,,
801,215015668,2022-05-19 14:41:23,1,0.1195,0.11903395,69.29,BTC-30DEC22-40000-C,29711.94,sell,0.1,,,,
802,215015669,2022-05-19 14:41:23,1,0.1195,0.11903395,69.29,BTC-30DEC22-40000-C,29711.94,sell,0.1,,,,
803,215015670,2022-05-19 14:41:23,1,0.1195,0.11903395,69.29,BTC-30DEC22-40000-C,29711.94,sell,0.1,,,,
804,215015689,2022-05-19 14:41:38,1,0.1195,0.11888305,69.33,BTC-30DEC22-40000-C,29703.02,sell,0.1,,,,
805,215015690,2022-05-19 14:41:38,1,0.1195,0.11888305,69.33,BTC-30DEC22-40000-C,29703.02,sell,0.1,,,,
806,215015691,2022-05-19 14:41:38,1,0.1195,0.11888305,69.33,BTC-30DEC22-40000-C,29703.02,sell,0.1,,,,
807,215015774,2022-05-19 14:41:57,1,0.1195,0.11887389,69.35,BTC-30DEC22-40000-C,29696.24,sell,0.1,,,,
808,215015801,2022-05-19 14:41:57,1,0.1195,0.11887389,69.35,BTC-30DEC22-40000-C,29696.24,sell,0.1,,,,
809,215015803,2022-05-19 14:41:57,1,0.1195,0.11887389,69.35,BTC-30DEC22-40000-C,29696.24,sell,0.1,,,,
810,215015844,2022-05-19 14:41:57,1,0.1195,0.11887389,69.35,BTC-30DEC22-40000-C,29696.24,sell,0.1,,,,
811,215015845,2022-05-19 14:41:57,1,0.1195,0.11887389,69.35,BTC-30DEC22-40000-C,29696.24,sell,0.1,,,,
812,215015848,2022-05-19 14:41:57,1,0.1195,0.11887389,69.39,BTC-30DEC22-40000-C,29682.57,sell,0.1,,,,
813,215015849,2022-05-19 14:41:57,1,0.1195,0.11887389,69.39,BTC-30DEC22-40000-C,29682.57,sell,0.1,,,,
814,215015850,2022-05-19 14:41:57,1,0.1195,0.11887389,69.39,BTC-30DEC22-40000-C,29682.57,sell,0.1,,,,
815,215015852,2022-05-19 14:41:58,1,0.1195,0.11887389,69.39,BTC-30DEC22-40000-C,29682.57,sell,0.2,,,,
816,215015853,2022-05-19 14:41:58,1,0.1195,0.11887389,69.39,BTC-30DEC22-40000-C,29682.57,sell,0.2,,,,
817,215015854,2022-05-19 14:41:58,1,0.1195,0.11874951,69.39,BTC-30DEC22-40000-C,29682.57,sell,0.2,,,,
818,215015855,2022-05-19 14:41:58,1,0.1195,0.11874951,69.39,BTC-30DEC22-40000-C,29682.57,sell,0.1,,,,
819,215015856,2022-05-19 14:41:58,1,0.1195,0.11874951,69.39,BTC-30DEC22-40000-C,29682.57,sell,0.1,,,,
820,215015857,2022-05-19 14:41:58,1,0.1195,0.11874951,69.39,BTC-30DEC22-40000-C,29682.57,sell,0.1,,,,
821,215015858,2022-05-19 14:41:58,1,0.1195,0.11874951,69.39,BTC-30DEC22-40000-C,29682.57,sell,0.1,,,,
822,215016263,2022-05-19 14:46:10,0,0.1205,0.11935157,69.63,BTC-30DEC22-40000-C,29734.62,sell,0.3,,,,
823,215016264,2022-05-19 14:46:10,1,0.1205,0.11935157,69.63,BTC-30DEC22-40000-C,29734.62,sell,0.1,,,,
824,215016265,2022-05-19 14:46:10,1,0.1205,0.11935157,69.63,BTC-30DEC22-40000-C,29734.62,sell,0.1,,,,
825,215016266,2022-05-19 14:46:10,1,0.1205,0.11935157,69.63,BTC-30DEC22-40000-C,29734.62,sell,0.1,,,,
826,215016273,2022-05-19 14:46:20,1,0.1205,0.11948231,69.6,BTC-30DEC22-40000-C,29748.18,sell,0.1,,,,
827,215016276,2022-05-19 14:46:27,1,0.1205,0.11947173,69.61,BTC-30DEC22-40000-C,29744.53,sell,0.1,,,,
828,215016277,2022-05-19 14:46:27,1,0.1205,0.11947173,69.61,BTC-30DEC22-40000-C,29744.53,sell,0.1,,,,
829,215016278,2022-05-19 14:46:29,1,0.1205,0.11942233,69.63,BTC-30DEC22-40000-C,29740.26,sell,0.1,,,,
830,215016280,2022-05-19 14:46:29,1,0.1205,0.11942233,69.63,BTC-30DEC22-40000-C,29740.26,sell,0.1,,,,
831,215016281,2022-05-19 14:46:29,1,0.1205,0.11942233,69.63,BTC-30DEC22-40000-C,29740.26,sell,0.1,,,,
832,215016373,2022-05-19 14:47:41,1,0.1205,0.11960171,69.64,BTC-30DEC22-40000-C,29726.65,sell,0.1,,,,
833,215016374,2022-05-19 14:47:41,1,0.1205,0.11960171,69.64,BTC-30DEC22-40000-C,29726.65,sell,8.7,,,,
834,215016702,2022-05-19 14:51:08,0,0.121,0.11997841,69.82,BTC-30DEC22-40000-C,29718.39,sell,10.0,,,,
835,215016730,2022-05-19 14:51:35,1,0.121,0.11997097,69.83,BTC-30DEC22-40000-C,29714.69,sell,4.3,,,,
836,215016731,2022-05-19 14:51:35,1,0.121,0.11997097,69.83,BTC-30DEC22-40000-C,29714.69,sell,0.7,,,,
837,215016732,2022-05-19 14:51:35,1,0.121,0.11997097,69.83,BTC-30DEC22-40000-C,29714.69,sell,0.5,,,,
838,215016733,2022-05-19 14:51:35,1,0.121,0.11997097,69.83,BTC-30DEC22-40000-C,29714.69,sell,0.4,,,,
839,215016734,2022-05-19 14:51:35,1,0.121,0.11997097,69.83,BTC-30DEC22-40000-C,29714.69,sell,0.3,,,,
840,215016735,2022-05-19 14:51:35,1,0.121,0.11997097,69.83,BTC-30DEC22-40000-C,29714.69,sell,0.2,,,,
841,215016736,2022-05-19 14:51:35,1,0.121,0.11997097,69.83,BTC-30DEC22-40000-C,29714.69,sell,0.2,,,,
842,215016737,2022-05-19 14:51:35,1,0.121,0.11997097,69.83,BTC-30DEC22-40000-C,29714.69,sell,0.1,,,,
843,215016738,2022-05-19 14:51:35,1,0.121,0.11997097,69.83,BTC-30DEC22-40000-C,29714.69,sell,0.1,,,,
844,215016740,2022-05-19 14:51:35,1,0.121,0.11997097,69.83,BTC-30DEC22-40000-C,29714.69,sell,0.1,,,,
845,215016741,2022-05-19 14:51:35,1,0.121,0.11997097,69.83,BTC-30DEC22-40000-C,29714.69,sell,0.1,,,,
846,215016753,2022-05-19 14:51:35,1,0.121,0.11997097,69.83,BTC-30DEC22-40000-C,29714.69,sell,0.1,,,,
847,215016754,2022-05-19 14:51:35,1,0.121,0.11997097,69.83,BTC-30DEC22-40000-C,29714.69,sell,0.1,,,,
848,215016758,2022-05-19 14:51:35,1,0.121,0.11997097,69.83,BTC-30DEC22-40000-C,29714.69,sell,0.1,,,,
849,215016772,2022-05-19 14:51:36,1,0.121,0.11997097,69.84,BTC-30DEC22-40000-C,29712.66,sell,0.1,,,,
850,215016773,2022-05-19 14:51:36,1,0.121,0.11997097,69.84,BTC-30DEC22-40000-C,29712.66,sell,0.1,,,,
851,215016774,2022-05-19 14:51:36,1,0.121,0.11997097,69.84,BTC-30DEC22-40000-C,29712.66,sell,0.1,,,,
852,215016775,2022-05-19 14:51:36,1,0.121,0.11995597,69.84,BTC-30DEC22-40000-C,29712.66,sell,0.1,,,,
853,215016776,2022-05-19 14:51:36,1,0.121,0.11995597,69.84,BTC-30DEC22-40000-C,29712.66,sell,0.1,,,,
854,215016777,2022-05-19 14:51:36,1,0.121,0.11995597,69.84,BTC-30DEC22-40000-C,29712.66,sell,0.1,,,,
855,215016779,2022-05-19 14:51:36,1,0.121,0.11995597,69.84,BTC-30DEC22-40000-C,29712.66,sell,0.1,,,,
856,215016790,2022-05-19 14:51:41,1,0.121,0.11997424,69.84,BTC-30DEC22-40000-C,29710.03,sell,0.1,,,,
857,215016791,2022-05-19 14:51:41,1,0.121,0.11997424,69.84,BTC-30DEC22-40000-C,29710.03,sell,0.1,,,,
858,215016792,2022-05-19 14:51:41,1,0.121,0.11997424,69.84,BTC-30DEC22-40000-C,29710.03,sell,0.1,,,,
859,215016794,2022-05-19 14:51:43,1,0.121,0.11994803,69.85,BTC-30DEC22-40000-C,29707.85,sell,0.1,,,,
860,215016800,2022-05-19 14:51:47,1,0.121,0.11996218,69.85,BTC-30DEC22-40000-C,29706.02,sell,0.1,,,,
861,215016801,2022-05-19 14:51:47,1,0.121,0.11996218,69.85,BTC-30DEC22-40000-C,29706.02,sell,0.1,,,,
862,215016802,2022-05-19 14:51:47,1,0.121,0.11996218,69.85,BTC-30DEC22-40000-C,29706.02,sell,0.1,,,,
863,215016803,2022-05-19 14:51:47,1,0.121,0.11996218,69.85,BTC-30DEC22-40000-C,29706.02,sell,0.1,,,,
864,215016804,2022-05-19 14:51:47,1,0.121,0.11996218,69.85,BTC-30DEC22-40000-C,29706.02,sell,0.1,,,,
865,215016805,2022-05-19 14:51:48,1,0.121,0.11990321,69.87,BTC-30DEC22-40000-C,29698.95,sell,0.1,,,,
866,215016807,2022-05-19 14:51:49,1,0.121,0.1199114,69.87,BTC-30DEC22-40000-C,29698.56,sell,0.1,,,,
867,215016812,2022-05-19 14:51:53,1,0.121,0.11992931,69.86,BTC-30DEC22-40000-C,29695.68,sell,0.1,,,,
868,215016813,2022-05-19 14:51:53,1,0.121,0.11992931,69.86,BTC-30DEC22-40000-C,29695.68,sell,0.1,,,,
869,215016816,2022-05-19 14:51:54,1,0.121,0.11992527,69.87,BTC-30DEC22-40000-C,29694.07,sell,0.1,,,,
870,215016818,2022-05-19 14:51:55,1,0.121,0.1199248,69.87,BTC-30DEC22-40000-C,29692.84,sell,0.1,,,,
871,215016825,2022-05-19 14:51:56,1,0.121,0.11992773,69.87,BTC-30DEC22-40000-C,29691.95,sell,0.1,,,,
872,215016826,2022-05-19 14:51:56,1,0.121,0.11992773,69.87,BTC-30DEC22-40000-C,29691.95,sell,0.1,,,,
873,215018059,2022-05-19 15:02:03,0,0.1225,0.12204909,69.88,BTC-30DEC22-40000-C,29857.87,sell,1.1,,,,
874,215018060,2022-05-19 15:02:03,1,0.1225,0.12204909,69.88,BTC-30DEC22-40000-C,29857.87,sell,0.9,,,,
875,215018061,2022-05-19 15:02:03,1,0.1225,0.12204909,69.88,BTC-30DEC22-40000-C,29857.87,sell,0.6,,,,
876,215018062,2022-05-19 15:02:03,1,0.1225,0.12204909,69.88,BTC-30DEC22-40000-C,29857.87,sell,0.5,,,,
877,215018063,2022-05-19 15:02:03,1,0.1225,0.12204909,69.88,BTC-30DEC22-40000-C,29857.87,sell,0.4,,,,
878,215018064,2022-05-19 15:02:04,1,0.1225,0.12204909,69.88,BTC-30DEC22-40000-C,29857.87,sell,0.3,,,,
879,215018065,2022-05-19 15:02:04,1,0.1225,0.12204909,69.88,BTC-30DEC22-40000-C,29857.87,sell,0.2,,,,
880,215018066,2022-05-19 15:02:04,1,0.1225,0.12204909,69.88,BTC-30DEC22-40000-C,29857.87,sell,0.2,,,,
881,215018067,2022-05-19 15:02:04,1,0.1225,0.12204909,69.88,BTC-30DEC22-40000-C,29857.87,sell,0.1,,,,
882,215018068,2022-05-19 15:02:04,1,0.1225,0.12204909,69.88,BTC-30DEC22-40000-C,29857.87,sell,0.1,,,,
883,215018069,2022-05-19 15:02:04,1,0.1225,0.12204909,69.88,BTC-30DEC22-40000-C,29857.87,sell,0.1,,,,
884,215018074,2022-05-19 15:02:04,1,0.1225,0.12205725,69.89,BTC-30DEC22-40000-C,29855.78,sell,0.1,,,,
885,215018078,2022-05-19 15:02:05,1,0.1225,0.12204264,69.89,BTC-30DEC22-40000-C,29855.17,sell,0.1,,,,
886,215018080,2022-05-19 15:02:05,1,0.1225,0.12204264,69.89,BTC-30DEC22-40000-C,29855.17,sell,0.1,,,,
887,215018096,2022-05-19 15:02:06,1,0.1225,0.122043,69.89,BTC-30DEC22-40000-C,29855.16,sell,0.1,,,,
888,215018098,2022-05-19 15:02:06,1,0.1225,0.122043,69.89,BTC-30DEC22-40000-C,29855.16,sell,0.1,,,,
889,215018101,2022-05-19 15:02:06,1,0.1225,0.122043,69.89,BTC-30DEC22-40000-C,29855.16,sell,0.1,,,,
890,215018106,2022-05-19 15:02:07,1,0.1225,0.12204909,69.89,BTC-30DEC22-40000-C,29855.16,sell,0.1,,,,
891,215018109,2022-05-19 15:02:07,1,0.1225,0.12204909,69.89,BTC-30DEC22-40000-C,29855.16,sell,0.1,,,,
892,215018111,2022-05-19 15:02:07,1,0.1225,0.12204909,69.89,BTC-30DEC22-40000-C,29855.16,sell,0.1,,,,
893,215018113,2022-05-19 15:02:07,1,0.1225,0.12204909,69.89,BTC-30DEC22-40000-C,29855.16,sell,0.1,,,,
894,215018125,2022-05-19 15:02:08,1,0.1225,0.12203096,69.9,BTC-30DEC22-40000-C,29850.36,sell,0.1,,,,
895,215018126,2022-05-19 15:02:08,1,0.1225,0.12203096,69.9,BTC-30DEC22-40000-C,29850.36,sell,0.1,,,,
896,215018128,2022-05-19 15:02:08,1,0.1225,0.12203096,69.9,BTC-30DEC22-40000-C,29850.36,sell,0.1,,,,
897,215018130,2022-05-19 15:02:09,1,0.1225,0.12203096,69.9,BTC-30DEC22-40000-C,29850.36,sell,0.1,,,,
898,215018166,2022-05-19 15:02:21,1,0.1225,0.12211848,69.87,BTC-30DEC22-40000-C,29855.41,sell,0.1,,,,
899,215018170,2022-05-19 15:02:21,1,0.1225,0.12211848,69.87,BTC-30DEC22-40000-C,29855.41,sell,0.1,,,,
900,215018184,2022-05-19 15:02:25,1,0.1225,0.12210918,69.88,BTC-30DEC22-40000-C,29851.17,sell,0.1,,,,
901,215018187,2022-05-19 15:02:25,1,0.1225,0.12210918,69.88,BTC-30DEC22-40000-C,29850.25,sell,0.1,,,,
902,215018189,2022-05-19 15:02:25,1,0.1225,0.12210918,69.88,BTC-30DEC22-40000-C,29850.25,sell,0.1,,,,
903,215018191,2022-05-19 15:02:25,1,0.1225,0.12210918,69.88,BTC-30DEC22-40000-C,29850.25,sell,0.1,,,,
904,215018251,2022-05-19 15:02:56,1,0.1225,0.12212284,69.9,BTC-30DEC22-40000-C,29833.72,sell,0.1,,,,
905,215018257,2022-05-19 15:02:58,1,0.1225,0.12210318,69.9,BTC-30DEC22-40000-C,29832.1,sell,0.1,,,,
906,215018258,2022-05-19 15:02:58,1,0.1225,0.12210318,69.9,BTC-30DEC22-40000-C,29832.1,sell,0.1,,,,
907,215018293,2022-05-19 15:03:07,1,0.1225,0.12209245,69.9,BTC-30DEC22-40000-C,29828.45,sell,0.1,,,,
908,215018301,2022-05-19 15:03:08,1,0.1225,0.12209245,69.9,BTC-30DEC22-40000-C,29828.45,sell,0.1,,,,
909,215018302,2022-05-19 15:03:08,1,0.1225,0.12211104,69.9,BTC-30DEC22-40000-C,29828.45,sell,0.1,,,,
910,215018303,2022-05-19 15:03:08,1,0.1225,0.12211104,69.9,BTC-30DEC22-40000-C,29828.45,sell,0.1,,,,
911,215018304,2022-05-19 15:03:08,1,0.1225,0.12211104,69.9,BTC-30DEC22-40000-C,29828.45,sell,0.1,,,,
912,215018305,2022-05-19 15:03:08,1,0.1225,0.12211104,69.9,BTC-30DEC22-40000-C,29828.45,sell,0.1,,,,
913,215018307,2022-05-19 15:03:08,1,0.1225,0.12211104,69.9,BTC-30DEC22-40000-C,29828.45,sell,0.1,,,,
914,215018308,2022-05-19 15:03:08,1,0.1225,0.12211104,69.9,BTC-30DEC22-40000-C,29828.45,sell,0.1,,,,
915,215018328,2022-05-19 15:03:12,1,0.1225,0.1220803,69.92,BTC-30DEC22-40000-C,29820.48,sell,0.1,,,,
916,215018330,2022-05-19 15:03:12,1,0.1225,0.12206764,69.93,BTC-30DEC22-40000-C,29817.49,sell,0.1,,,,
917,215018334,2022-05-19 15:03:14,1,0.1225,0.12204895,69.93,BTC-30DEC22-40000-C,29814.41,sell,0.1,,,,
918,215018335,2022-05-19 15:03:14,1,0.1225,0.12204895,69.93,BTC-30DEC22-40000-C,29814.41,sell,0.1,,,,
919,215018384,2022-05-19 15:03:18,1,0.1225,0.12212306,69.88,BTC-30DEC22-40000-C,29827.03,sell,0.1,,,,
920,215018391,2022-05-19 15:03:18,1,0.1225,0.12218659,69.88,BTC-30DEC22-40000-C,29827.03,sell,0.1,,,,
921,215018392,2022-05-19 15:03:18,1,0.1225,0.12218659,69.88,BTC-30DEC22-40000-C,29827.03,sell,0.1,,,,
922,215018395,2022-05-19 15:03:18,1,0.1225,0.12218659,69.9,BTC-30DEC22-40000-C,29820.47,sell,0.1,,,,
923,215018396,2022-05-19 15:03:19,1,0.1225,0.12218659,69.9,BTC-30DEC22-40000-C,29820.47,sell,0.1,,,,
924,215018398,2022-05-19 15:03:19,1,0.1225,0.12212691,69.9,BTC-30DEC22-40000-C,29820.47,sell,0.1,,,,
925,215018407,2022-05-19 15:03:21,1,0.1225,0.12201458,69.94,BTC-30DEC22-40000-C,29810.37,sell,0.1,,,,
926,215018411,2022-05-19 15:03:21,1,0.1225,0.12201458,69.95,BTC-30DEC22-40000-C,29807.95,sell,0.1,,,,
927,215018412,2022-05-19 15:03:21,1,0.1225,0.12201458,69.95,BTC-30DEC22-40000-C,29807.95,sell,0.1,,,,
928,215018413,2022-05-19 15:03:21,1,0.1225,0.12201458,69.95,BTC-30DEC22-40000-C,29807.95,sell,0.1,,,,
929,215018415,2022-05-19 15:03:22,1,0.1225,0.12201458,69.95,BTC-30DEC22-40000-C,29807.95,sell,0.1,,,,
930,215018417,2022-05-19 15:03:22,1,0.1225,0.12201458,69.95,BTC-30DEC22-40000-C,29807.95,sell,0.1,,,,
931,215018420,2022-05-19 15:03:22,1,0.1225,0.12198185,69.95,BTC-30DEC22-40000-C,29807.95,sell,0.1,,,,
932,215018755,2022-05-19 15:05:46,1,0.1225,0.12208666,70.01,BTC-30DEC22-40000-C,29812.86,sell,0.7,,,,
933,215018756,2022-05-19 15:05:46,1,0.1225,0.12208666,70.01,BTC-30DEC22-40000-C,29812.86,sell,10.0,,,,
934,215018795,2022-05-19 15:05:58,1,0.1225,0.12195941,70.08,BTC-30DEC22-40000-C,29788.35,sell,0.1,,,,
935,215018849,2022-05-19 15:06:24,1,0.1225,0.12185902,70.1,BTC-30DEC22-40000-C,29783.21,sell,9.9,,,,
936,215019099,2022-05-19 15:08:29,1,0.1225,0.12202875,70.11,BTC-30DEC22-40000-C,29785.22,sell,10.0,,,,
937,215019827,2022-05-19 15:12:52,0,0.124,0.12380696,70.07,BTC-30DEC22-40000-C,29948.84,sell,0.1,,,,
938,215019830,2022-05-19 15:12:53,1,0.124,0.12380696,70.07,BTC-30DEC22-40000-C,29948.68,sell,0.1,,,,
939,215019831,2022-05-19 15:12:53,1,0.124,0.12380696,70.07,BTC-30DEC22-40000-C,29948.68,sell,0.1,,,,
940,215019846,2022-05-19 15:13:02,1,0.124,0.12381299,70.07,BTC-30DEC22-40000-C,29949.85,sell,0.1,,,,
941,215019851,2022-05-19 15:13:05,1,0.124,0.12378821,70.08,BTC-30DEC22-40000-C,29946.63,sell,0.1,,,,
942,215019856,2022-05-19 15:13:07,1,0.124,0.12376061,70.09,BTC-30DEC22-40000-C,29943.49,sell,0.1,,,,
943,215019857,2022-05-19 15:13:07,1,0.124,0.12376061,70.09,BTC-30DEC22-40000-C,29943.49,sell,0.1,,,,
944,215019858,2022-05-19 15:13:07,1,0.124,0.12376061,70.09,BTC-30DEC22-40000-C,29943.49,sell,0.1,,,,
945,215019863,2022-05-19 15:13:07,1,0.124,0.12376061,70.09,BTC-30DEC22-40000-C,29943.49,sell,0.1,,,,
946,215019874,2022-05-19 15:13:14,1,0.124,0.12374038,70.09,BTC-30DEC22-40000-C,29938.22,sell,0.1,,,,
947,215019877,2022-05-19 15:13:14,1,0.124,0.12374571,70.09,BTC-30DEC22-40000-C,29938.22,sell,0.1,,,,
948,215019911,2022-05-19 15:13:48,1,0.124,0.123751,70.1,BTC-30DEC22-40000-C,29929.11,sell,0.1,,,,
949,215019912,2022-05-19 15:13:48,1,0.124,0.123751,70.1,BTC-30DEC22-40000-C,29929.11,sell,8.8,,,,
950,215019920,2022-05-19 15:13:55,1,0.124,0.12377936,70.09,BTC-30DEC22-40000-C,29929.07,sell,0.1,,,,
951,215019921,2022-05-19 15:13:55,1,0.124,0.12377936,70.09,BTC-30DEC22-40000-C,29929.07,sell,0.1,,,,
952,215019922,2022-05-19 15:13:56,1,0.124,0.12373768,70.11,BTC-30DEC22-40000-C,29924.23,sell,0.1,,,,
953,215019923,2022-05-19 15:13:56,1,0.124,0.12373768,70.11,BTC-30DEC22-40000-C,29921.45,sell,0.1,,,,
954,215019924,2022-05-19 15:13:56,1,0.124,0.12373768,70.11,BTC-30DEC22-40000-C,29921.45,sell,0.1,,,,
955,215020108,2022-05-19 15:15:45,1,0.124,0.12380734,70.11,BTC-30DEC22-40000-C,29914.72,sell,0.1,,,,
956,215020114,2022-05-19 15:15:47,1,0.124,0.12379473,70.11,BTC-30DEC22-40000-C,29911.7,sell,0.1,,,,
957,215020115,2022-05-19 15:15:47,1,0.124,0.12379473,70.11,BTC-30DEC22-40000-C,29911.7,sell,0.1,,,,
958,215020116,2022-05-19 15:15:48,1,0.124,0.12379665,70.12,BTC-30DEC22-40000-C,29908.47,sell,0.1,,,,
959,215020117,2022-05-19 15:15:48,1,0.124,0.12379665,70.12,BTC-30DEC22-40000-C,29908.47,sell,9.1,,,,
960,215020127,2022-05-19 15:15:55,1,0.124,0.12374639,70.13,BTC-30DEC22-40000-C,29899.32,sell,0.1,,,,
961,215020128,2022-05-19 15:15:56,1,0.124,0.12373831,70.13,BTC-30DEC22-40000-C,29899.16,sell,0.1,,,,
962,215020129,2022-05-19 15:15:56,1,0.124,0.12373831,70.13,BTC-30DEC22-40000-C,29899.16,sell,0.1,,,,
963,215020137,2022-05-19 15:15:56,1,0.124,0.12373831,70.13,BTC-30DEC22-40000-C,29899.16,sell,0.1,,,,
964,215020138,2022-05-19 15:15:56,1,0.124,0.12373831,70.13,BTC-30DEC22-40000-C,29899.16,sell,0.1,,,,
965,215020143,2022-05-19 15:15:59,1,0.124,0.12375646,70.13,BTC-30DEC22-40000-C,29898.91,sell,0.1,,,,
966,215020150,2022-05-19 15:16:03,1,0.124,0.12376483,70.13,BTC-30DEC22-40000-C,29897.34,sell,0.1,,,,
967,215020151,2022-05-19 15:16:03,1,0.124,0.12376483,70.13,BTC-30DEC22-40000-C,29897.34,sell,0.1,,,,
968,215020171,2022-05-19 15:16:04,1,0.124,0.12374221,70.14,BTC-30DEC22-40000-C,29891.58,sell,0.1,,,,
969,215020172,2022-05-19 15:16:04,1,0.124,0.12374221,70.14,BTC-30DEC22-40000-C,29891.58,sell,0.1,,,,
970,215020173,2022-05-19 15:16:05,1,0.124,0.12372265,70.14,BTC-30DEC22-40000-C,29891.58,sell,0.1,,,,
971,215020174,2022-05-19 15:16:05,1,0.124,0.12372265,70.14,BTC-30DEC22-40000-C,29891.58,sell,0.1,,,,
972,215020175,2022-05-19 15:16:05,1,0.124,0.12372265,70.15,BTC-30DEC22-40000-C,29889.25,sell,0.1,,,,
973,215020187,2022-05-19 15:16:08,1,0.124,0.12371119,70.15,BTC-30DEC22-40000-C,29888.99,sell,0.1,,,,
974,215020190,2022-05-19 15:16:08,1,0.124,0.12371119,70.15,BTC-30DEC22-40000-C,29888.99,sell,0.1,,,,
975,215020192,2022-05-19 15:16:09,1,0.124,0.12371643,70.15,BTC-30DEC22-40000-C,29886.95,sell,0.1,,,,
976,215020194,2022-05-19 15:16:10,1,0.124,0.12370618,70.15,BTC-30DEC22-40000-C,29886.95,sell,0.1,,,,
977,215020195,2022-05-19 15:16:10,1,0.124,0.12370618,70.15,BTC-30DEC22-40000-C,29886.95,sell,0.1,,,,
978,215020196,2022-05-19 15:16:10,1,0.124,0.12370618,70.16,BTC-30DEC22-40000-C,29884.74,sell,0.1,,,,
979,215020747,2022-05-19 15:21:57,0,0.125,0.1243713,70.39,BTC-30DEC22-40000-C,29940.43,sell,10.0,,,,
980,215025215,2022-05-19 15:32:53,0,0.1285,0.12769505,70.36,BTC-30DEC22-40000-C,30310.21,sell,10.0,,,,
