trade_seq,trade_id,timestamp,tick_direction,price,mark_price,iv,instrument_name,index_price,direction,contracts,amount,combo_id,block_trade_id,combo_trade_id,liquidation
1,306708844,2024-06-27 15:40:00,1,0.097,0.09948347,67.19,BTC-27JUN25-120000-C,61619.5,buy,2.0,2.0,,,,
2,306734704,2024-06-27 23:20:51,0,0.1025,0.1030378,68.85,BTC-27JUN25-120000-C,61567.54,sell,0.1,0.1,,,,
3,306738205,2024-06-28 00:24:45,0,0.104,0.10062591,69.36,BTC-27JUN25-120000-C,61575.74,buy,0.1,0.1,,,,
4,306738206,2024-06-28 00:24:45,1,0.104,0.10062591,69.36,BTC-27JUN25-120000-C,61575.74,sell,5.5,5.5,,,,
5,306738210,2024-06-28 00:25:05,0,0.105,0.10188885,69.64,BTC-27JUN25-120000-C,61575.09,buy,4.4,4.4,,,,
6,306747755,2024-06-28 01:50:37,2,0.1,0.10123375,67.94,BTC-27JUN25-120000-C,61870.87,buy,4.0,4.0,,,,
7,306747916,2024-06-28 01:52:00,0,0.1005,0.10111839,68.13,BTC-27JUN25-120000-C,61828.21,buy,11.0,11.0,,,,
8,306792244,2024-06-28 08:27:25,2,0.097,0.09612642,68.13,BTC-27JUN25-120000-C,61273.86,buy,0.1,0.1,,,,
9,306842072,2024-06-28 15:15:17,2,0.0965,0.09659017,68.38,BTC-27JUN25-120000-C,60722.24,buy,0.1,0.1,,,,
10,306854435,2024-06-28 17:18:05,0,0.0995,0.09942576,69.1,BTC-27JUN25-120000-C,60828.19,sell,0.1,0.1,,,,
11,306854746,2024-06-28 17:21:44,0,0.1,0.09983964,69.13,BTC-27JUN25-120000-C,60922.48,sell,0.3,0.3,,,,
12,306855058,2024-06-28 17:27:24,0,0.101,0.09951211,69.42,BTC-27JUN25-120000-C,60928.5,buy,0.8,0.8,,,,
13,306856572,2024-06-28 17:50:32,2,0.0975,0.09871045,68.61,BTC-27JUN25-120000-C,60700.2,sell,1.0,1.0,,,,
14,306933154,2024-06-30 07:27:56,2,0.0965,0.09548013,67.77,BTC-27JUN25-120000-C,61498.8,buy,0.1,0.1,,,,
15,306938018,2024-06-30 08:23:41,2,0.0955,0.0949191,67.56,BTC-27JUN25-120000-C,61386.36,buy,0.1,0.1,,,,
16,306938020,2024-06-30 08:23:50,0,0.096,0.09492418,67.7,BTC-27JUN25-120000-C,61383.51,buy,0.1,0.1,,,,
17,306938021,2024-06-30 08:23:53,0,0.0965,0.09492529,67.85,BTC-27JUN25-120000-C,61381.05,buy,0.1,0.1,,,,
18,306938037,2024-06-30 08:24:09,0,0.097,0.09492118,68.01,BTC-27JUN25-120000-C,61373.17,buy,0.1,0.1,,,,
19,306938041,2024-06-30 08:24:13,0,0.0975,0.09493072,68.15,BTC-27JUN25-120000-C,61373.15,buy,0.1,0.1,,,,
20,306938093,2024-06-30 08:25:38,1,0.0975,0.0954546,68.14,BTC-27JUN25-120000-C,61386.74,sell,0.1,0.1,,,,
21,306938101,2024-06-30 08:25:58,0,0.098,0.09548628,68.28,BTC-27JUN25-120000-C,61390.79,buy,0.1,0.1,,,,
22,306938108,2024-06-30 08:26:25,1,0.098,0.09561161,68.28,BTC-27JUN25-120000-C,61385.62,sell,0.1,0.1,,,,
23,306938114,2024-06-30 08:26:36,0,0.0985,0.09561027,68.43,BTC-27JUN25-120000-C,61385.47,buy,0.1,0.1,,,,
24,306940179,2024-06-30 09:16:36,2,0.096,0.09415752,67.67,BTC-27JUN25-120000-C,61449.39,buy,0.1,0.1,,,,
25,306943893,2024-06-30 11:22:08,0,0.0965,0.09658141,67.76,BTC-27JUN25-120000-C,61508.84,buy,0.1,0.1,,,,
26,306943895,2024-06-30 11:22:10,0,0.097,0.09658001,67.9,BTC-27JUN25-120000-C,61508.12,buy,0.1,0.1,,,,
27,306949748,2024-06-30 14:23:16,0,0.0975,0.0968799,67.94,BTC-27JUN25-120000-C,61600.47,buy,0.1,0.1,,,,
28,306953142,2024-06-30 15:32:35,0,0.098,0.09791659,68.05,BTC-27JUN25-120000-C,61589.31,buy,0.1,0.1,,,,
29,306970450,2024-06-30 22:14:53,0,0.1015,0.10147891,68.62,BTC-27JUN25-120000-C,62004.87,buy,0.1,0.1,,,,
30,306977005,2024-06-30 22:47:51,0,0.1025,0.1041986,68.18,BTC-27JUN25-120000-C,62671.83,sell,0.6,0.6,,,,
31,306977296,2024-06-30 22:50:20,1,0.1025,0.10438797,68.1,BTC-27JUN25-120000-C,62739.27,sell,0.1,0.1,,,,
32,306980477,2024-06-30 23:17:05,0,0.1045,0.1044607,68.59,BTC-27JUN25-120000-C,62812.35,sell,3.8,3.8,,,,
33,306984112,2024-07-01 00:11:18,2,0.1025,0.10296253,68.3,BTC-27JUN25-120000-C,62516.92,sell,1.2,1.2,,,,
34,307007386,2024-07-01 03:41:05,3,0.1025,0.1041168,67.41,BTC-27JUN25-120000-C,63336.71,buy,0.8,0.8,,,,
35,307058150,2024-07-01 17:52:03,2,0.101,0.10201694,67.06,BTC-27JUN25-120000-C,63508.7,buy,0.1,0.1,,,,
36,307064475,2024-07-01 18:36:33,0,0.1015,0.10192268,67.3,BTC-27JUN25-120000-C,63459.75,buy,0.5,0.5,,,,
37,307064488,2024-07-01 18:36:57,1,0.1015,0.10195559,67.29,BTC-27JUN25-120000-C,63467.79,buy,0.5,0.5,,,,
38,307103210,2024-07-02 08:29:17,2,0.098,0.09922082,67.22,BTC-27JUN25-120000-C,62595.46,sell,0.2,0.2,,,,
39,307103256,2024-07-02 08:30:21,3,0.098,0.09917598,67.23,BTC-27JUN25-120000-C,62588.33,sell,0.7,0.7,,,,
40,307105890,2024-07-02 09:27:47,0,0.099,0.09845978,67.52,BTC-27JUN25-120000-C,62611.66,buy,0.1,0.1,,,,
41,307105897,2024-07-02 09:28:10,0,0.1005,0.09847379,67.95,BTC-27JUN25-120000-C,62604.3,buy,1.0,1.0,,,,
42,307108786,2024-07-02 10:41:21,2,0.0975,0.09910979,67.07,BTC-27JUN25-120000-C,62639.63,sell,1.0,1.0,,,,
43,307133140,2024-07-02 14:53:16,2,0.097,0.0979402,67.76,BTC-27JUN25-120000-C,61909.31,sell,1.0,1.0,,,,
44,307145725,2024-07-02 17:33:24,2,0.0932,0.09207231,66.76,BTC-27JUN25-120000-C,61888.85,buy,100.0,100.0,BTC-CS-27JUN25-120000_200000,146626,,
45,307210874,2024-07-03 08:59:52,2,0.0845,0.08562615,65.85,BTC-27JUN25-120000-C,60404.54,sell,1.0,1.0,,,,
46,307253161,2024-07-03 13:52:32,2,0.0835,0.08292247,65.6,BTC-27JUN25-120000-C,60433.28,sell,4.6,4.6,,,,
47,307258933,2024-07-03 14:30:10,2,0.079,0.08056709,64.38,BTC-27JUN25-120000-C,60312.08,sell,1.0,1.0,,,,
48,307269982,2024-07-03 16:08:55,0,0.081,0.07997214,65.07,BTC-27JUN25-120000-C,60168.98,buy,1.8,1.8,,,,
49,307269983,2024-07-03 16:08:55,1,0.081,0.07997214,65.07,BTC-27JUN25-120000-C,60168.98,sell,0.2,0.2,,,,
50,307298685,2024-07-03 20:56:16,0,0.082,0.08015483,66.04,BTC-27JUN25-120000-C,59656.49,buy,0.9,0.9,,,,
51,307380897,2024-07-04 08:38:55,2,0.079,0.07782269,67.05,BTC-27JUN25-120000-C,57919.97,sell,5.0,5.0,,,,
52,307423831,2024-07-04 12:13:34,2,0.0755,0.07481368,66.32,BTC-27JUN25-120000-C,57570.99,buy,0.2,0.2,,,,
53,307455327,2024-07-04 15:08:18,0,0.0775,0.0760005,67.06,BTC-27JUN25-120000-C,57538.11,buy,0.1,0.1,,,,
54,307458586,2024-07-04 15:45:52,1,0.0775,0.07663899,66.75,BTC-27JUN25-120000-C,57797.51,buy,0.1,0.1,,,,
55,307462172,2024-07-04 15:57:12,1,0.0775,0.07765406,66.47,BTC-27JUN25-120000-C,58046.46,buy,0.5,0.5,,,,
56,307479487,2024-07-04 21:01:54,2,0.077,0.07759671,66.05,BTC-27JUN25-120000-C,58297.99,buy,0.2,0.2,,,,
57,307479530,2024-07-04 21:04:15,2,0.076,0.07730421,65.74,BTC-27JUN25-120000-C,58299.86,buy,0.1,0.1,,,,
58,307480101,2024-07-04 21:20:11,0,0.077,0.07785141,65.88,BTC-27JUN25-120000-C,58454.57,buy,0.1,0.1,,,,
59,307533010,2024-07-05 03:01:47,2,0.074,0.07286663,68.42,BTC-27JUN25-120000-C,55237.45,sell,0.4,0.4,,,,
60,307544666,2024-07-05 03:19:54,2,0.073,0.07217845,67.83,BTC-27JUN25-120000-C,55561.36,sell,5.9,5.9,,,,
61,307552206,2024-07-05 03:52:06,2,0.0685,0.07116234,66.6,BTC-27JUN25-120000-C,55312.67,sell,0.1,0.1,,,,
62,307579968,2024-07-05 05:03:47,0,0.0745,0.07329618,69.91,BTC-27JUN25-120000-C,54011.19,sell,1.0,1.0,,,,
63,307729649,2024-07-05 17:07:14,0,0.077,0.07769647,68.0,BTC-27JUN25-120000-C,56368.97,sell,0.3,0.3,,,,
64,307729686,2024-07-05 17:07:35,1,0.077,0.07761255,68.03,BTC-27JUN25-120000-C,56341.09,sell,0.5,0.5,,,,
65,307736402,2024-07-05 18:09:34,1,0.077,0.07771444,68.15,BTC-27JUN25-120000-C,56207.95,sell,0.2,0.2,,,,
66,307756756,2024-07-05 22:13:50,2,0.075,0.07751914,67.18,BTC-27JUN25-120000-C,56501.32,sell,1.0,1.0,,,,
67,307778674,2024-07-06 04:44:47,0,0.076,0.07620487,67.95,BTC-27JUN25-120000-C,56146.46,buy,1.0,1.0,,,,
68,307820155,2024-07-06 16:42:39,0,0.0785,0.07837036,66.87,BTC-27JUN25-120000-C,57951.58,buy,0.1,0.1,,,,
69,307821816,2024-07-06 16:51:33,2,0.0775,0.07818372,66.61,BTC-27JUN25-120000-C,57886.16,buy,0.5,0.5,,,,
70,307822715,2024-07-06 17:04:39,0,0.0785,0.07808316,66.97,BTC-27JUN25-120000-C,57829.29,buy,0.1,0.1,,,,
71,307823308,2024-07-06 17:18:02,2,0.0775,0.0780075,66.6,BTC-27JUN25-120000-C,57884.51,buy,0.1,0.1,,,,
72,307824351,2024-07-06 17:42:10,0,0.078,0.07768936,66.75,BTC-27JUN25-120000-C,57913.45,buy,0.1,0.1,,,,
73,307833905,2024-07-06 21:02:47,0,0.0785,0.07866562,66.65,BTC-27JUN25-120000-C,58147.38,buy,0.1,0.1,,,,
74,307838263,2024-07-06 23:01:39,0,0.079,0.07857813,66.82,BTC-27JUN25-120000-C,58143.2,buy,0.1,0.1,,,,
75,307838525,2024-07-06 23:10:21,0,0.0795,0.07859732,66.94,BTC-27JUN25-120000-C,58174.53,buy,0.1,0.1,,,,
76,307839342,2024-07-06 23:19:46,0,0.08,0.07888204,66.93,BTC-27JUN25-120000-C,58363.0,buy,0.1,0.1,,,,
77,307839549,2024-07-06 23:20:09,1,0.08,0.07888005,66.93,BTC-27JUN25-120000-C,58338.76,buy,0.7,0.7,,,,
78,307839724,2024-07-06 23:20:11,1,0.08,0.0789827,66.85,BTC-27JUN25-120000-C,58433.52,buy,0.3,0.3,,,,
79,307925040,2024-07-08 00:49:37,2,0.078,0.07633162,69.91,BTC-27JUN25-120000-C,55148.5,sell,0.5,0.5,,,,
80,307983246,2024-07-08 08:31:19,0,0.0795,0.07872244,68.72,BTC-27JUN25-120000-C,56608.63,buy,0.1,0.1,,,,
81,308018842,2024-07-08 11:12:52,0,0.0825,0.08183508,69.0,BTC-27JUN25-120000-C,57174.98,buy,0.1,0.1,,,,
82,308030864,2024-07-08 13:09:48,0,0.083,0.08264946,68.97,BTC-27JUN25-120000-C,57373.14,buy,0.3,0.3,,,,
83,308170402,2024-07-09 13:52:13,2,0.0815,0.08215691,68.99,BTC-27JUN25-120000-C,56988.72,sell,0.1,0.1,,,,
84,308179451,2024-07-09 14:27:16,3,0.0815,0.08199229,68.57,BTC-27JUN25-120000-C,57405.57,sell,0.1,0.1,,,,
85,308179456,2024-07-09 14:27:19,3,0.0815,0.08194549,68.58,BTC-27JUN25-120000-C,57388.45,sell,0.1,0.1,,,,
86,308202482,2024-07-09 18:23:52,3,0.0815,0.08161223,68.0,BTC-27JUN25-120000-C,57884.53,buy,0.1,0.1,,,,
87,308206516,2024-07-09 18:45:48,0,0.082,0.08239592,67.83,BTC-27JUN25-120000-C,58214.64,buy,0.1,0.1,,,,
88,308286770,2024-07-10 10:09:33,2,0.0795,0.08158826,66.79,BTC-27JUN25-120000-C,58539.06,sell,0.1,0.1,,,,
89,308286771,2024-07-10 10:09:33,3,0.0795,0.08158826,66.79,BTC-27JUN25-120000-C,58539.06,buy,0.9,0.9,,,,
90,308487624,2024-07-12 03:26:49,2,0.075,0.07645163,67.13,BTC-27JUN25-120000-C,57063.59,buy,0.1,0.1,,,,
91,308488818,2024-07-12 03:47:26,0,0.0755,0.07487345,67.46,BTC-27JUN25-120000-C,56911.04,buy,0.1,0.1,,,,
92,308577979,2024-07-12 20:02:33,0,0.0775,0.07767822,67.37,BTC-27JUN25-120000-C,57533.6,sell,0.1,0.1,,,,
93,308880620,2024-07-15 06:22:47,0,0.0935,0.09351263,66.33,BTC-27JUN25-120000-C,62976.83,buy,0.4,0.4,,,,
94,308882218,2024-07-15 06:32:31,0,0.0945,0.09435514,66.7,BTC-27JUN25-120000-C,62927.39,sell,0.2,0.2,,,,
95,308900102,2024-07-15 08:10:33,2,0.093,0.09277073,66.29,BTC-27JUN25-120000-C,62954.23,buy,0.1,0.1,,,,
96,308900883,2024-07-15 08:19:18,0,0.0935,0.09286938,66.42,BTC-27JUN25-120000-C,62982.56,buy,0.1,0.1,,,,
97,308901757,2024-07-15 08:29:22,0,0.094,0.09309273,66.53,BTC-27JUN25-120000-C,63031.98,buy,0.1,0.1,,,,
98,309052839,2024-07-16 04:00:36,0,0.101,0.10260727,66.93,BTC-27JUN25-120000-C,64785.12,buy,0.1,0.1,,,,
99,309148482,2024-07-16 14:30:06,2,0.0985,0.09845522,67.46,BTC-27JUN25-120000-C,63614.29,buy,1.0,1.0,,,,
100,309155662,2024-07-16 15:22:12,0,0.1,0.0997512,67.07,BTC-27JUN25-120000-C,64435.56,buy,5.0,5.0,,,,
101,309156583,2024-07-16 15:27:00,1,0.1,0.09972071,67.07,BTC-27JUN25-120000-C,64464.63,buy,5.0,5.0,,,,
102,309156753,2024-07-16 15:27:50,1,0.1,0.09983999,67.04,BTC-27JUN25-120000-C,64495.63,buy,5.0,5.0,,,,
103,309156834,2024-07-16 15:27:58,1,0.1,0.09999053,66.99,BTC-27JUN25-120000-C,64541.99,buy,1.5,1.5,,,,
104,309156835,2024-07-16 15:27:58,1,0.1,0.09999053,66.99,BTC-27JUN25-120000-C,64541.99,buy,3.5,3.5,,,,
105,309247150,2024-07-17 01:32:49,0,0.109,0.10917303,67.95,BTC-27JUN25-120000-C,65955.53,buy,0.1,0.1,,,,
106,309467600,2024-07-18 11:33:27,2,0.103,0.10262339,68.09,BTC-27JUN25-120000-C,64644.65,buy,0.1,0.1,,,,
107,309473961,2024-07-18 13:10:27,3,0.103,0.10284927,67.73,BTC-27JUN25-120000-C,64974.15,buy,0.1,0.1,,,,
108,309474537,2024-07-18 13:12:50,0,0.1035,0.10314256,67.76,BTC-27JUN25-120000-C,65073.36,buy,0.1,0.1,,,,
109,309475637,2024-07-18 13:19:59,0,0.104,0.10354626,67.88,BTC-27JUN25-120000-C,65085.08,buy,0.1,0.1,,,,
110,309512707,2024-07-18 17:44:30,0,0.1045,0.10295786,69.42,BTC-27JUN25-120000-C,63668.31,buy,0.1,0.1,,,,
111,309512708,2024-07-18 17:44:30,1,0.1045,0.10295786,69.42,BTC-27JUN25-120000-C,63668.31,buy,1.5,1.5,,,,
112,309512750,2024-07-18 17:44:45,0,0.105,0.10294058,69.57,BTC-27JUN25-120000-C,63652.85,buy,0.1,0.1,,,,
113,309512751,2024-07-18 17:44:45,1,0.105,0.10294058,69.57,BTC-27JUN25-120000-C,63652.85,buy,1.6,1.6,,,,
114,309593728,2024-07-19 08:29:31,0,0.1075,0.10542603,70.54,BTC-27JUN25-120000-C,63516.53,buy,0.1,0.1,,,,
115,309602936,2024-07-19 10:19:41,1,0.1075,0.10690306,69.91,BTC-27JUN25-120000-C,64080.51,buy,0.1,0.1,,,,
116,309613254,2024-07-19 12:00:31,0,0.108,0.10719965,70.14,BTC-27JUN25-120000-C,64139.87,buy,0.1,0.1,,,,
117,309623116,2024-07-19 13:39:09,0,0.1085,0.10896046,69.7,BTC-27JUN25-120000-C,64705.58,buy,0.1,0.1,,,,
118,309623995,2024-07-19 13:40:51,0,0.109,0.1092539,69.75,BTC-27JUN25-120000-C,64786.29,buy,0.1,0.1,,,,
119,309627606,2024-07-19 13:55:58,0,0.1095,0.10960023,69.63,BTC-27JUN25-120000-C,65028.72,buy,0.1,0.1,,,,
120,309738721,2024-07-19 22:26:38,0,0.121,0.12152928,70.84,BTC-27JUN25-120000-C,66987.37,buy,2.6,2.6,,,,
121,309738936,2024-07-19 22:30:31,2,0.1205,0.12099914,70.71,BTC-27JUN25-120000-C,66977.93,buy,5.0,5.0,,,,
122,309739040,2024-07-19 22:32:00,3,0.1205,0.12079991,70.71,BTC-27JUN25-120000-C,66994.04,buy,2.4,2.4,,,,
123,309853425,2024-07-21 06:26:14,0,0.123,0.12461025,71.66,BTC-27JUN25-120000-C,66761.35,buy,5.0,5.0,,,,
124,309956789,2024-07-21 23:12:55,0,0.1335,0.13397034,72.93,BTC-27JUN25-120000-C,68113.78,buy,4.5,4.5,,,,
125,309957589,2024-07-21 23:23:53,1,0.1335,0.1331746,72.95,BTC-27JUN25-120000-C,68094.61,buy,0.5,0.5,,,,
126,309960731,2024-07-22 00:06:21,1,0.1335,0.13434476,72.77,BTC-27JUN25-120000-C,68232.34,buy,1.0,1.0,,,,
127,310086879,2024-07-22 19:43:25,2,0.1325,0.13227798,72.8,BTC-27JUN25-120000-C,67952.25,buy,0.1,0.1,,,,
128,310168231,2024-07-23 08:12:35,2,0.127,0.1290963,72.72,BTC-27JUN25-120000-C,66597.48,buy,0.2,0.2,,,,
129,310274189,2024-07-23 19:24:54,2,0.123,0.12272499,72.54,BTC-27JUN25-120000-C,66019.65,buy,0.1,0.1,,,,
130,310368041,2024-07-24 16:43:24,2,0.1196,0.11896235,71.6,BTC-27JUN25-120000-C,66336.69,sell,0.1,0.1,BTC-CS-27JUN25-120000_160000,,310368039,
131,310492268,2024-07-25 11:55:15,2,0.106,0.10605031,70.38,BTC-27JUN25-120000-C,64127.93,sell,0.4,0.4,,,,
132,310549907,2024-07-25 14:55:07,0,0.1085,0.10659923,70.77,BTC-27JUN25-120000-C,64678.81,buy,2.2,2.2,,,,
133,311185023,2024-07-29 11:24:55,0,0.1115,0.10965134,66.28,BTC-27JUN25-120000-C,69787.43,buy,4.0,4.0,,,,
134,311209236,2024-07-29 14:02:20,2,0.1095,0.10843571,66.35,BTC-27JUN25-120000-C,69252.47,sell,5.0,5.0,,,,
135,311209765,2024-07-29 14:02:52,2,0.109,0.10778383,66.42,BTC-27JUN25-120000-C,69045.94,sell,3.5,3.5,,,,
136,311285624,2024-07-29 19:21:53,2,0.0995,0.1012943,65.45,BTC-27JUN25-120000-C,67433.78,sell,1.0,1.0,,,,
137,311385232,2024-07-30 13:57:45,2,0.091,0.09001294,64.23,BTC-27JUN25-120000-C,66398.24,buy,1.1,1.1,,,,
138,311385233,2024-07-30 13:57:45,3,0.091,0.09001294,64.23,BTC-27JUN25-120000-C,66398.24,buy,6.4,6.4,,,,
139,311385234,2024-07-30 13:57:45,3,0.091,0.09001294,64.23,BTC-27JUN25-120000-C,66398.24,buy,2.0,2.0,,,,
140,311385241,2024-07-30 13:57:47,3,0.091,0.09000707,64.23,BTC-27JUN25-120000-C,66397.06,buy,0.8,0.8,,,,
141,311447773,2024-07-31 02:59:35,2,0.088,0.08995024,63.64,BTC-27JUN25-120000-C,66115.65,sell,0.1,0.1,,,,
142,311449206,2024-07-31 03:32:23,2,0.0875,0.08944949,63.59,BTC-27JUN25-120000-C,66087.74,sell,0.4,0.4,,,,
143,311449213,2024-07-31 03:32:32,3,0.0875,0.08944044,63.59,BTC-27JUN25-120000-C,66086.24,sell,0.1,0.1,,,,
144,311449227,2024-07-31 03:32:35,3,0.0875,0.08942719,63.6,BTC-27JUN25-120000-C,66071.74,sell,0.5,0.5,,,,
145,311479793,2024-07-31 10:14:39,0,0.0895,0.08898122,64.21,BTC-27JUN25-120000-C,66099.05,sell,9.0,9.0,,,,
146,311573661,2024-08-01 00:14:20,2,0.0845,0.08506074,64.42,BTC-27JUN25-120000-C,64626.1,sell,3.0,3.0,,,,
147,311592723,2024-08-01 01:56:04,3,0.0845,0.08417137,65.08,BTC-27JUN25-120000-C,64172.75,sell,17.0,17.0,,,,
148,311768814,2024-08-01 21:17:31,2,0.08,0.07798306,63.41,BTC-27JUN25-120000-C,64738.28,buy,0.2,0.2,,,,
149,311779924,2024-08-01 22:00:58,2,0.078,0.07935729,62.69,BTC-27JUN25-120000-C,64854.62,sell,1.0,1.0,,,,
150,311837442,2024-08-02 06:56:40,2,0.0755,0.07761328,62.37,BTC-27JUN25-120000-C,64476.12,sell,2.0,2.0,,,,
151,311922851,2024-08-02 15:28:34,2,0.072,0.07230681,63.21,BTC-27JUN25-120000-C,62705.57,sell,0.1,0.1,,,,
152,311962699,2024-08-02 20:26:55,2,0.071,0.07137486,62.94,BTC-27JUN25-120000-C,62609.52,sell,0.1,0.1,,,,
153,311973091,2024-08-02 21:14:43,2,0.07,0.06966068,63.27,BTC-27JUN25-120000-C,61983.83,sell,0.1,0.1,,,,
154,311973092,2024-08-02 21:14:43,3,0.07,0.06966068,63.27,BTC-27JUN25-120000-C,61983.83,sell,0.1,0.1,,,,
155,312006971,2024-08-03 01:07:01,2,0.068,0.06773529,63.89,BTC-27JUN25-120000-C,60853.54,sell,0.1,0.1,,,,
156,312049336,2024-08-03 11:25:24,0,0.07,0.06836726,63.5,BTC-27JUN25-120000-C,61867.89,buy,0.1,0.1,,,,
157,312096385,2024-08-03 19:29:30,2,0.0675,0.06593349,64.75,BTC-27JUN25-120000-C,59909.95,buy,0.1,0.1,,,,
158,312104709,2024-08-03 21:05:56,2,0.066,0.06630181,64.05,BTC-27JUN25-120000-C,60082.94,sell,0.1,0.1,,,,
159,312104710,2024-08-03 21:05:56,3,0.066,0.06630181,64.05,BTC-27JUN25-120000-C,60082.94,sell,0.2,0.2,,,,
160,312126220,2024-08-04 03:16:19,2,0.0655,0.06760229,63.22,BTC-27JUN25-120000-C,60766.49,sell,0.1,0.1,,,,
161,312193157,2024-08-04 17:39:30,2,0.0575,0.06081609,63.36,BTC-27JUN25-120000-C,58020.84,buy,1.0,1.0,,,,
162,312429516,2024-08-05 05:24:27,0,0.0595,0.05745563,69.11,BTC-27JUN25-120000-C,53264.03,buy,4.0,4.0,,,,
163,312494783,2024-08-05 06:37:51,0,0.064,0.06350394,74.32,BTC-27JUN25-120000-C,50688.29,buy,1.0,1.0,,,,
164,312506149,2024-08-05 06:52:39,0,0.069,0.06955989,75.35,BTC-27JUN25-120000-C,51220.64,sell,0.2,0.2,,,,
165,312539184,2024-08-05 07:51:00,2,0.064,0.06380046,71.67,BTC-27JUN25-120000-C,52730.11,sell,0.1,0.1,,,,
166,312556138,2024-08-05 08:45:18,2,0.059,0.05894398,70.01,BTC-27JUN25-120000-C,52519.55,buy,3.0,3.0,,,,
167,312591759,2024-08-05 10:42:58,0,0.06,0.0573707,71.8,BTC-27JUN25-120000-C,51099.7,buy,0.2,0.2,,,,
168,312738412,2024-08-05 14:43:24,0,0.0615,0.0626366,68.62,BTC-27JUN25-120000-C,54360.73,buy,0.1,0.1,,,,
169,312741349,2024-08-05 14:48:15,0,0.062,0.06150686,69.12,BTC-27JUN25-120000-C,54019.39,buy,10.0,10.0,,,,
170,312743746,2024-08-05 14:53:09,0,0.0625,0.06211865,69.1,BTC-27JUN25-120000-C,54234.69,buy,0.3,0.3,,,,
171,312746164,2024-08-05 14:59:33,2,0.0615,0.06154456,68.91,BTC-27JUN25-120000-C,54007.67,sell,2.0,2.0,,,,
172,312749410,2024-08-05 15:05:24,2,0.061,0.06112303,68.9,BTC-27JUN25-120000-C,53917.44,buy,0.8,0.8,,,,
173,312756999,2024-08-05 15:20:38,0,0.062,0.06156221,68.84,BTC-27JUN25-120000-C,54319.09,buy,0.2,0.2,,,,
174,312757015,2024-08-05 15:20:40,1,0.062,0.06153619,68.82,BTC-27JUN25-120000-C,54342.65,buy,0.5,0.5,,,,
175,312761659,2024-08-05 15:33:00,0,0.0625,0.06238881,68.74,BTC-27JUN25-120000-C,54617.34,buy,3.0,3.0,,,,
176,312765029,2024-08-05 15:41:56,1,0.0625,0.06258424,68.48,BTC-27JUN25-120000-C,54819.38,buy,7.0,7.0,,,,
177,312778761,2024-08-05 16:25:26,0,0.063,0.06398067,68.06,BTC-27JUN25-120000-C,55436.12,buy,5.0,5.0,,,,
178,312781565,2024-08-05 16:31:01,1,0.063,0.06278019,68.17,BTC-27JUN25-120000-C,55346.52,buy,5.5,5.5,,,,
179,312883948,2024-08-06 00:25:32,0,0.0635,0.06392914,68.22,BTC-27JUN25-120000-C,55497.92,buy,10.8,10.8,,,,
180,312923397,2024-08-06 04:30:22,0,0.064,0.06259882,68.15,BTC-27JUN25-120000-C,55656.59,buy,11.0,11.0,,,,
181,313028083,2024-08-06 14:44:23,1,0.064,0.06544725,67.44,BTC-27JUN25-120000-C,56320.21,sell,1.0,1.0,,,,
182,313055881,2024-08-06 17:01:47,0,0.0695,0.06895977,68.73,BTC-27JUN25-120000-C,56862.52,buy,1.0,1.0,,,,
183,313076034,2024-08-06 19:46:25,1,0.0695,0.0688988,68.57,BTC-27JUN25-120000-C,56829.69,buy,1.0,1.0,,,,
184,313262121,2024-08-07 19:09:55,2,0.0665,0.06835313,69.28,BTC-27JUN25-120000-C,55122.74,sell,0.1,0.1,,,,
185,313266269,2024-08-07 19:57:02,3,0.0665,0.06691008,69.7,BTC-27JUN25-120000-C,54748.34,sell,1.0,1.0,,,,
186,313290364,2024-08-08 00:46:23,0,0.069,0.06849366,70.24,BTC-27JUN25-120000-C,55134.18,sell,0.3,0.3,,,,
187,313292120,2024-08-08 01:11:54,2,0.0675,0.06926192,69.26,BTC-27JUN25-120000-C,55565.71,sell,0.1,0.1,,,,
188,313405311,2024-08-08 14:09:45,0,0.0695,0.06986728,67.86,BTC-27JUN25-120000-C,57465.43,buy,0.1,0.1,,,,
189,313413014,2024-08-08 14:34:36,0,0.072,0.07194941,67.77,BTC-27JUN25-120000-C,58279.5,sell,0.3,0.3,,,,
190,313477609,2024-08-08 21:42:29,0,0.075,0.07591332,66.85,BTC-27JUN25-120000-C,60068.96,buy,0.1,0.1,,,,
191,313477614,2024-08-08 21:42:29,1,0.075,0.07591332,66.85,BTC-27JUN25-120000-C,60068.96,buy,0.4,0.4,,,,
192,313477639,2024-08-08 21:42:29,1,0.075,0.07591332,66.85,BTC-27JUN25-120000-C,60068.96,buy,0.6,0.6,,,,
193,313477657,2024-08-08 21:42:29,1,0.075,0.07591332,66.85,BTC-27JUN25-120000-C,60068.96,buy,0.2,0.2,,,,
194,313477700,2024-08-08 21:42:30,1,0.075,0.07591332,66.85,BTC-27JUN25-120000-C,60068.96,buy,0.1,0.1,,,,
195,313477709,2024-08-08 21:42:30,1,0.075,0.07621848,66.76,BTC-27JUN25-120000-C,60068.96,buy,0.1,0.1,,,,
196,313477720,2024-08-08 21:42:30,1,0.075,0.07621848,66.76,BTC-27JUN25-120000-C,60068.96,buy,0.1,0.1,,,,
197,313477723,2024-08-08 21:42:30,1,0.075,0.07621848,66.76,BTC-27JUN25-120000-C,60068.96,buy,0.1,0.1,,,,
198,313477727,2024-08-08 21:42:30,1,0.075,0.07621848,66.76,BTC-27JUN25-120000-C,60068.96,buy,0.2,0.2,,,,
199,313477813,2024-08-08 21:42:31,1,0.075,0.07668102,66.71,BTC-27JUN25-120000-C,60300.22,buy,0.1,0.1,,,,
200,313477837,2024-08-08 21:42:31,1,0.075,0.07668102,66.71,BTC-27JUN25-120000-C,60300.22,buy,0.1,0.1,,,,
201,313477850,2024-08-08 21:42:31,1,0.075,0.07668102,66.71,BTC-27JUN25-120000-C,60300.22,buy,0.2,0.2,,,,
202,313477867,2024-08-08 21:42:31,1,0.075,0.07668102,66.71,BTC-27JUN25-120000-C,60300.22,buy,0.1,0.1,,,,
203,313477870,2024-08-08 21:42:31,1,0.075,0.07668102,66.71,BTC-27JUN25-120000-C,60300.22,buy,0.1,0.1,,,,
204,313477890,2024-08-08 21:42:31,1,0.075,0.07668102,66.71,BTC-27JUN25-120000-C,60300.22,buy,0.1,0.1,,,,
205,313477912,2024-08-08 21:42:32,1,0.075,0.07711214,66.65,BTC-27JUN25-120000-C,60300.22,buy,0.1,0.1,,,,
206,313477915,2024-08-08 21:42:32,1,0.075,0.07711214,66.65,BTC-27JUN25-120000-C,60300.22,buy,0.3,0.3,,,,
207,313505507,2024-08-08 22:52:26,0,0.082,0.08210557,67.18,BTC-27JUN25-120000-C,61852.81,buy,0.1,0.1,,,,
208,313510616,2024-08-08 22:56:36,0,0.085,0.08429842,67.62,BTC-27JUN25-120000-C,62325.62,sell,2.0,2.0,,,,
209,313653257,2024-08-09 14:43:51,2,0.075,0.07430319,67.43,BTC-27JUN25-120000-C,59832.03,sell,0.1,0.1,BTC-CS-27JUN25-120000_160000,,313653256,
210,313690552,2024-08-09 20:53:49,0,0.077,0.0776524,67.2,BTC-27JUN25-120000-C,60708.04,buy,0.1,0.1,,,,
211,313876228,2024-08-11 23:48:47,2,0.0735,0.07261483,67.96,BTC-27JUN25-120000-C,58868.76,sell,0.1,0.1,,,,
212,314050121,2024-08-12 22:46:31,0,0.0745,0.07513352,68.44,BTC-27JUN25-120000-C,58937.23,buy,0.1,0.1,,,,
213,314050264,2024-08-12 22:48:44,0,0.075,0.07521397,68.5,BTC-27JUN25-120000-C,59026.03,buy,0.1,0.1,,,,
214,314051914,2024-08-12 23:15:31,0,0.078,0.07662919,69.1,BTC-27JUN25-120000-C,59362.25,buy,1.0,1.0,,,,
215,314089241,2024-08-13 08:11:34,2,0.074,0.07619797,68.04,BTC-27JUN25-120000-C,59170.78,sell,0.1,0.1,,,,
216,314314116,2024-08-14 23:36:06,0,0.0745,0.07516267,68.76,BTC-27JUN25-120000-C,58895.41,sell,0.1,0.1,,,,
217,314355181,2024-08-15 07:53:42,2,0.0735,0.07187669,69.47,BTC-27JUN25-120000-C,57999.76,buy,6.0,6.0,,,,
218,314490787,2024-08-16 01:54:09,2,0.0685,0.0685442,68.62,BTC-27JUN25-120000-C,57300.47,buy,0.1,0.1,,,,
219,314798690,2024-08-19 22:33:59,0,0.072,0.07261635,68.56,BTC-27JUN25-120000-C,59133.32,buy,2.0,2.0,,,,
220,314864971,2024-08-20 09:36:40,0,0.078,0.07671326,68.7,BTC-27JUN25-120000-C,60921.59,sell,0.5,0.5,,,,
221,315074472,2024-08-22 07:10:00,2,0.0775,0.07690976,69.1,BTC-27JUN25-120000-C,60760.95,sell,0.2,0.2,,,,
222,315099980,2024-08-22 13:08:05,2,0.076,0.07661051,68.73,BTC-27JUN25-120000-C,60727.17,buy,0.1,0.1,,,,
223,315100161,2024-08-22 13:09:14,0,0.0765,0.07683585,68.79,BTC-27JUN25-120000-C,60821.38,buy,0.1,0.1,,,,
224,315203802,2024-08-23 14:05:21,0,0.0775,0.07789638,68.53,BTC-27JUN25-120000-C,61659.9,buy,0.1,0.1,,,,
225,315206546,2024-08-23 14:11:40,0,0.0785,0.07889388,68.51,BTC-27JUN25-120000-C,61936.24,buy,0.1,0.1,,,,
226,315206547,2024-08-23 14:11:40,1,0.0785,0.07889388,68.51,BTC-27JUN25-120000-C,61936.24,buy,0.1,0.1,,,,
227,315214255,2024-08-23 14:28:23,0,0.0795,0.07933087,68.87,BTC-27JUN25-120000-C,61888.88,buy,0.4,0.4,,,,
228,315214285,2024-08-23 14:28:26,1,0.0795,0.07934935,68.85,BTC-27JUN25-120000-C,61904.95,buy,0.7,0.7,,,,
229,315214292,2024-08-23 14:28:28,1,0.0795,0.07944113,68.82,BTC-27JUN25-120000-C,61929.99,buy,0.4,0.4,,,,
230,315214310,2024-08-23 14:28:31,1,0.0795,0.07947236,68.82,BTC-27JUN25-120000-C,61933.49,buy,0.2,0.2,,,,
231,315214446,2024-08-23 14:28:34,1,0.0795,0.07948413,68.8,BTC-27JUN25-120000-C,61957.87,buy,0.8,0.8,,,,
232,315214553,2024-08-23 14:28:38,1,0.0795,0.07960689,68.78,BTC-27JUN25-120000-C,61974.58,buy,1.5,1.5,,,,
233,315266109,2024-08-23 19:15:59,0,0.085,0.08498759,68.86,BTC-27JUN25-120000-C,63574.61,buy,2.1,2.1,,,,
234,315266793,2024-08-23 19:18:48,1,0.085,0.08492362,68.84,BTC-27JUN25-120000-C,63586.47,buy,1.4,1.4,,,,
235,315268008,2024-08-23 19:23:04,1,0.085,0.08521807,68.68,BTC-27JUN25-120000-C,63724.37,buy,1.5,1.5,,,,
236,315320469,2024-08-23 23:42:58,0,0.0875,0.08767855,68.91,BTC-27JUN25-120000-C,64095.67,sell,0.1,0.1,,,,
237,315353091,2024-08-24 11:56:28,1,0.0875,0.08791227,69.16,BTC-27JUN25-120000-C,63955.03,sell,0.1,0.1,,,,
238,315402707,2024-08-25 07:19:54,2,0.087,0.08738621,69.26,BTC-27JUN25-120000-C,63873.23,sell,0.2,0.2,,,,
239,315493910,2024-08-26 10:06:04,2,0.0825,0.08192559,67.71,BTC-27JUN25-120000-C,63888.55,buy,0.5,0.5,,,,
240,315607299,2024-08-27 12:34:47,2,0.073,0.07494327,66.65,BTC-27JUN25-120000-C,62381.58,sell,6.0,6.0,,,,
241,315607300,2024-08-27 12:34:47,3,0.073,0.07494327,66.65,BTC-27JUN25-120000-C,62381.58,sell,4.0,4.0,,,,
242,315640053,2024-08-27 16:15:10,0,0.0735,0.0727741,67.42,BTC-27JUN25-120000-C,61843.07,sell,0.5,0.5,,,,
243,315827267,2024-08-28 09:55:53,2,0.069,0.06818949,68.39,BTC-27JUN25-120000-C,59906.19,sell,0.3,0.3,,,,
244,315932648,2024-08-29 06:00:38,2,0.066,0.06649848,67.78,BTC-27JUN25-120000-C,59449.84,buy,0.1,0.1,,,,
245,315973225,2024-08-29 14:38:58,0,0.0715,0.07059529,68.32,BTC-27JUN25-120000-C,60804.81,sell,0.5,0.5,,,,
246,316020010,2024-08-29 21:31:13,2,0.0675,0.06824296,68.37,BTC-27JUN25-120000-C,59501.89,sell,0.5,0.5,,,,
247,316098893,2024-08-30 13:51:29,2,0.0665,0.06644857,68.66,BTC-27JUN25-120000-C,58971.88,sell,0.1,0.1,,,,
248,316098894,2024-08-30 13:51:29,3,0.0665,0.06644857,68.66,BTC-27JUN25-120000-C,58971.88,sell,0.1,0.1,,,,
249,316098895,2024-08-30 13:51:29,3,0.0665,0.06644857,68.66,BTC-27JUN25-120000-C,58971.88,sell,0.1,0.1,,,,
250,316098896,2024-08-30 13:51:29,3,0.0665,0.06644857,68.66,BTC-27JUN25-120000-C,58971.88,sell,0.1,0.1,,,,
251,316537234,2024-09-05 03:06:39,2,0.0625,0.06215731,69.69,BTC-27JUN25-120000-C,57447.02,sell,1.0,1.0,,,,
252,316616599,2024-09-05 21:35:19,2,0.0585,0.05794291,70.17,BTC-27JUN25-120000-C,55817.56,sell,0.1,0.1,,,,
253,316758540,2024-09-06 18:04:08,2,0.053,0.05320497,70.45,BTC-27JUN25-120000-C,53772.23,sell,1.0,1.0,,,,
254,316825347,2024-09-07 08:55:41,0,0.054,0.05412322,70.34,BTC-27JUN25-120000-C,54303.92,sell,0.1,0.1,,,,
255,317095108,2024-09-10 12:19:25,0,0.0615,0.06018652,70.37,BTC-27JUN25-120000-C,57344.02,buy,0.1,0.1,,,,
256,317129784,2024-09-10 15:58:18,2,0.0603,0.05972672,70.72,BTC-27JUN25-120000-C,56695.67,sell,0.1,0.1,BTC-CS-27JUN25-120000_160000,,317129783,
257,317251886,2024-09-11 13:54:45,2,0.055,0.0550064,69.64,BTC-27JUN25-120000-C,55907.07,sell,4.0,4.0,,,,
258,317253962,2024-09-11 13:59:56,3,0.055,0.05477087,69.83,BTC-27JUN25-120000-C,55730.87,sell,1.0,1.0,,,,
259,317517265,2024-09-13 17:52:11,0,0.0621,0.06203723,68.55,BTC-27JUN25-120000-C,59646.68,sell,1.0,1.0,BTC-CBUT-27JUN25-80000_100000_120000,,317517262,
260,317518864,2024-09-13 18:02:56,0,0.0625,0.06194764,68.76,BTC-27JUN25-120000-C,59590.55,sell,0.1,0.1,,,,
261,317572184,2024-09-14 07:44:05,0,0.0635,0.06316658,68.59,BTC-27JUN25-120000-C,60150.16,sell,0.1,0.1,,,,
262,317572185,2024-09-14 07:44:07,1,0.0635,0.06317707,68.59,BTC-27JUN25-120000-C,60150.22,sell,0.1,0.1,,,,
263,317572186,2024-09-14 07:44:09,1,0.0635,0.06317891,68.59,BTC-27JUN25-120000-C,60150.19,sell,0.1,0.1,,,,
264,317572187,2024-09-14 07:44:10,1,0.0635,0.06318039,68.59,BTC-27JUN25-120000-C,60150.19,sell,0.1,0.1,,,,
265,317572188,2024-09-14 07:44:13,1,0.0635,0.06318154,68.59,BTC-27JUN25-120000-C,60150.15,sell,0.1,0.1,,,,
266,317572189,2024-09-14 07:44:14,1,0.0635,0.06318819,68.59,BTC-27JUN25-120000-C,60150.15,sell,0.1,0.1,,,,
267,317572191,2024-09-14 07:44:15,1,0.0635,0.06318962,68.59,BTC-27JUN25-120000-C,60150.17,sell,0.1,0.1,,,,
268,317572192,2024-09-14 07:44:17,1,0.0635,0.06319112,68.59,BTC-27JUN25-120000-C,60150.19,sell,0.1,0.1,,,,
269,317572193,2024-09-14 07:44:19,1,0.0635,0.06319265,68.59,BTC-27JUN25-120000-C,60150.19,sell,0.1,0.1,,,,
270,317572194,2024-09-14 07:44:20,1,0.0635,0.06319682,68.58,BTC-27JUN25-120000-C,60150.36,sell,0.1,0.1,,,,
271,317572197,2024-09-14 07:44:23,1,0.0635,0.06320218,68.58,BTC-27JUN25-120000-C,60150.83,sell,0.1,0.1,,,,
272,317572198,2024-09-14 07:44:25,1,0.0635,0.0632125,68.58,BTC-27JUN25-120000-C,60152.75,sell,0.1,0.1,,,,
273,317572199,2024-09-14 07:44:27,1,0.0635,0.06321513,68.58,BTC-27JUN25-120000-C,60152.72,sell,0.1,0.1,,,,
274,317572200,2024-09-14 07:44:29,1,0.0635,0.06321822,68.58,BTC-27JUN25-120000-C,60153.22,sell,0.1,0.1,,,,
275,317572209,2024-09-14 07:44:30,1,0.0635,0.06322359,68.58,BTC-27JUN25-120000-C,60153.27,sell,0.1,0.1,,,,
276,317572210,2024-09-14 07:44:33,1,0.0635,0.06322837,68.58,BTC-27JUN25-120000-C,60153.42,sell,0.1,0.1,,,,
277,317572990,2024-09-14 07:56:41,0,0.064,0.06381715,68.77,BTC-27JUN25-120000-C,60163.03,sell,0.1,0.1,,,,
278,317572991,2024-09-14 07:56:43,1,0.064,0.06381762,68.77,BTC-27JUN25-120000-C,60163.03,sell,0.1,0.1,,,,
279,317572992,2024-09-14 07:56:44,1,0.064,0.06381821,68.76,BTC-27JUN25-120000-C,60163.03,sell,0.1,0.1,,,,
280,317572993,2024-09-14 07:56:47,1,0.064,0.06381903,68.76,BTC-27JUN25-120000-C,60163.03,sell,0.1,0.1,,,,
281,317572994,2024-09-14 07:56:48,1,0.064,0.06382072,68.76,BTC-27JUN25-120000-C,60162.67,sell,0.1,0.1,,,,
282,317573050,2024-09-14 07:56:50,1,0.064,0.06382192,68.76,BTC-27JUN25-120000-C,60163.36,sell,0.1,0.1,,,,
283,317573052,2024-09-14 07:56:52,1,0.064,0.06382588,68.74,BTC-27JUN25-120000-C,60184.19,sell,0.1,0.1,,,,
284,317573053,2024-09-14 07:56:54,1,0.064,0.0638864,68.74,BTC-27JUN25-120000-C,60184.03,sell,0.1,0.1,,,,
285,317573063,2024-09-14 07:56:56,1,0.064,0.06388734,68.74,BTC-27JUN25-120000-C,60184.19,sell,0.1,0.1,,,,
286,317573065,2024-09-14 07:56:58,1,0.064,0.06388949,68.74,BTC-27JUN25-120000-C,60183.4,sell,0.1,0.1,,,,
287,317630954,2024-09-15 15:30:11,2,0.0615,0.0613055,68.02,BTC-27JUN25-120000-C,60259.24,buy,0.1,0.1,,,,
288,317663248,2024-09-16 00:41:46,2,0.0585,0.05820647,68.68,BTC-27JUN25-120000-C,58673.58,sell,0.1,0.1,,,,
289,317763620,2024-09-17 04:47:42,2,0.057,0.05658795,68.69,BTC-27JUN25-120000-C,58284.95,sell,0.1,0.1,,,,
290,317783320,2024-09-17 10:48:55,0,0.059,0.05945087,68.55,BTC-27JUN25-120000-C,59191.17,sell,0.1,0.1,,,,
291,317804368,2024-09-17 14:23:32,0,0.06,0.06045424,67.95,BTC-27JUN25-120000-C,60153.88,buy,1.0,1.0,,,,
292,317804369,2024-09-17 14:23:32,1,0.06,0.06045424,67.95,BTC-27JUN25-120000-C,60153.88,buy,3.0,3.0,,,,
293,317804370,2024-09-17 14:23:32,1,0.06,0.06045424,67.95,BTC-27JUN25-120000-C,60153.88,buy,3.0,3.0,,,,
294,318083803,2024-09-19 02:35:24,0,0.061,0.06228784,66.35,BTC-27JUN25-120000-C,62154.78,sell,0.1,0.1,,,,
295,318109155,2024-09-19 08:09:11,2,0.06,0.05988818,66.2,BTC-27JUN25-120000-C,62077.06,sell,0.1,0.1,,,,
296,318109156,2024-09-19 08:09:13,3,0.06,0.05988865,66.2,BTC-27JUN25-120000-C,62077.09,sell,0.1,0.1,,,,
297,318109159,2024-09-19 08:09:14,3,0.06,0.05988876,66.2,BTC-27JUN25-120000-C,62077.11,sell,0.1,0.1,,,,
298,318109161,2024-09-19 08:09:16,3,0.06,0.05989067,66.2,BTC-27JUN25-120000-C,62077.24,sell,0.1,0.1,,,,
299,318109174,2024-09-19 08:09:17,3,0.06,0.05989021,66.2,BTC-27JUN25-120000-C,62077.29,sell,0.1,0.1,,,,
300,318109176,2024-09-19 08:09:19,3,0.06,0.05990189,66.19,BTC-27JUN25-120000-C,62086.48,sell,0.1,0.1,,,,
301,318109179,2024-09-19 08:09:20,3,0.06,0.05991527,66.19,BTC-27JUN25-120000-C,62090.85,sell,0.1,0.1,,,,
302,318109181,2024-09-19 08:09:21,3,0.06,0.05992736,66.18,BTC-27JUN25-120000-C,62090.85,sell,0.1,0.1,,,,
303,318109182,2024-09-19 08:09:22,3,0.06,0.05994226,66.18,BTC-27JUN25-120000-C,62095.97,sell,0.1,0.1,,,,
304,318109184,2024-09-19 08:09:23,3,0.06,0.05994218,66.18,BTC-27JUN25-120000-C,62096.11,sell,0.1,0.1,,,,
305,318115324,2024-09-19 09:18:57,0,0.0605,0.05993658,66.42,BTC-27JUN25-120000-C,62098.4,sell,0.1,0.1,,,,
306,318115329,2024-09-19 09:18:59,1,0.0605,0.05993526,66.42,BTC-27JUN25-120000-C,62098.5,sell,0.1,0.1,,,,
307,318115331,2024-09-19 09:19:01,1,0.0605,0.05993688,66.42,BTC-27JUN25-120000-C,62098.24,sell,0.1,0.1,,,,
308,318115335,2024-09-19 09:19:02,1,0.0605,0.05993814,66.42,BTC-27JUN25-120000-C,62098.27,sell,0.1,0.1,,,,
309,318115336,2024-09-19 09:19:04,1,0.0605,0.0599394,66.42,BTC-27JUN25-120000-C,62098.35,sell,0.1,0.1,,,,
310,318115337,2024-09-19 09:19:06,1,0.0605,0.05994242,66.42,BTC-27JUN25-120000-C,62098.49,sell,0.1,0.1,,,,
311,318115338,2024-09-19 09:19:08,1,0.0605,0.05994741,66.41,BTC-27JUN25-120000-C,62100.58,sell,0.1,0.1,,,,
312,318115339,2024-09-19 09:19:09,1,0.0605,0.05995164,66.41,BTC-27JUN25-120000-C,62101.49,sell,0.1,0.1,,,,
313,318115340,2024-09-19 09:19:11,1,0.0605,0.05995725,66.41,BTC-27JUN25-120000-C,62101.5,sell,0.1,0.1,,,,
314,318115342,2024-09-19 09:19:21,1,0.0605,0.05998072,66.41,BTC-27JUN25-120000-C,62103.72,sell,0.1,0.1,,,,
315,318118821,2024-09-19 09:55:23,0,0.0615,0.06074781,66.58,BTC-27JUN25-120000-C,62301.66,sell,0.5,0.5,,,,
316,318121443,2024-09-19 10:09:48,1,0.0615,0.06131064,66.36,BTC-27JUN25-120000-C,62523.4,sell,0.1,0.1,,,,
317,318124968,2024-09-19 10:32:31,2,0.0605,0.0608096,66.1,BTC-27JUN25-120000-C,62433.69,buy,0.3,0.3,,,,
318,318231313,2024-09-19 23:51:24,0,0.063,0.06236648,66.51,BTC-27JUN25-120000-C,62973.45,sell,4.0,4.0,,,,
319,318293984,2024-09-20 11:03:12,0,0.065,0.06333689,66.55,BTC-27JUN25-120000-C,63694.82,buy,0.1,0.1,,,,
320,318293985,2024-09-20 11:03:12,1,0.065,0.06333689,66.55,BTC-27JUN25-120000-C,63694.82,buy,0.6,0.6,,,,
321,318408048,2024-09-22 05:48:09,2,0.0635,0.06177415,67.13,BTC-27JUN25-120000-C,62943.65,buy,0.1,0.1,,,,
322,318512737,2024-09-23 13:56:38,2,0.062,0.06109852,66.44,BTC-27JUN25-120000-C,63090.27,buy,0.1,0.1,,,,
323,318578457,2024-09-24 08:52:48,3,0.062,0.06153254,65.77,BTC-27JUN25-120000-C,63804.2,buy,0.2,0.2,,,,
324,318578469,2024-09-24 08:52:53,3,0.062,0.06153856,65.76,BTC-27JUN25-120000-C,63808.69,buy,0.6,0.6,,,,
325,318578477,2024-09-24 08:53:02,3,0.062,0.0615457,65.76,BTC-27JUN25-120000-C,63808.16,buy,0.1,0.1,,,,
326,318578481,2024-09-24 08:53:05,3,0.062,0.0615542,65.76,BTC-27JUN25-120000-C,63811.7,buy,0.1,0.1,,,,
327,318618430,2024-09-24 16:53:40,2,0.0595,0.05969704,65.43,BTC-27JUN25-120000-C,63311.72,buy,0.2,0.2,,,,
328,318618431,2024-09-24 16:53:40,3,0.0595,0.05969704,65.43,BTC-27JUN25-120000-C,63311.72,buy,1.2,1.2,,,,
329,318624100,2024-09-24 17:37:53,0,0.0605,0.06049022,65.43,BTC-27JUN25-120000-C,63675.66,buy,0.1,0.1,,,,
330,318678882,2024-09-25 02:00:18,0,0.063,0.0628124,65.72,BTC-27JUN25-120000-C,64409.95,sell,0.5,0.5,,,,
331,318694918,2024-09-25 06:35:47,2,0.0605,0.06077189,65.31,BTC-27JUN25-120000-C,63888.33,buy,1.0,1.0,,,,
332,318696152,2024-09-25 06:52:11,0,0.061,0.06092118,65.44,BTC-27JUN25-120000-C,63945.59,buy,0.8,0.8,,,,
333,318714466,2024-09-25 10:45:32,2,0.059,0.05895282,65.02,BTC-27JUN25-120000-C,63672.81,buy,0.8,0.8,,,,
334,318748269,2024-09-25 17:17:07,2,0.0585,0.05881057,64.94,BTC-27JUN25-120000-C,63403.79,buy,0.1,0.1,,,,
335,318748272,2024-09-25 17:17:12,3,0.0585,0.05877543,64.94,BTC-27JUN25-120000-C,63397.94,buy,1.0,1.0,,,,
336,318748490,2024-09-25 17:17:55,3,0.0585,0.05874917,64.95,BTC-27JUN25-120000-C,63390.17,buy,0.1,0.1,,,,
337,318748530,2024-09-25 17:18:18,2,0.058,0.05862127,64.79,BTC-27JUN25-120000-C,63357.32,buy,0.1,0.1,,,,
338,318748533,2024-09-25 17:18:19,3,0.058,0.05862674,64.79,BTC-27JUN25-120000-C,63358.11,buy,0.1,0.1,,,,
339,318748549,2024-09-25 17:18:39,3,0.058,0.05861071,64.79,BTC-27JUN25-120000-C,63360.16,buy,0.1,0.1,,,,
340,318766392,2024-09-25 22:36:43,0,0.0585,0.05839081,65.09,BTC-27JUN25-120000-C,63354.29,sell,16.7,16.7,,159047,,
341,318790972,2024-09-26 05:53:34,2,0.057,0.05705018,64.14,BTC-27JUN25-120000-C,63695.23,buy,0.8,0.8,,,,
342,318793871,2024-09-26 06:48:41,3,0.057,0.05731155,64.08,BTC-27JUN25-120000-C,63751.07,buy,0.6,0.6,,,,
343,318794029,2024-09-26 06:52:05,3,0.057,0.05714268,64.13,BTC-27JUN25-120000-C,63708.27,buy,0.2,0.2,,,,
344,318804893,2024-09-26 09:19:34,2,0.0565,0.0570872,63.94,BTC-27JUN25-120000-C,63630.96,buy,0.8,0.8,,,,
345,318867773,2024-09-26 14:43:01,0,0.061,0.06004682,64.37,BTC-27JUN25-120000-C,64790.06,buy,1.8,1.8,,,,
346,318867774,2024-09-26 14:43:01,1,0.061,0.06004682,64.37,BTC-27JUN25-120000-C,64790.06,buy,0.2,0.2,,,,
347,318894281,2024-09-26 16:04:27,0,0.0625,0.06114612,64.65,BTC-27JUN25-120000-C,65142.99,buy,5.0,5.0,,,,
348,318896217,2024-09-26 16:14:39,2,0.0615,0.06223399,64.07,BTC-27JUN25-120000-C,65333.08,sell,1.0,1.0,,,,
349,318918139,2024-09-26 19:25:07,0,0.0635,0.06256329,65.09,BTC-27JUN25-120000-C,65195.38,sell,0.1,0.1,,,,
350,318918140,2024-09-26 19:25:09,1,0.0635,0.06256496,65.09,BTC-27JUN25-120000-C,65195.43,sell,0.1,0.1,,,,
351,318918141,2024-09-26 19:25:10,1,0.0635,0.06256818,65.09,BTC-27JUN25-120000-C,65195.43,sell,0.1,0.1,,,,
352,318918142,2024-09-26 19:25:11,1,0.0635,0.06256987,65.09,BTC-27JUN25-120000-C,65196.82,sell,0.1,0.1,,,,
353,318918143,2024-09-26 19:25:12,1,0.0635,0.0625734,65.09,BTC-27JUN25-120000-C,65197.22,sell,0.1,0.1,,,,
354,318918144,2024-09-26 19:25:13,1,0.0635,0.06257597,65.09,BTC-27JUN25-120000-C,65197.22,sell,0.1,0.1,,,,
355,318918152,2024-09-26 19:25:15,1,0.0635,0.06257622,65.09,BTC-27JUN25-120000-C,65197.22,sell,0.1,0.1,,,,
356,318918161,2024-09-26 19:25:16,1,0.0635,0.06257949,65.1,BTC-27JUN25-120000-C,65188.0,sell,0.1,0.1,,,,
357,318982797,2024-09-27 07:40:23,2,0.0615,0.06178926,64.34,BTC-27JUN25-120000-C,65398.79,buy,3.0,3.0,,,,
358,318992082,2024-09-27 08:05:17,0,0.0625,0.06232113,64.71,BTC-27JUN25-120000-C,65521.74,sell,0.1,0.1,,,,
359,318992135,2024-09-27 08:05:39,1,0.0625,0.06232956,64.7,BTC-27JUN25-120000-C,65523.45,sell,0.1,0.1,,,,
360,319045438,2024-09-27 14:21:43,0,0.063,0.06284364,64.06,BTC-27JUN25-120000-C,66164.17,sell,1.6,1.6,,,,
361,319060526,2024-09-27 15:14:51,2,0.062,0.06318861,63.31,BTC-27JUN25-120000-C,66327.15,buy,0.1,0.1,,,,
362,319161068,2024-09-29 07:48:35,2,0.0585,0.05909493,63.17,BTC-27JUN25-120000-C,65519.11,buy,0.1,0.1,,,,
363,319161070,2024-09-29 07:48:37,3,0.0585,0.05908537,63.17,BTC-27JUN25-120000-C,65518.73,buy,0.1,0.1,,,,
364,319161076,2024-09-29 07:48:38,3,0.0585,0.05908004,63.17,BTC-27JUN25-120000-C,65518.77,buy,0.1,0.1,,,,
365,319161079,2024-09-29 07:48:39,3,0.0585,0.05907696,63.17,BTC-27JUN25-120000-C,65518.73,buy,0.1,0.1,,,,
366,319174962,2024-09-29 15:17:22,0,0.061,0.06022535,63.71,BTC-27JUN25-120000-C,65791.26,sell,0.1,0.1,,,,
367,319236211,2024-09-30 08:32:06,2,0.0575,0.05712506,64.05,BTC-27JUN25-120000-C,64329.61,buy,0.1,0.1,,,,
368,319236212,2024-09-30 08:32:06,3,0.0575,0.05712506,64.05,BTC-27JUN25-120000-C,64329.61,buy,0.1,0.1,,,,
369,319236213,2024-09-30 08:32:06,3,0.0575,0.05712506,64.05,BTC-27JUN25-120000-C,64329.61,buy,0.1,0.1,,,,
370,319236214,2024-09-30 08:32:06,3,0.0575,0.05712506,64.05,BTC-27JUN25-120000-C,64329.61,buy,0.1,0.1,,,,
371,319250599,2024-09-30 09:55:08,2,0.057,0.05727895,64.46,BTC-27JUN25-120000-C,63801.22,sell,0.1,0.1,,,,
372,319250600,2024-09-30 09:55:13,3,0.057,0.05724951,64.47,BTC-27JUN25-120000-C,63792.07,sell,0.4,0.4,,,,
373,319250601,2024-09-30 09:55:13,3,0.057,0.05724951,64.47,BTC-27JUN25-120000-C,63792.07,buy,0.5,0.5,,,,
374,319250602,2024-09-30 09:55:14,3,0.057,0.05724655,64.47,BTC-27JUN25-120000-C,63792.07,buy,0.9,0.9,,,,
375,319274826,2024-09-30 11:42:27,3,0.057,0.05614881,64.85,BTC-27JUN25-120000-C,63649.37,buy,6.0,6.0,,,,
376,319473400,2024-10-01 17:19:23,2,0.05,0.05003419,64.58,BTC-27JUN25-120000-C,61641.59,sell,1.0,1.0,,,,
377,319905330,2024-10-04 23:33:01,2,0.0475,0.04833867,63.37,BTC-27JUN25-120000-C,61987.43,buy,0.1,0.1,,,,
378,319905331,2024-10-04 23:33:07,3,0.0475,0.04832629,63.37,BTC-27JUN25-120000-C,61987.49,buy,0.3,0.3,,,,
379,319905363,2024-10-04 23:33:09,3,0.0475,0.04832156,63.37,BTC-27JUN25-120000-C,61985.61,buy,0.3,0.3,,,,
380,319905364,2024-10-04 23:33:10,3,0.0475,0.04831667,63.37,BTC-27JUN25-120000-C,61985.06,buy,0.3,0.3,,,,
381,319905365,2024-10-04 23:33:12,3,0.0475,0.04830853,63.38,BTC-27JUN25-120000-C,61983.23,buy,0.3,0.3,,,,
382,319905366,2024-10-04 23:33:13,3,0.0475,0.04830447,63.38,BTC-27JUN25-120000-C,61983.35,buy,0.3,0.3,,,,
383,319905368,2024-10-04 23:33:14,3,0.0475,0.04830293,63.37,BTC-27JUN25-120000-C,61983.35,buy,0.3,0.3,,,,
384,319906441,2024-10-04 23:59:02,3,0.0475,0.04817698,63.28,BTC-27JUN25-120000-C,62076.13,buy,0.1,0.1,,,,
385,319906442,2024-10-04 23:59:03,3,0.0475,0.04817553,63.28,BTC-27JUN25-120000-C,62077.32,buy,0.1,0.1,,,,
386,319906443,2024-10-04 23:59:11,3,0.0475,0.04816609,63.28,BTC-27JUN25-120000-C,62076.87,buy,0.1,0.1,,,,
387,319918343,2024-10-05 06:48:46,2,0.047,0.04650725,62.95,BTC-27JUN25-120000-C,62225.93,buy,0.8,0.8,,,,
388,319928500,2024-10-05 11:08:15,3,0.047,0.04671542,62.96,BTC-27JUN25-120000-C,62215.53,buy,0.2,0.2,,,,
389,320117985,2024-10-07 18:49:22,0,0.048,0.04775874,63.03,BTC-27JUN25-120000-C,62849.63,sell,0.1,0.1,,,,
390,320256541,2024-10-08 19:12:42,2,0.044,0.0443341,62.54,BTC-27JUN25-120000-C,61899.1,sell,0.1,0.1,,,,
391,320404599,2024-10-10 08:35:40,2,0.042,0.04102234,62.82,BTC-27JUN25-120000-C,60946.75,buy,0.2,0.2,,,,
392,320440332,2024-10-10 14:53:37,2,0.039,0.03959423,61.88,BTC-27JUN25-120000-C,60514.96,buy,1.0,1.0,,,,
393,320440345,2024-10-10 14:53:42,3,0.039,0.0395943,61.88,BTC-27JUN25-120000-C,60520.51,buy,1.0,1.0,,,,
394,320440355,2024-10-10 14:53:47,3,0.039,0.03962323,61.87,BTC-27JUN25-120000-C,60529.22,buy,1.0,1.0,,,,
395,320660330,2024-10-12 08:36:11,0,0.0445,0.04520927,62.32,BTC-27JUN25-120000-C,62713.07,buy,0.1,0.1,,,,
396,320727554,2024-10-13 14:56:07,1,0.0445,0.04380844,62.99,BTC-27JUN25-120000-C,62254.88,buy,0.1,0.1,,,,
397,320727567,2024-10-13 14:56:32,1,0.0445,0.04377693,63.01,BTC-27JUN25-120000-C,62234.32,buy,0.1,0.1,,,,
398,321185846,2024-10-16 04:40:06,0,0.054,0.05432048,62.34,BTC-27JUN25-120000-C,66909.96,sell,0.5,0.5,,,,
399,321341933,2024-10-17 07:54:32,2,0.0535,0.05380291,62.01,BTC-27JUN25-120000-C,67213.14,buy,5.7,5.7,,,,
400,321362199,2024-10-17 12:40:16,0,0.0545,0.05400601,62.5,BTC-27JUN25-120000-C,67145.17,sell,2.0,2.0,,,,
401,321529301,2024-10-18 20:44:21,0,0.055,0.05620478,61.34,BTC-27JUN25-120000-C,68547.83,sell,1.0,1.0,,,,
402,321603234,2024-10-20 18:56:13,0,0.056,0.05577316,61.66,BTC-27JUN25-120000-C,68599.9,sell,0.5,0.5,,,,
403,321645462,2024-10-21 03:33:08,0,0.0563,0.0565023,61.47,BTC-27JUN25-120000-C,68863.49,sell,200.0,200.0,BTC-CDIAG-27JUN25_27DEC24-120000_105000,162710,,
404,321659210,2024-10-21 07:48:21,2,0.0545,0.05502599,61.13,BTC-27JUN25-120000-C,68551.85,buy,1.0,1.0,,,,
405,321779106,2024-10-22 03:23:33,2,0.05,0.05122322,60.62,BTC-27JUN25-120000-C,67413.59,sell,2.0,2.0,,,,
406,321780866,2024-10-22 03:55:27,2,0.0497,0.05056316,60.59,BTC-27JUN25-120000-C,67331.2,sell,200.0,200.0,,162939,,
407,321780992,2024-10-22 03:56:33,0,0.0498,0.05062587,60.61,BTC-27JUN25-120000-C,67344.01,sell,200.0,200.0,,162940,,
408,321781012,2024-10-22 03:56:48,2,0.0497,0.05065475,60.56,BTC-27JUN25-120000-C,67354.09,sell,200.0,200.0,,162941,,
409,321781015,2024-10-22 03:57:43,3,0.0497,0.05066423,60.56,BTC-27JUN25-120000-C,67356.9,sell,200.0,200.0,,162942,,
410,321781114,2024-10-22 04:01:03,3,0.0497,0.05059458,60.56,BTC-27JUN25-120000-C,67346.75,sell,200.0,200.0,,162947,,
411,321781214,2024-10-22 04:05:38,2,0.0496,0.05018525,60.56,BTC-27JUN25-120000-C,67317.9,sell,200.0,200.0,,162948,,
412,321781461,2024-10-22 04:14:58,2,0.049,0.04955022,60.33,BTC-27JUN25-120000-C,67293.66,sell,1.0,1.0,,,,
413,321802039,2024-10-22 09:26:09,0,0.05,0.05024082,61.3,BTC-27JUN25-120000-C,66809.96,buy,1.6,1.6,,,,
414,321802040,2024-10-22 09:26:09,1,0.05,0.05024082,61.3,BTC-27JUN25-120000-C,66809.96,buy,0.4,0.4,,,,
415,321816228,2024-10-22 12:55:23,2,0.0495,0.04915695,60.95,BTC-27JUN25-120000-C,67006.13,buy,0.4,0.4,,,,
416,321816230,2024-10-22 12:55:27,3,0.0495,0.04917627,60.94,BTC-27JUN25-120000-C,67007.02,buy,0.4,0.4,,,,
417,321817257,2024-10-22 13:08:36,2,0.049,0.04911594,60.86,BTC-27JUN25-120000-C,66893.86,buy,1.1,1.1,,,,
418,321846342,2024-10-22 16:26:14,0,0.05,0.04922716,61.28,BTC-27JUN25-120000-C,66965.75,buy,0.5,0.5,,,,
419,321846343,2024-10-22 16:26:14,1,0.05,0.04922716,61.28,BTC-27JUN25-120000-C,66965.75,buy,5.0,5.0,,,,
420,321846344,2024-10-22 16:26:14,1,0.05,0.04922716,61.28,BTC-27JUN25-120000-C,66965.75,sell,0.5,0.5,,,,
421,321919734,2024-10-23 12:20:17,2,0.045,0.04548563,59.83,BTC-27JUN25-120000-C,66396.04,buy,2.5,2.5,,,,
422,321919739,2024-10-23 12:20:21,3,0.045,0.04546825,59.83,BTC-27JUN25-120000-C,66396.26,buy,0.7,0.7,,,,
423,321919745,2024-10-23 12:20:26,3,0.045,0.04545746,59.84,BTC-27JUN25-120000-C,66394.4,buy,1.3,1.3,,,,
424,321919840,2024-10-23 12:20:38,3,0.045,0.04538481,59.87,BTC-27JUN25-120000-C,66366.62,buy,0.3,0.3,,,,
425,322040501,2024-10-24 06:07:25,0,0.0495,0.04888921,60.77,BTC-27JUN25-120000-C,67379.48,buy,0.3,0.3,,,,
426,322044217,2024-10-24 07:22:28,2,0.049,0.04851081,60.78,BTC-27JUN25-120000-C,67207.79,sell,4.0,4.0,,,,
427,322150774,2024-10-25 01:33:20,2,0.048,0.04914738,59.71,BTC-27JUN25-120000-C,67891.8,sell,0.7,0.7,,,,
428,322160320,2024-10-25 04:17:02,0,0.049,0.0488102,60.15,BTC-27JUN25-120000-C,67847.02,sell,3.0,3.0,,,,
429,322161672,2024-10-25 04:27:34,0,0.0495,0.04906638,60.45,BTC-27JUN25-120000-C,67746.46,sell,0.1,0.1,,,,
430,322161673,2024-10-25 04:27:38,1,0.0495,0.04910558,60.45,BTC-27JUN25-120000-C,67746.56,sell,1.1,1.1,,,,
431,322161674,2024-10-25 04:27:38,1,0.0495,0.04910558,60.45,BTC-27JUN25-120000-C,67746.56,sell,0.2,0.2,,,,
432,322161675,2024-10-25 04:27:44,1,0.0495,0.04916149,60.45,BTC-27JUN25-120000-C,67746.58,sell,1.1,1.1,,,,
433,322161676,2024-10-25 04:27:50,1,0.0495,0.04916638,60.45,BTC-27JUN25-120000-C,67746.64,sell,0.5,0.5,,,,
434,322162852,2024-10-25 04:46:31,1,0.0495,0.04961321,60.44,BTC-27JUN25-120000-C,67771.05,sell,0.3,0.3,,,,
435,322163072,2024-10-25 04:50:39,1,0.0495,0.04955443,60.5,BTC-27JUN25-120000-C,67720.58,sell,1.0,1.0,,,,
436,322164723,2024-10-25 05:14:12,1,0.0495,0.04961171,60.61,BTC-27JUN25-120000-C,67641.04,sell,1.0,1.0,,,,
437,322164962,2024-10-25 05:15:36,1,0.0495,0.04947536,60.67,BTC-27JUN25-120000-C,67589.51,sell,0.7,0.7,,,,
438,322166256,2024-10-25 05:51:53,2,0.0485,0.04914676,60.08,BTC-27JUN25-120000-C,67740.93,sell,5.0,5.0,,,,
439,322166257,2024-10-25 05:51:53,3,0.0485,0.04914676,60.08,BTC-27JUN25-120000-C,67740.93,sell,1.2,1.2,,,,
440,322171960,2024-10-25 07:14:32,0,0.049,0.04875617,60.61,BTC-27JUN25-120000-C,67430.42,sell,1.2,1.2,,,,
441,322436296,2024-10-27 21:37:20,2,0.047,0.04605844,59.57,BTC-27JUN25-120000-C,67823.2,sell,4.5,4.5,,,,
442,322436297,2024-10-27 21:37:28,3,0.047,0.0460843,59.57,BTC-27JUN25-120000-C,67823.12,sell,0.5,0.5,,,,
443,322436422,2024-10-27 21:39:45,2,0.0455,0.04617365,58.89,BTC-27JUN25-120000-C,67866.67,buy,5.0,5.0,,,,
444,322452140,2024-10-28 01:15:00,0,0.047,0.04626355,59.54,BTC-27JUN25-120000-C,67791.73,sell,0.1,0.1,,,,
445,322455894,2024-10-28 03:15:40,0,0.0475,0.04685957,59.78,BTC-27JUN25-120000-C,67814.98,buy,1.0,1.0,,,,
446,322455898,2024-10-28 03:15:59,1,0.0475,0.04685842,59.78,BTC-27JUN25-120000-C,67814.88,buy,1.5,1.5,,,,
447,322469194,2024-10-28 07:25:35,0,0.048,0.04726968,59.22,BTC-27JUN25-120000-C,68562.71,buy,1.8,1.8,,,,
448,322644860,2024-10-29 08:00:40,0,0.0535,0.05390014,58.8,BTC-27JUN25-120000-C,70962.89,buy,1.0,1.0,,,,
449,322644865,2024-10-29 08:00:44,1,0.0535,0.05389704,58.8,BTC-27JUN25-120000-C,70961.26,buy,1.0,1.0,,,,
450,322644870,2024-10-29 08:00:47,1,0.0535,0.05388843,58.8,BTC-27JUN25-120000-C,70960.96,buy,1.0,1.0,,,,
451,322644925,2024-10-29 08:00:52,1,0.0535,0.05388388,58.78,BTC-27JUN25-120000-C,70977.36,buy,1.0,1.0,,,,
452,322645493,2024-10-29 08:03:53,0,0.054,0.05374603,58.98,BTC-27JUN25-120000-C,70977.74,buy,1.0,1.0,,,,
453,322687735,2024-10-29 14:02:12,0,0.057,0.05675823,59.31,BTC-27JUN25-120000-C,71848.9,sell,3.0,3.0,,,,
454,322691881,2024-10-29 14:17:03,2,0.0555,0.05610643,59.0,BTC-27JUN25-120000-C,71571.85,sell,0.1,0.1,,,,
455,322723346,2024-10-29 16:06:52,0,0.0585,0.05896395,59.32,BTC-27JUN25-120000-C,72409.93,buy,0.2,0.2,,,,
456,322756192,2024-10-29 18:28:11,0,0.06,0.05972425,59.38,BTC-27JUN25-120000-C,72958.68,buy,0.1,0.1,,,,
457,322807920,2024-10-30 00:00:19,2,0.059,0.0592365,59.09,BTC-27JUN25-120000-C,72718.21,sell,0.9,0.9,,,,
458,322807921,2024-10-30 00:00:19,3,0.059,0.0592365,59.09,BTC-27JUN25-120000-C,72718.21,buy,0.1,0.1,,,,
459,322874123,2024-10-30 13:42:11,2,0.0555,0.05423964,58.93,BTC-27JUN25-120000-C,71532.67,buy,1.0,1.0,,,,
460,322874215,2024-10-30 13:42:23,3,0.0555,0.05422794,58.94,BTC-27JUN25-120000-C,71517.22,buy,0.1,0.1,,,,
461,322878654,2024-10-30 14:06:20,3,0.0555,0.05570509,58.4,BTC-27JUN25-120000-C,72032.69,buy,0.1,0.1,,,,
462,322888790,2024-10-30 15:01:59,0,0.057,0.05664653,58.59,BTC-27JUN25-120000-C,72422.51,buy,1.0,1.0,,,,
463,322947310,2024-10-30 23:55:23,2,0.0555,0.05580911,58.26,BTC-27JUN25-120000-C,72335.7,sell,2.4,2.4,,,,
464,322947311,2024-10-30 23:55:23,3,0.0555,0.05580911,58.26,BTC-27JUN25-120000-C,72335.7,buy,0.6,0.6,,,,
465,323152105,2024-11-01 04:04:46,2,0.047,0.04757547,58.32,BTC-27JUN25-120000-C,69270.95,sell,5.0,5.0,,,,
466,323152106,2024-11-01 04:04:46,3,0.047,0.04757547,58.32,BTC-27JUN25-120000-C,69270.95,sell,2.2,2.2,,,,
467,323152107,2024-11-01 04:04:46,3,0.047,0.04757547,58.32,BTC-27JUN25-120000-C,69270.95,buy,2.3,2.3,,,,
468,323152108,2024-11-01 04:04:46,3,0.047,0.04757547,58.32,BTC-27JUN25-120000-C,69270.95,buy,0.5,0.5,,,,
469,323177829,2024-11-01 07:13:36,2,0.044,0.04524188,57.27,BTC-27JUN25-120000-C,69096.58,sell,1.5,1.5,,,,
470,323177830,2024-11-01 07:13:36,3,0.044,0.04524188,57.27,BTC-27JUN25-120000-C,69096.58,sell,2.2,2.2,,,,
471,323177831,2024-11-01 07:13:36,3,0.044,0.04524188,57.27,BTC-27JUN25-120000-C,69096.58,buy,1.5,1.5,,,,
472,323177832,2024-11-01 07:13:36,3,0.044,0.04524188,57.27,BTC-27JUN25-120000-C,69096.58,buy,4.1,4.1,,,,
473,323177833,2024-11-01 07:13:36,3,0.044,0.04524188,57.27,BTC-27JUN25-120000-C,69096.58,buy,5.7,5.7,,,,
474,323426981,2024-11-03 02:11:39,0,0.0455,0.04564996,59.02,BTC-27JUN25-120000-C,68795.92,sell,0.1,0.1,,,,
475,323436325,2024-11-03 02:37:34,2,0.0435,0.04381531,58.86,BTC-27JUN25-120000-C,68096.67,buy,0.3,0.3,,,,
476,323445021,2024-11-03 03:40:04,2,0.0425,0.04341057,58.18,BTC-27JUN25-120000-C,68348.35,buy,0.2,0.2,,,,
477,323445992,2024-11-03 04:06:52,3,0.0425,0.04362768,58.13,BTC-27JUN25-120000-C,68396.19,sell,0.1,0.1,,,,
478,323490959,2024-11-03 15:27:26,0,0.043,0.04332595,59.33,BTC-27JUN25-120000-C,67555.63,buy,10.0,10.0,,,,
479,323527558,2024-11-03 21:46:01,0,0.048,0.04669846,59.7,BTC-27JUN25-120000-C,69159.7,buy,1.6,1.6,,,,
480,323527559,2024-11-03 21:46:01,1,0.048,0.04669846,59.7,BTC-27JUN25-120000-C,69159.7,sell,3.4,3.4,,,,
481,323584115,2024-11-04 08:54:51,2,0.045,0.04495575,59.14,BTC-27JUN25-120000-C,68507.39,buy,1.2,1.2,,,,
482,323759506,2024-11-05 11:56:35,0,0.048,0.04721645,60.31,BTC-27JUN25-120000-C,68788.31,buy,0.8,0.8,,,,
483,324031687,2024-11-06 04:50:42,0,0.058,0.05798209,58.17,BTC-27JUN25-120000-C,74597.95,sell,0.3,0.3,,,,
484,324031874,2024-11-06 04:51:24,1,0.058,0.05771875,58.26,BTC-27JUN25-120000-C,74515.86,sell,0.7,0.7,,,,
485,324167604,2024-11-06 11:19:51,2,0.0575,0.05716388,58.69,BTC-27JUN25-120000-C,74056.82,buy,0.1,0.1,,,,
486,324167605,2024-11-06 11:19:51,3,0.0575,0.05716388,58.69,BTC-27JUN25-120000-C,74056.82,buy,3.6,3.6,,,,
487,324190289,2024-11-06 13:07:27,2,0.057,0.05701222,58.39,BTC-27JUN25-120000-C,74180.57,sell,0.1,0.1,,,,
488,324248916,2024-11-06 16:21:18,2,0.056,0.0560468,57.9,BTC-27JUN25-120000-C,74319.42,sell,0.1,0.1,,,,
489,324350998,2024-11-07 02:05:34,0,0.0585,0.05814929,57.49,BTC-27JUN25-120000-C,75386.69,sell,0.9,0.9,,,,
490,324384470,2024-11-07 07:00:57,2,0.0543,0.05475874,56.56,BTC-27JUN25-120000-C,74785.64,sell,100.0,100.0,BTC-CS-27JUN25-90000_120000,166068,,
491,324384532,2024-11-07 07:01:55,3,0.0543,0.05488966,56.51,BTC-27JUN25-120000-C,74828.86,sell,100.0,100.0,BTC-CS-27JUN25-90000_120000,166069,,
492,324385109,2024-11-07 07:07:28,0,0.0546,0.05492231,56.7,BTC-27JUN25-120000-C,74771.43,sell,50.0,50.0,BTC-CS-27JUN25-90000_120000,166071,,
493,324385761,2024-11-07 07:10:02,2,0.0536,0.05529079,56.17,BTC-27JUN25-120000-C,74893.19,sell,50.0,50.0,BTC-CS-27JUN25-90000_120000,166072,,
494,324385763,2024-11-07 07:10:02,0,0.0547,0.05529079,56.6,BTC-27JUN25-120000-C,74893.19,sell,12.5,12.5,BTC-CS-27JUN25-90000_120000,166073,,
495,324390028,2024-11-07 07:38:15,0,0.0554,0.05555095,56.85,BTC-27JUN25-120000-C,74890.02,sell,13.0,13.0,BTC-CS-27JUN25-90000_120000,166074,,
496,324400555,2024-11-07 08:32:31,0,0.0565,0.05566687,57.08,BTC-27JUN25-120000-C,75058.67,buy,5.0,5.0,,,,
497,324400739,2024-11-07 08:34:22,1,0.0565,0.05572124,57.07,BTC-27JUN25-120000-C,75075.06,buy,5.0,5.0,,,,
498,324403450,2024-11-07 09:13:31,2,0.055,0.05583037,56.45,BTC-27JUN25-120000-C,75119.76,sell,0.1,0.1,,,,
499,324403465,2024-11-07 09:13:37,3,0.055,0.0558115,56.46,BTC-27JUN25-120000-C,75114.44,sell,0.1,0.1,,,,
500,324403466,2024-11-07 09:13:47,3,0.055,0.05579023,56.46,BTC-27JUN25-120000-C,75114.4,sell,0.1,0.1,,,,
501,324403467,2024-11-07 09:13:52,2,0.0545,0.0557893,56.26,BTC-27JUN25-120000-C,75115.7,sell,0.1,0.1,,,,
502,324403468,2024-11-07 09:13:58,3,0.0545,0.05578686,56.26,BTC-27JUN25-120000-C,75116.91,sell,0.1,0.1,,,,
503,324403469,2024-11-07 09:14:03,3,0.0545,0.05578066,56.27,BTC-27JUN25-120000-C,75116.61,sell,0.1,0.1,,,,
504,324403474,2024-11-07 09:14:12,3,0.0545,0.0557741,56.27,BTC-27JUN25-120000-C,75116.78,sell,0.1,0.1,,,,
505,324403481,2024-11-07 09:14:25,3,0.0545,0.05574924,56.27,BTC-27JUN25-120000-C,75113.08,sell,0.1,0.1,,,,
506,324403485,2024-11-07 09:14:31,3,0.0545,0.05575302,56.27,BTC-27JUN25-120000-C,75113.03,sell,0.1,0.1,,,,
507,324403495,2024-11-07 09:14:36,3,0.0545,0.05574481,56.27,BTC-27JUN25-120000-C,75112.81,sell,0.1,0.1,,,,
508,324404493,2024-11-07 09:29:59,3,0.0545,0.05565863,56.23,BTC-27JUN25-120000-C,75125.26,sell,0.1,0.1,,,,
509,324404498,2024-11-07 09:30:10,3,0.0545,0.05563688,56.23,BTC-27JUN25-120000-C,75121.55,sell,0.1,0.1,,,,
510,324404507,2024-11-07 09:30:15,3,0.0545,0.05564482,56.24,BTC-27JUN25-120000-C,75114.71,sell,0.1,0.1,,,,
511,324404508,2024-11-07 09:30:19,3,0.0545,0.05560929,56.24,BTC-27JUN25-120000-C,75108.01,sell,0.1,0.1,,,,
512,324404515,2024-11-07 09:30:24,3,0.0545,0.05559605,56.25,BTC-27JUN25-120000-C,75101.61,buy,0.1,0.1,,,,
513,324404518,2024-11-07 09:30:44,2,0.054,0.05554839,56.06,BTC-27JUN25-120000-C,75097.41,sell,0.1,0.1,,,,
514,324404519,2024-11-07 09:30:48,3,0.054,0.05554446,56.06,BTC-27JUN25-120000-C,75097.9,sell,0.1,0.1,,,,
515,324404521,2024-11-07 09:30:53,3,0.054,0.05554086,56.06,BTC-27JUN25-120000-C,75095.49,sell,0.1,0.1,,,,
516,324404633,2024-11-07 09:32:06,3,0.054,0.05548687,56.06,BTC-27JUN25-120000-C,75090.04,sell,0.1,0.1,,,,
517,324404634,2024-11-07 09:32:11,3,0.054,0.05544318,56.06,BTC-27JUN25-120000-C,75087.12,sell,0.1,0.1,,,,
518,324442343,2024-11-07 15:07:34,0,0.0555,0.05473787,56.82,BTC-27JUN25-120000-C,74991.85,buy,5.0,5.0,,,,
519,324442344,2024-11-07 15:07:34,1,0.0555,0.05473787,56.82,BTC-27JUN25-120000-C,74991.85,buy,1.2,1.2,,,,
520,324442345,2024-11-07 15:07:34,1,0.0555,0.05473787,56.82,BTC-27JUN25-120000-C,74991.85,sell,13.8,13.8,,,,
521,324449470,2024-11-07 15:39:12,0,0.0565,0.05730585,56.52,BTC-27JUN25-120000-C,75630.03,sell,0.1,0.1,,,,
522,324449481,2024-11-07 15:39:17,1,0.0565,0.05734478,56.5,BTC-27JUN25-120000-C,75641.34,sell,0.1,0.1,,,,
523,324449985,2024-11-07 15:40:26,2,0.056,0.05743245,56.27,BTC-27JUN25-120000-C,75662.34,sell,0.1,0.1,,,,
524,324450061,2024-11-07 15:40:57,0,0.0565,0.05742985,56.45,BTC-27JUN25-120000-C,75675.91,sell,0.1,0.1,,,,
525,324450097,2024-11-07 15:41:05,1,0.0565,0.05747112,56.44,BTC-27JUN25-120000-C,75687.9,sell,0.1,0.1,,,,
526,324450524,2024-11-07 15:41:49,1,0.0565,0.05764726,56.36,BTC-27JUN25-120000-C,75762.6,sell,0.1,0.1,,,,
527,324450566,2024-11-07 15:41:56,1,0.0565,0.05764041,56.37,BTC-27JUN25-120000-C,75761.0,sell,0.1,0.1,,,,
528,324450571,2024-11-07 15:42:00,1,0.0565,0.05757275,56.39,BTC-27JUN25-120000-C,75737.44,sell,0.1,0.1,,,,
529,324450578,2024-11-07 15:42:06,1,0.0565,0.05756505,56.4,BTC-27JUN25-120000-C,75736.63,sell,0.1,0.1,,,,
530,324450585,2024-11-07 15:42:10,1,0.0565,0.0575658,56.39,BTC-27JUN25-120000-C,75744.6,sell,0.1,0.1,,,,
531,324480320,2024-11-07 17:28:54,0,0.0595,0.05916133,56.74,BTC-27JUN25-120000-C,76369.76,buy,0.9,0.9,,,,
532,324645239,2024-11-08 08:44:29,2,0.0545,0.05500393,55.35,BTC-27JUN25-120000-C,75887.82,sell,6.0,6.0,,,,
533,324693472,2024-11-08 14:59:53,0,0.055,0.05428388,55.59,BTC-27JUN25-120000-C,75821.26,buy,5.0,5.0,,,,
534,324693473,2024-11-08 14:59:53,1,0.055,0.05428388,55.59,BTC-27JUN25-120000-C,75821.26,buy,3.6,3.6,,,,
535,324693474,2024-11-08 14:59:53,1,0.055,0.05428388,55.59,BTC-27JUN25-120000-C,75821.26,buy,1.4,1.4,,,,
536,324705236,2024-11-08 15:44:24,0,0.057,0.05636329,55.69,BTC-27JUN25-120000-C,76400.46,buy,1.0,1.0,,,,
537,324705237,2024-11-08 15:44:24,1,0.057,0.05636329,55.69,BTC-27JUN25-120000-C,76400.46,buy,4.7,4.7,,,,
538,324705238,2024-11-08 15:44:24,1,0.057,0.05636329,55.69,BTC-27JUN25-120000-C,76400.46,buy,6.0,6.0,,,,
539,324736824,2024-11-08 18:44:56,0,0.0575,0.05774654,55.41,BTC-27JUN25-120000-C,76924.03,buy,0.8,0.8,,,,
540,324818573,2024-11-09 16:32:37,2,0.0555,0.05628596,55.56,BTC-27JUN25-120000-C,76136.87,sell,0.2,0.2,,,,
541,324818574,2024-11-09 16:32:37,3,0.0555,0.05628596,55.56,BTC-27JUN25-120000-C,76136.87,sell,4.6,4.6,,,,
542,324865990,2024-11-10 04:12:55,0,0.059,0.05786582,55.64,BTC-27JUN25-120000-C,77388.06,buy,0.1,0.1,,,,
543,324866036,2024-11-10 04:13:48,1,0.059,0.05774447,55.68,BTC-27JUN25-120000-C,77352.25,buy,0.1,0.1,,,,
544,324914292,2024-11-10 05:35:41,0,0.065,0.06417557,55.62,BTC-27JUN25-120000-C,79454.61,sell,0.1,0.1,,,,
545,324918862,2024-11-10 05:41:15,0,0.0655,0.06527289,55.65,BTC-27JUN25-120000-C,79594.71,sell,11.9,11.9,,,,
546,324946677,2024-11-10 07:36:08,2,0.061,0.06014023,54.49,BTC-27JUN25-120000-C,78975.52,buy,1.9,1.9,,,,
547,324946678,2024-11-10 07:36:08,3,0.061,0.06014023,54.49,BTC-27JUN25-120000-C,78975.52,buy,6.0,6.0,,,,
548,324946679,2024-11-10 07:36:08,3,0.061,0.06014023,54.49,BTC-27JUN25-120000-C,78975.52,buy,2.2,2.2,,,,
549,324946680,2024-11-10 07:36:08,3,0.061,0.06014023,54.49,BTC-27JUN25-120000-C,78975.52,sell,3.9,3.9,,,,
550,324988337,2024-11-10 11:45:09,0,0.065,0.0646456,54.99,BTC-27JUN25-120000-C,79920.91,sell,3.0,3.0,,,,
551,325012213,2024-11-10 13:55:12,2,0.0635,0.06328092,54.62,BTC-27JUN25-120000-C,79749.82,sell,0.5,0.5,,,,
552,325052730,2024-11-10 18:12:10,0,0.0665,0.06598291,54.37,BTC-27JUN25-120000-C,80929.84,sell,1.2,1.2,,,,
553,325052752,2024-11-10 18:12:17,0,0.067,0.06605679,54.57,BTC-27JUN25-120000-C,80916.98,sell,1.2,1.2,,,,
554,325052754,2024-11-10 18:12:18,1,0.067,0.06607979,54.57,BTC-27JUN25-120000-C,80913.59,sell,5.0,5.0,,,,
555,325052788,2024-11-10 18:12:20,1,0.067,0.06611692,54.59,BTC-27JUN25-120000-C,80899.39,sell,5.0,5.0,,,,
556,325052837,2024-11-10 18:12:42,0,0.0675,0.06648867,54.73,BTC-27JUN25-120000-C,80935.46,sell,1.9,1.9,,,,
557,325052838,2024-11-10 18:12:42,1,0.0675,0.06648867,54.73,BTC-27JUN25-120000-C,80935.46,sell,0.7,0.7,,,,
558,325069179,2024-11-10 19:24:00,2,0.065,0.06531312,54.4,BTC-27JUN25-120000-C,80443.11,sell,0.2,0.2,,,,
559,325069180,2024-11-10 19:24:00,3,0.065,0.06531312,54.4,BTC-27JUN25-120000-C,80443.11,sell,0.1,0.1,,,,
560,325098569,2024-11-10 21:52:50,0,0.066,0.06379913,55.43,BTC-27JUN25-120000-C,79876.21,buy,2.7,2.7,,,,
561,325098570,2024-11-10 21:52:50,1,0.066,0.06379913,55.43,BTC-27JUN25-120000-C,79876.21,buy,0.3,0.3,,,,
562,325138495,2024-11-11 00:32:46,1,0.066,0.06585573,54.67,BTC-27JUN25-120000-C,80663.13,sell,0.3,0.3,,,,
563,325191803,2024-11-11 04:58:53,0,0.0675,0.06743058,54.2,BTC-27JUN25-120000-C,81527.11,buy,500.0,500.0,BTC-CSR12-27JUN25-120000_140000,166797,,
564,325231466,2024-11-11 08:19:29,2,0.065,0.06443894,53.63,BTC-27JUN25-120000-C,81305.62,buy,1.9,1.9,,,,
565,325231467,2024-11-11 08:19:29,3,0.065,0.06443894,53.63,BTC-27JUN25-120000-C,81305.62,buy,6.0,6.0,,,,
566,325231468,2024-11-11 08:19:29,3,0.065,0.06443894,53.63,BTC-27JUN25-120000-C,81305.62,buy,1.2,1.2,,,,
567,325232215,2024-11-11 08:23:41,0,0.066,0.06446001,54.13,BTC-27JUN25-120000-C,81190.32,buy,5.0,5.0,,,,
568,325232216,2024-11-11 08:23:41,1,0.066,0.06446001,54.13,BTC-27JUN25-120000-C,81190.32,buy,6.0,6.0,,,,
569,325232217,2024-11-11 08:23:41,1,0.066,0.06446001,54.13,BTC-27JUN25-120000-C,81190.32,buy,1.9,1.9,,,,
570,325232646,2024-11-11 08:26:08,0,0.0665,0.0650858,54.36,BTC-27JUN25-120000-C,81150.68,buy,1.9,1.9,,,,
571,325232647,2024-11-11 08:26:08,1,0.0665,0.0650858,54.36,BTC-27JUN25-120000-C,81150.68,buy,2.5,2.5,,,,
572,325232648,2024-11-11 08:26:08,1,0.0665,0.0650858,54.36,BTC-27JUN25-120000-C,81150.68,sell,1.5,1.5,,,,
573,325232649,2024-11-11 08:26:08,1,0.0665,0.0650858,54.36,BTC-27JUN25-120000-C,81150.68,sell,0.3,0.3,,,,
574,325233118,2024-11-11 08:29:27,2,0.066,0.06581293,54.15,BTC-27JUN25-120000-C,81156.38,buy,12.5,12.5,BTC-CS-27JUN25-120000_160000,166841,,
575,325233227,2024-11-11 08:30:24,0,0.0665,0.06577226,54.36,BTC-27JUN25-120000-C,81131.71,buy,50.0,50.0,,166842,,
576,325233290,2024-11-11 08:30:44,1,0.0665,0.06569892,54.38,BTC-27JUN25-120000-C,81109.71,buy,6.0,6.0,,,,
577,325233291,2024-11-11 08:30:44,1,0.0665,0.06569892,54.38,BTC-27JUN25-120000-C,81109.71,buy,1.9,1.9,,,,
578,325233840,2024-11-11 08:34:08,2,0.066,0.06599164,54.1,BTC-27JUN25-120000-C,81187.18,sell,1.0,1.0,,,,
579,325238512,2024-11-11 09:01:18,0,0.0665,0.06642999,54.26,BTC-27JUN25-120000-C,81249.73,sell,1.7,1.7,,,,
580,325241078,2024-11-11 09:16:14,0,0.067,0.06662091,54.23,BTC-27JUN25-120000-C,81471.93,buy,50.0,50.0,,166866,,
581,325243524,2024-11-11 09:31:28,1,0.067,0.06645048,54.28,BTC-27JUN25-120000-C,81428.62,buy,6.0,6.0,,,,
582,325243525,2024-11-11 09:31:28,1,0.067,0.06645048,54.28,BTC-27JUN25-120000-C,81428.62,buy,10.5,10.5,,,,
583,325243526,2024-11-11 09:31:28,1,0.067,0.06645048,54.28,BTC-27JUN25-120000-C,81428.62,buy,8.5,8.5,,,,
584,325252874,2024-11-11 10:04:37,1,0.067,0.06779774,53.8,BTC-27JUN25-120000-C,81861.01,sell,5.0,5.0,,,,
585,325254603,2024-11-11 10:08:44,0,0.0685,0.06815216,54.2,BTC-27JUN25-120000-C,82001.98,sell,0.4,0.4,,,,
586,325266429,2024-11-11 10:45:03,0,0.0692,0.06853493,54.28,BTC-27JUN25-120000-C,82128.92,buy,100.0,100.0,BTC-STRG-27JUN25-70000_120000,166908,,
587,325284459,2024-11-11 12:22:30,2,0.069,0.06929337,54.38,BTC-27JUN25-120000-C,81950.49,sell,0.9,0.9,,,,
588,325299388,2024-11-11 13:44:56,3,0.069,0.06984952,54.53,BTC-27JUN25-120000-C,81765.82,buy,4.1,4.1,,,,
589,325299389,2024-11-11 13:44:56,3,0.069,0.06984952,54.53,BTC-27JUN25-120000-C,81765.82,buy,5.9,5.9,,,,
590,325373097,2024-11-11 16:24:55,0,0.079,0.07917192,54.79,BTC-27JUN25-120000-C,84967.34,buy,0.9,0.9,,,,
591,325413250,2024-11-11 18:39:53,0,0.08,0.08007213,54.9,BTC-27JUN25-120000-C,85226.56,sell,0.6,0.6,,,,
592,325414923,2024-11-11 18:41:23,1,0.08,0.08000693,54.87,BTC-27JUN25-120000-C,85243.76,sell,0.6,0.6,,,,
593,325423285,2024-11-11 18:56:40,0,0.0825,0.08200255,55.16,BTC-27JUN25-120000-C,85726.22,buy,0.6,0.6,,,,
594,325423753,2024-11-11 18:57:42,2,0.082,0.08210541,54.94,BTC-27JUN25-120000-C,85777.47,sell,0.6,0.6,,,,
595,325423754,2024-11-11 18:57:42,3,0.082,0.08210541,54.94,BTC-27JUN25-120000-C,85777.47,sell,0.4,0.4,,,,
596,325423786,2024-11-11 18:58:00,3,0.082,0.08211587,54.96,BTC-27JUN25-120000-C,85756.1,buy,0.4,0.4,,,,
597,325423799,2024-11-11 18:58:07,3,0.082,0.08206551,54.97,BTC-27JUN25-120000-C,85753.0,buy,1.0,1.0,,,,
598,325423803,2024-11-11 18:58:11,3,0.082,0.08203522,54.97,BTC-27JUN25-120000-C,85749.6,buy,1.0,1.0,,,,
599,325424127,2024-11-11 18:59:44,3,0.082,0.08237593,54.84,BTC-27JUN25-120000-C,85875.29,buy,1.0,1.0,,,,
600,325424131,2024-11-11 18:59:48,3,0.082,0.08238309,54.84,BTC-27JUN25-120000-C,85877.83,buy,1.0,1.0,,,,
601,325424265,2024-11-11 18:59:57,3,0.082,0.08250518,54.79,BTC-27JUN25-120000-C,85918.34,buy,1.0,1.0,,,,
602,325425178,2024-11-11 19:01:11,0,0.0825,0.08237054,55.01,BTC-27JUN25-120000-C,85892.79,buy,1.0,1.0,,,,
603,325425220,2024-11-11 19:01:16,1,0.0825,0.0824901,54.99,BTC-27JUN25-120000-C,85906.47,sell,0.6,0.6,,,,
604,325425379,2024-11-11 19:01:44,1,0.0825,0.08247208,54.96,BTC-27JUN25-120000-C,85937.52,buy,0.4,0.4,,,,
605,325427857,2024-11-11 19:05:35,2,0.082,0.08185071,54.96,BTC-27JUN25-120000-C,85770.41,buy,0.5,0.5,,,,
606,325485992,2024-11-11 20:49:48,0,0.09,0.08988506,56.06,BTC-27JUN25-120000-C,87318.55,buy,0.1,0.1,,,,
607,325489107,2024-11-11 20:55:14,1,0.09,0.08975186,56.18,BTC-27JUN25-120000-C,87218.36,sell,1.4,1.4,,,,
608,325494087,2024-11-11 21:08:08,0,0.0905,0.08940089,56.49,BTC-27JUN25-120000-C,87069.85,buy,0.3,0.3,,,,
609,325505824,2024-11-11 21:26:35,0,0.093,0.09335087,56.09,BTC-27JUN25-120000-C,88207.93,buy,0.2,0.2,,,,
610,325507697,2024-11-11 21:28:18,0,0.0935,0.09408106,56.02,BTC-27JUN25-120000-C,88393.36,buy,0.1,0.1,,,,
611,325610355,2024-11-12 00:40:36,0,0.0975,0.0961161,58.04,BTC-27JUN25-120000-C,87723.6,buy,1.5,1.5,,,,
612,325636813,2024-11-12 01:51:04,0,0.0985,0.09738892,57.31,BTC-27JUN25-120000-C,88722.29,buy,0.6,0.6,,,,
613,325636814,2024-11-12 01:51:04,0,0.099,0.09738892,57.48,BTC-27JUN25-120000-C,88722.29,buy,0.4,0.4,,,,
614,325657032,2024-11-12 02:59:21,2,0.0955,0.09520052,57.36,BTC-27JUN25-120000-C,87766.09,sell,0.6,0.6,,,,
615,325662168,2024-11-12 03:25:53,2,0.095,0.09495105,57.15,BTC-27JUN25-120000-C,87753.96,buy,0.7,0.7,,,,
616,325671943,2024-11-12 04:04:01,0,0.097,0.09577418,57.27,BTC-27JUN25-120000-C,88232.9,buy,0.1,0.1,,,,
617,325672509,2024-11-12 04:06:07,2,0.096,0.09539482,57.06,BTC-27JUN25-120000-C,88118.6,buy,0.8,0.8,,,,
618,325672536,2024-11-12 04:06:17,3,0.096,0.09550386,57.04,BTC-27JUN25-120000-C,88139.7,buy,1.4,1.4,,,,
619,325672574,2024-11-12 04:06:22,3,0.096,0.09548314,57.07,BTC-27JUN25-120000-C,88112.32,buy,1.8,1.8,,,,
620,325698067,2024-11-12 05:52:21,0,0.0975,0.0974274,57.08,BTC-27JUN25-120000-C,88565.3,sell,0.7,0.7,,,,
621,325715971,2024-11-12 06:55:43,0,0.102,0.10062662,57.01,BTC-27JUN25-120000-C,89881.21,buy,0.1,0.1,,,,
622,325715989,2024-11-12 06:55:47,1,0.102,0.10064747,57.01,BTC-27JUN25-120000-C,89881.0,buy,0.1,0.1,,,,
623,325717266,2024-11-12 06:57:43,2,0.1005,0.10010329,56.75,BTC-27JUN25-120000-C,89655.1,sell,0.1,0.1,,,,
624,325728079,2024-11-12 07:17:57,2,0.1,0.10031019,56.38,BTC-27JUN25-120000-C,89814.53,buy,0.1,0.1,,,,
625,325732648,2024-11-12 07:30:09,2,0.099,0.09918664,56.44,BTC-27JUN25-120000-C,89445.01,buy,0.1,0.1,,,,
626,325750707,2024-11-12 08:44:25,2,0.098,0.09788094,56.46,BTC-27JUN25-120000-C,89147.11,buy,0.5,0.5,,,,
627,325750712,2024-11-12 08:44:27,3,0.098,0.09793457,56.45,BTC-27JUN25-120000-C,89157.2,buy,0.2,0.2,,,,
628,325750743,2024-11-12 08:44:37,3,0.098,0.09794184,56.44,BTC-27JUN25-120000-C,89163.25,buy,0.4,0.4,,,,
629,325750820,2024-11-12 08:44:54,3,0.098,0.09798152,56.43,BTC-27JUN25-120000-C,89172.98,buy,0.2,0.2,,,,
630,325750835,2024-11-12 08:44:57,3,0.098,0.09799775,56.41,BTC-27JUN25-120000-C,89188.91,buy,0.2,0.2,,,,
631,325750880,2024-11-12 08:44:59,3,0.098,0.09805005,56.41,BTC-27JUN25-120000-C,89192.4,buy,0.3,0.3,,,,
632,325750892,2024-11-12 08:45:00,3,0.098,0.09805247,56.4,BTC-27JUN25-120000-C,89197.0,buy,1.2,1.2,,,,
633,325763292,2024-11-12 09:22:47,2,0.0965,0.09617995,56.54,BTC-27JUN25-120000-C,88681.83,sell,0.1,0.1,,,,
634,325771031,2024-11-12 09:47:38,2,0.095,0.09417177,56.85,BTC-27JUN25-120000-C,88019.91,sell,0.1,0.1,,,,
635,325771032,2024-11-12 09:47:38,3,0.095,0.09417177,56.85,BTC-27JUN25-120000-C,88019.91,sell,0.1,0.1,,,,
636,325805666,2024-11-12 10:41:25,2,0.0895,0.089819,56.56,BTC-27JUN25-120000-C,86632.59,sell,0.1,0.1,,,,
637,325834404,2024-11-12 11:15:13,0,0.0905,0.09021928,56.55,BTC-27JUN25-120000-C,86789.5,sell,0.1,0.1,,,,
638,325845359,2024-11-12 11:37:02,0,0.0945,0.09400097,56.76,BTC-27JUN25-120000-C,87767.75,buy,0.8,0.8,,,,
639,325883781,2024-11-12 12:52:39,2,0.09,0.08990909,56.82,BTC-27JUN25-120000-C,86424.35,sell,0.1,0.1,,,,
640,325888623,2024-11-12 13:01:02,2,0.0895,0.08953338,56.81,BTC-27JUN25-120000-C,86282.77,sell,0.1,0.1,,,,
641,325927591,2024-11-12 14:18:28,2,0.088,0.08762033,56.74,BTC-27JUN25-120000-C,85928.27,sell,0.1,0.1,,,,
642,325927762,2024-11-12 14:19:01,3,0.088,0.08773554,56.74,BTC-27JUN25-120000-C,85927.26,sell,1.0,1.0,,,,
643,325932055,2024-11-12 14:31:05,2,0.0875,0.08730184,56.69,BTC-27JUN25-120000-C,85827.3,sell,0.1,0.1,,,,
644,325932224,2024-11-12 14:31:17,2,0.087,0.08680239,56.71,BTC-27JUN25-120000-C,85629.76,sell,0.1,0.1,,,,
645,326001464,2024-11-12 17:16:01,0,0.092,0.09160001,56.54,BTC-27JUN25-120000-C,87483.0,buy,0.7,0.7,,,,
646,326007029,2024-11-12 17:35:26,0,0.093,0.09260107,56.57,BTC-27JUN25-120000-C,87787.75,sell,0.1,0.1,,,,
647,326007437,2024-11-12 17:37:06,0,0.0935,0.09284803,56.74,BTC-27JUN25-120000-C,87787.06,buy,0.1,0.1,,,,
648,326007444,2024-11-12 17:37:08,1,0.0935,0.09273408,56.74,BTC-27JUN25-120000-C,87781.69,buy,0.1,0.1,,,,
649,326007466,2024-11-12 17:37:10,1,0.0935,0.09271821,56.75,BTC-27JUN25-120000-C,87777.61,buy,0.1,0.1,,,,
650,326007468,2024-11-12 17:37:12,1,0.0935,0.09270485,56.75,BTC-27JUN25-120000-C,87776.79,buy,0.1,0.1,,,,
651,326007518,2024-11-12 17:37:14,1,0.0935,0.09270145,56.76,BTC-27JUN25-120000-C,87769.09,buy,0.1,0.1,,,,
652,326007746,2024-11-12 17:37:41,2,0.093,0.09283107,56.55,BTC-27JUN25-120000-C,87815.87,sell,0.1,0.1,,,,
653,326008582,2024-11-12 17:39:44,0,0.094,0.09335069,56.73,BTC-27JUN25-120000-C,87972.5,sell,0.1,0.1,,,,
654,326008683,2024-11-12 17:40:00,1,0.094,0.09320533,56.78,BTC-27JUN25-120000-C,87927.31,buy,0.1,0.1,,,,
655,326009020,2024-11-12 17:40:44,1,0.094,0.09328628,56.75,BTC-27JUN25-120000-C,87951.61,sell,0.1,0.1,,,,
656,326009316,2024-11-12 17:41:58,1,0.094,0.09346112,56.71,BTC-27JUN25-120000-C,87986.52,buy,1.0,1.0,,,,
657,326009339,2024-11-12 17:42:02,1,0.094,0.09347133,56.71,BTC-27JUN25-120000-C,87980.9,sell,1.0,1.0,,,,
658,326009781,2024-11-12 17:43:07,1,0.094,0.09326683,56.83,BTC-27JUN25-120000-C,87865.4,sell,0.5,0.5,,,,
659,326009786,2024-11-12 17:43:07,1,0.094,0.09326683,56.83,BTC-27JUN25-120000-C,87865.4,sell,0.5,0.5,,,,
660,326031425,2024-11-12 18:36:57,0,0.095,0.09432912,56.38,BTC-27JUN25-120000-C,88553.28,sell,0.1,0.1,,,,
661,326031426,2024-11-12 18:36:57,1,0.095,0.09432912,56.38,BTC-27JUN25-120000-C,88553.28,sell,0.1,0.1,,,,
662,326050454,2024-11-12 19:25:45,0,0.0985,0.09815514,56.49,BTC-27JUN25-120000-C,89541.93,sell,0.1,0.1,,,,
663,326054801,2024-11-12 19:32:12,0,0.1,0.09913224,56.72,BTC-27JUN25-120000-C,89768.3,buy,0.2,0.2,,,,
664,326054802,2024-11-12 19:32:12,1,0.1,0.09913224,56.72,BTC-27JUN25-120000-C,89768.3,buy,0.8,0.8,,,,
665,326054820,2024-11-12 19:32:16,1,0.1,0.09913394,56.72,BTC-27JUN25-120000-C,89772.46,buy,0.3,0.3,,,,
666,326054821,2024-11-12 19:32:16,1,0.1,0.09913394,56.72,BTC-27JUN25-120000-C,89772.46,buy,0.7,0.7,,,,
667,326054869,2024-11-12 19:32:18,1,0.1,0.09909916,56.73,BTC-27JUN25-120000-C,89758.71,buy,1.0,1.0,,,,
668,326054886,2024-11-12 19:32:19,1,0.1,0.09908169,56.75,BTC-27JUN25-120000-C,89743.92,buy,1.0,1.0,,,,
669,326054887,2024-11-12 19:32:20,1,0.1,0.09903628,56.75,BTC-27JUN25-120000-C,89740.48,buy,1.0,1.0,,,,
670,326054888,2024-11-12 19:32:22,1,0.1,0.09902924,56.75,BTC-27JUN25-120000-C,89746.61,buy,1.0,1.0,,,,
671,326093646,2024-11-12 21:03:11,1,0.1,0.0997512,57.09,BTC-27JUN25-120000-C,89604.37,sell,0.2,0.2,,,,
672,326095794,2024-11-12 21:07:02,2,0.098,0.09837559,56.86,BTC-27JUN25-120000-C,89221.17,buy,0.1,0.1,,,,
673,326108252,2024-11-12 21:42:43,2,0.0965,0.09630393,57.15,BTC-27JUN25-120000-C,88510.58,sell,0.4,0.4,,,,
674,326108300,2024-11-12 21:42:48,3,0.0965,0.0961705,57.19,BTC-27JUN25-120000-C,88472.26,sell,1.3,1.3,,,,
675,326108301,2024-11-12 21:42:48,3,0.0965,0.0961705,57.19,BTC-27JUN25-120000-C,88472.26,sell,0.8,0.8,,,,
676,326108584,2024-11-12 21:43:32,3,0.0965,0.09612725,57.22,BTC-27JUN25-120000-C,88449.72,sell,0.5,0.5,,,,
677,326115755,2024-11-12 22:05:24,2,0.0945,0.09455646,56.95,BTC-27JUN25-120000-C,88179.65,sell,0.1,0.1,,,,
678,326116305,2024-11-12 22:07:10,2,0.094,0.09405731,56.94,BTC-27JUN25-120000-C,88035.27,sell,0.1,0.1,,,,
679,326132160,2024-11-12 23:21:42,2,0.092,0.09191251,56.57,BTC-27JUN25-120000-C,87757.2,sell,0.3,0.3,,,,
680,326150832,2024-11-13 01:05:00,0,0.093,0.09377701,56.45,BTC-27JUN25-120000-C,88183.83,sell,5.0,5.0,,,,
681,326167670,2024-11-13 02:19:50,2,0.0905,0.09073831,56.24,BTC-27JUN25-120000-C,87679.98,sell,0.3,0.3,,,,
682,326172696,2024-11-13 02:35:33,2,0.089,0.08888722,56.23,BTC-27JUN25-120000-C,87230.64,sell,0.3,0.3,,,,
683,326184192,2024-11-13 03:28:19,0,0.0895,0.08979035,55.91,BTC-27JUN25-120000-C,87635.07,sell,0.8,0.8,,,,
684,326184193,2024-11-13 03:28:19,1,0.0895,0.08979035,55.91,BTC-27JUN25-120000-C,87635.07,sell,0.1,0.1,,,,
685,326184194,2024-11-13 03:28:19,1,0.0895,0.08979035,55.91,BTC-27JUN25-120000-C,87635.07,buy,0.1,0.1,,,,
686,326186742,2024-11-13 03:34:05,0,0.0896,0.08988096,55.94,BTC-27JUN25-120000-C,87657.85,sell,50.0,50.0,BTC-CDIAG-27JUN25_28MAR25-120000_90000,167658,,
687,326201364,2024-11-13 04:37:18,2,0.0875,0.08740827,56.21,BTC-27JUN25-120000-C,86801.24,sell,0.3,0.3,,,,
688,326221235,2024-11-13 06:08:46,0,0.0885,0.08787428,56.5,BTC-27JUN25-120000-C,86780.27,buy,0.1,0.1,,,,
689,326228141,2024-11-13 06:50:55,2,0.086,0.08652945,55.95,BTC-27JUN25-120000-C,86499.47,sell,0.3,0.3,,,,
690,326247126,2024-11-13 08:19:03,0,0.0875,0.08755572,55.44,BTC-27JUN25-120000-C,87511.6,sell,1.0,1.0,,,,
691,326264739,2024-11-13 10:48:04,1,0.0875,0.08733351,55.53,BTC-27JUN25-120000-C,87441.58,buy,1.0,1.0,,,,
692,326272080,2024-11-13 11:24:43,0,0.088,0.0879922,55.48,BTC-27JUN25-120000-C,87653.97,buy,1.0,1.0,,,,
693,326311809,2024-11-13 13:59:51,0,0.097,0.09490327,56.46,BTC-27JUN25-120000-C,89364.44,buy,2.7,2.7,,,,
694,326313005,2024-11-13 14:01:43,2,0.0965,0.09584273,56.48,BTC-27JUN25-120000-C,89171.02,buy,3.0,3.0,,,,
695,326362879,2024-11-13 15:01:35,0,0.1075,0.10735698,57.46,BTC-27JUN25-120000-C,91526.87,buy,0.3,0.3,,,,
696,326367627,2024-11-13 15:05:57,2,0.106,0.1059562,57.48,BTC-27JUN25-120000-C,91066.97,buy,0.3,0.3,,,,
697,326398185,2024-11-13 15:49:43,0,0.112,0.11176966,57.74,BTC-27JUN25-120000-C,92645.76,buy,0.1,0.1,,,,
698,326399498,2024-11-13 15:51:05,0,0.1125,0.11219506,57.81,BTC-27JUN25-120000-C,92713.89,buy,1.0,1.0,,,,
699,326434475,2024-11-13 16:30:47,0,0.116,0.1150313,58.18,BTC-27JUN25-120000-C,93154.17,buy,1.2,1.2,,,,
700,326434476,2024-11-13 16:30:47,1,0.116,0.1150313,58.18,BTC-27JUN25-120000-C,93154.17,buy,1.2,1.2,,,,
701,326434906,2024-11-13 16:31:25,1,0.116,0.11454879,58.37,BTC-27JUN25-120000-C,92997.95,buy,1.3,1.3,,,,
702,326434907,2024-11-13 16:31:25,1,0.116,0.11454879,58.37,BTC-27JUN25-120000-C,92997.95,buy,0.6,0.6,,,,
703,326438465,2024-11-13 16:36:31,2,0.113,0.11270883,58.09,BTC-27JUN25-120000-C,92380.4,buy,0.3,0.3,,,,
704,326438466,2024-11-13 16:36:31,0,0.114,0.11270883,58.41,BTC-27JUN25-120000-C,92380.4,buy,1.1,1.1,,,,
705,326440413,2024-11-13 16:37:58,2,0.113,0.11266033,58.05,BTC-27JUN25-120000-C,92363.18,sell,0.1,0.1,,,,
706,326470381,2024-11-13 17:47:44,2,0.1105,0.11010023,57.91,BTC-27JUN25-120000-C,91930.9,buy,0.6,0.6,,,,
707,326513804,2024-11-13 19:25:54,2,0.107,0.10639095,57.85,BTC-27JUN25-120000-C,91084.76,sell,0.9,0.9,,,,
708,326662102,2024-11-14 05:04:05,2,0.0995,0.09828858,56.54,BTC-27JUN25-120000-C,90111.87,buy,0.8,0.8,,,,
709,326673296,2024-11-14 06:58:20,3,0.0995,0.09920148,57.19,BTC-27JUN25-120000-C,89560.51,sell,1.0,1.0,,,,
710,326673507,2024-11-14 06:58:37,3,0.0995,0.09910655,57.25,BTC-27JUN25-120000-C,89510.36,sell,1.3,1.3,,,,
711,326673563,2024-11-14 06:58:39,3,0.0995,0.09904742,57.35,BTC-27JUN25-120000-C,89415.37,sell,1.9,1.9,,,,
712,326716115,2024-11-14 09:29:31,0,0.1035,0.10213305,57.36,BTC-27JUN25-120000-C,90625.23,buy,3.0,3.0,,,,
713,326739060,2024-11-14 11:14:12,1,0.1035,0.10280905,57.15,BTC-27JUN25-120000-C,90840.0,buy,1.2,1.2,,,,
714,326739119,2024-11-14 11:14:31,1,0.1035,0.10301893,57.12,BTC-27JUN25-120000-C,90868.5,sell,0.9,0.9,,,,
715,326739120,2024-11-14 11:14:31,1,0.1035,0.10301893,57.12,BTC-27JUN25-120000-C,90868.5,sell,0.2,0.2,,,,
716,326739403,2024-11-14 11:15:34,0,0.104,0.10352849,57.16,BTC-27JUN25-120000-C,90970.99,sell,0.9,0.9,,,,
717,326739404,2024-11-14 11:15:34,1,0.104,0.10352849,57.16,BTC-27JUN25-120000-C,90970.99,sell,0.2,0.2,,,,
718,326739850,2024-11-14 11:16:42,1,0.104,0.10360978,57.16,BTC-27JUN25-120000-C,90962.63,sell,0.8,0.8,,,,
719,326739857,2024-11-14 11:16:42,1,0.104,0.10360978,57.16,BTC-27JUN25-120000-C,90962.63,sell,0.1,0.1,,,,
720,326739859,2024-11-14 11:16:42,1,0.104,0.10360978,57.16,BTC-27JUN25-120000-C,90962.63,sell,0.7,0.7,,,,
721,326810039,2024-11-14 14:59:52,2,0.099,0.09909724,57.78,BTC-27JUN25-120000-C,88864.8,sell,3.0,3.0,,,,
722,326826353,2024-11-14 15:31:59,3,0.099,0.09856586,57.87,BTC-27JUN25-120000-C,88846.64,sell,5.0,5.0,,,,
723,326992014,2024-11-15 01:32:06,2,0.0935,0.09456812,57.42,BTC-27JUN25-120000-C,87639.2,sell,5.0,5.0,,,,
724,326992015,2024-11-15 01:32:06,3,0.0935,0.09456812,57.42,BTC-27JUN25-120000-C,87639.2,sell,0.1,0.1,,,,
725,326992016,2024-11-15 01:32:06,2,0.093,0.09456812,57.25,BTC-27JUN25-120000-C,87639.2,sell,3.7,3.7,,,,
726,327017329,2024-11-15 04:23:50,0,0.0945,0.09435556,57.6,BTC-27JUN25-120000-C,87764.95,sell,2.0,2.0,,,,
727,327119512,2024-11-15 10:42:32,0,0.0995,0.0995617,57.75,BTC-27JUN25-120000-C,89138.24,buy,1.1,1.1,,,,
728,327119513,2024-11-15 10:42:37,1,0.0995,0.09947557,57.75,BTC-27JUN25-120000-C,89139.53,buy,1.1,1.1,,,,
729,327120409,2024-11-15 10:47:06,0,0.1,0.09977738,57.8,BTC-27JUN25-120000-C,89230.89,buy,1.0,1.0,,,,
730,327122012,2024-11-15 10:53:16,1,0.1,0.09999618,57.71,BTC-27JUN25-120000-C,89318.84,buy,0.1,0.1,,,,
731,327171814,2024-11-15 13:46:09,0,0.103,0.10291046,57.88,BTC-27JUN25-120000-C,90031.77,buy,5.0,5.0,,,,
732,327171943,2024-11-15 13:46:35,1,0.103,0.1030907,57.82,BTC-27JUN25-120000-C,90081.97,buy,5.0,5.0,,,,
733,327245347,2024-11-15 17:19:29,2,0.1,0.0994934,57.4,BTC-27JUN25-120000-C,89664.91,buy,10.0,10.0,,,,
734,327245362,2024-11-15 17:19:35,3,0.1,0.09945429,57.4,BTC-27JUN25-120000-C,89663.84,buy,15.0,15.0,,,,
735,327245614,2024-11-15 17:21:48,3,0.1,0.09991168,57.22,BTC-27JUN25-120000-C,89825.64,buy,25.0,25.0,,,,
736,327245615,2024-11-15 17:21:48,3,0.1,0.09991168,57.22,BTC-27JUN25-120000-C,89825.64,buy,0.4,0.4,,,,
737,327265572,2024-11-15 19:39:38,3,0.1,0.10032221,56.91,BTC-27JUN25-120000-C,90160.41,buy,50.0,50.0,,,,
738,327300707,2024-11-15 21:51:41,0,0.105,0.10488999,56.9,BTC-27JUN25-120000-C,91566.72,buy,1.2,1.2,,,,
739,327301892,2024-11-15 21:53:21,1,0.105,0.10547325,56.7,BTC-27JUN25-120000-C,91738.3,buy,1.2,1.2,,,,
740,327371691,2024-11-16 10:38:50,2,0.1045,0.10528341,56.86,BTC-27JUN25-120000-C,91554.98,buy,0.1,0.1,,,,
741,327389590,2024-11-16 12:48:30,2,0.1035,0.10517412,57.2,BTC-27JUN25-120000-C,90923.42,sell,8.4,8.4,,,,
742,327389591,2024-11-16 12:48:30,3,0.1035,0.10517412,57.2,BTC-27JUN25-120000-C,90923.42,sell,8.0,8.0,,,,
743,327389592,2024-11-16 12:48:30,3,0.1035,0.10517412,57.2,BTC-27JUN25-120000-C,90923.42,buy,10.0,10.0,,,,
744,327389593,2024-11-16 12:48:30,3,0.1035,0.10517412,57.2,BTC-27JUN25-120000-C,90923.42,buy,10.0,10.0,,,,
745,327389594,2024-11-16 12:48:30,3,0.1035,0.10517412,57.2,BTC-27JUN25-120000-C,90923.42,buy,5.9,5.9,,,,
746,327389595,2024-11-16 12:48:30,3,0.1035,0.10517412,57.2,BTC-27JUN25-120000-C,90923.42,buy,7.7,7.7,,,,
747,327554776,2024-11-17 14:17:57,2,0.103,0.1034486,57.27,BTC-27JUN25-120000-C,90596.45,buy,0.1,0.1,,,,
748,327566934,2024-11-17 15:56:35,0,0.105,0.10335946,58.17,BTC-27JUN25-120000-C,90339.31,sell,0.1,0.1,,,,
749,327566941,2024-11-17 15:56:42,1,0.105,0.1034119,58.16,BTC-27JUN25-120000-C,90345.63,sell,0.4,0.4,,,,
750,327569452,2024-11-17 16:36:19,2,0.1045,0.10349559,58.05,BTC-27JUN25-120000-C,90356.21,sell,0.1,0.1,,,,
751,327569453,2024-11-17 16:36:25,3,0.1045,0.10350186,58.05,BTC-27JUN25-120000-C,90356.12,sell,0.9,0.9,,,,
752,327569456,2024-11-17 16:37:18,3,0.1045,0.10381413,58.04,BTC-27JUN25-120000-C,90361.7,sell,0.1,0.1,,,,
753,327569493,2024-11-17 16:38:23,0,0.105,0.10401685,58.21,BTC-27JUN25-120000-C,90360.44,sell,1.0,1.0,,,,
754,327569494,2024-11-17 16:38:28,1,0.105,0.10402822,58.21,BTC-27JUN25-120000-C,90360.89,sell,1.0,1.0,,,,
755,327569499,2024-11-17 16:39:02,1,0.105,0.10408771,58.2,BTC-27JUN25-120000-C,90365.75,sell,0.9,0.9,,,,
756,327570737,2024-11-17 17:00:50,0,0.1055,0.10398427,58.29,BTC-27JUN25-120000-C,90445.8,sell,2.0,2.0,,,,
757,327570752,2024-11-17 17:00:54,1,0.1055,0.10398781,58.3,BTC-27JUN25-120000-C,90442.48,sell,2.0,2.0,,,,
758,327570758,2024-11-17 17:01:01,1,0.1055,0.1039683,58.3,BTC-27JUN25-120000-C,90440.21,sell,1.0,1.0,,,,
759,327654755,2024-11-18 06:56:05,0,0.106,0.10547623,57.38,BTC-27JUN25-120000-C,91482.07,buy,1.8,1.8,,,,
760,327654944,2024-11-18 06:56:14,1,0.106,0.10556128,57.35,BTC-27JUN25-120000-C,91506.47,buy,1.2,1.2,,,,
761,327655038,2024-11-18 06:56:20,1,0.106,0.10570804,57.31,BTC-27JUN25-120000-C,91540.02,buy,1.3,1.3,,,,
762,327655093,2024-11-18 06:56:22,1,0.106,0.10569574,57.29,BTC-27JUN25-120000-C,91559.34,buy,1.3,1.3,,,,
763,327655304,2024-11-18 06:56:37,1,0.106,0.10583817,57.26,BTC-27JUN25-120000-C,91581.58,buy,1.2,1.2,,,,
764,327655412,2024-11-18 06:56:49,1,0.106,0.10588949,57.23,BTC-27JUN25-120000-C,91605.9,buy,1.6,1.6,,,,
765,327655585,2024-11-18 06:57:17,1,0.106,0.10596149,57.21,BTC-27JUN25-120000-C,91633.97,buy,1.3,1.3,,,,
766,327655717,2024-11-18 06:57:39,1,0.106,0.10607453,57.16,BTC-27JUN25-120000-C,91683.0,buy,1.2,1.2,,,,
767,327655745,2024-11-18 06:57:42,1,0.106,0.10607156,57.15,BTC-27JUN25-120000-C,91691.16,buy,1.2,1.2,,,,
768,327656057,2024-11-18 06:58:23,1,0.106,0.10615153,57.11,BTC-27JUN25-120000-C,91718.34,buy,1.2,1.2,,,,
769,327656207,2024-11-18 06:58:34,1,0.106,0.10613895,57.12,BTC-27JUN25-120000-C,91708.43,buy,1.3,1.3,,,,
770,327656212,2024-11-18 06:58:37,1,0.106,0.10613785,57.09,BTC-27JUN25-120000-C,91736.5,buy,1.4,1.4,,,,
771,327656256,2024-11-18 06:58:39,1,0.106,0.10623108,57.08,BTC-27JUN25-120000-C,91744.25,buy,2.4,2.4,,,,
772,327656320,2024-11-18 06:58:49,1,0.106,0.10638646,57.03,BTC-27JUN25-120000-C,91784.29,buy,1.3,1.3,,,,
773,327656461,2024-11-18 06:58:51,1,0.106,0.10639663,57.0,BTC-27JUN25-120000-C,91812.48,buy,4.5,4.5,,,,
774,327656510,2024-11-18 06:58:54,1,0.106,0.10654294,56.95,BTC-27JUN25-120000-C,91856.29,buy,1.0,1.0,,,,
775,327656511,2024-11-18 06:58:54,1,0.106,0.10654294,56.95,BTC-27JUN25-120000-C,91856.29,buy,1.2,1.2,,,,
776,327656604,2024-11-18 06:58:58,1,0.106,0.10668096,56.92,BTC-27JUN25-120000-C,91886.79,buy,1.6,1.6,,,,
777,327656693,2024-11-18 06:59:01,1,0.106,0.10671708,56.89,BTC-27JUN25-120000-C,91911.25,buy,1.9,1.9,,,,
778,327656743,2024-11-18 06:59:03,1,0.106,0.10680045,56.88,BTC-27JUN25-120000-C,91921.99,buy,1.7,1.7,,,,
779,327656744,2024-11-18 06:59:03,1,0.106,0.10680045,56.88,BTC-27JUN25-120000-C,91921.99,buy,5.9,5.9,,,,
780,327656745,2024-11-18 06:59:03,1,0.106,0.10680045,56.88,BTC-27JUN25-120000-C,91921.99,buy,1.2,1.2,,,,
781,327656749,2024-11-18 06:59:03,1,0.106,0.10680045,56.88,BTC-27JUN25-120000-C,91921.99,buy,0.2,0.2,,,,
782,327656776,2024-11-18 06:59:06,1,0.106,0.10686299,56.86,BTC-27JUN25-120000-C,91939.84,buy,1.3,1.3,,,,
783,327656854,2024-11-18 06:59:07,1,0.106,0.10688505,56.85,BTC-27JUN25-120000-C,91943.68,buy,1.6,1.6,,,,
784,327656855,2024-11-18 06:59:07,1,0.106,0.10688505,56.85,BTC-27JUN25-120000-C,91943.68,buy,0.4,0.4,,,,
785,327656885,2024-11-18 06:59:08,1,0.106,0.10688984,56.85,BTC-27JUN25-120000-C,91946.15,buy,3.0,3.0,,,,
786,327656922,2024-11-18 06:59:11,1,0.106,0.10692878,56.83,BTC-27JUN25-120000-C,91963.18,buy,3.6,3.6,,,,
787,327657007,2024-11-18 06:59:15,1,0.106,0.10703639,56.83,BTC-27JUN25-120000-C,91961.72,buy,1.2,1.2,,,,
788,327681748,2024-11-18 08:55:57,0,0.108,0.10697326,57.58,BTC-27JUN25-120000-C,91896.68,buy,10.6,10.6,,,,
789,327685652,2024-11-18 09:24:19,1,0.108,0.10749442,57.53,BTC-27JUN25-120000-C,91959.95,buy,1.0,1.0,,,,
790,327685731,2024-11-18 09:24:41,1,0.108,0.10772147,57.46,BTC-27JUN25-120000-C,92021.24,buy,0.9,0.9,,,,
791,327685749,2024-11-18 09:24:44,1,0.108,0.1077555,57.44,BTC-27JUN25-120000-C,92037.64,buy,1.0,1.0,,,,
792,327685789,2024-11-18 09:24:54,1,0.108,0.10779953,57.43,BTC-27JUN25-120000-C,92046.2,buy,1.0,1.0,,,,
793,327685852,2024-11-18 09:25:01,1,0.108,0.1078785,57.4,BTC-27JUN25-120000-C,92070.78,buy,1.0,1.0,,,,
794,327686111,2024-11-18 09:25:43,1,0.108,0.10765594,57.49,BTC-27JUN25-120000-C,91988.21,buy,5.0,5.0,,,,
795,327687095,2024-11-18 09:27:56,1,0.108,0.10776116,57.42,BTC-27JUN25-120000-C,92043.83,buy,5.0,5.0,,,,
796,327687172,2024-11-18 09:28:17,1,0.108,0.10775667,57.41,BTC-27JUN25-120000-C,92054.01,buy,5.0,5.0,,,,
797,327687580,2024-11-18 09:29:50,1,0.108,0.10779143,57.4,BTC-27JUN25-120000-C,92096.99,buy,5.0,5.0,,,,
798,327687665,2024-11-18 09:30:10,1,0.108,0.10778233,57.39,BTC-27JUN25-120000-C,92097.02,buy,5.0,5.0,,,,
799,327687666,2024-11-18 09:30:10,1,0.108,0.10778548,57.39,BTC-27JUN25-120000-C,92099.82,buy,1.2,1.2,,,,
800,327687770,2024-11-18 09:30:16,1,0.108,0.10782019,57.37,BTC-27JUN25-120000-C,92111.77,buy,0.9,0.9,,,,
801,327687839,2024-11-18 09:30:19,1,0.108,0.10796643,57.3,BTC-27JUN25-120000-C,92178.59,buy,4.8,4.8,,,,
802,327687870,2024-11-18 09:30:21,1,0.108,0.10806197,57.29,BTC-27JUN25-120000-C,92185.55,buy,1.6,1.6,,,,
803,327688654,2024-11-18 09:32:06,1,0.108,0.10757716,57.45,BTC-27JUN25-120000-C,92023.35,buy,1.0,1.0,,,,
804,327756949,2024-11-18 15:14:59,2,0.104,0.10419278,57.54,BTC-27JUN25-120000-C,90842.34,buy,0.1,0.1,,,,
805,327760433,2024-11-18 15:34:05,3,0.104,0.10437786,57.43,BTC-27JUN25-120000-C,90924.73,buy,0.1,0.1,,,,
806,327760434,2024-11-18 15:34:05,3,0.104,0.10437786,57.43,BTC-27JUN25-120000-C,90924.73,buy,0.1,0.1,,,,
807,327760435,2024-11-18 15:34:05,3,0.104,0.10437786,57.43,BTC-27JUN25-120000-C,90924.73,buy,0.1,0.1,,,,
808,327760439,2024-11-18 15:34:07,3,0.104,0.10436879,57.43,BTC-27JUN25-120000-C,90920.74,buy,0.1,0.1,,,,
809,327760440,2024-11-18 15:34:07,3,0.104,0.10436879,57.43,BTC-27JUN25-120000-C,90920.74,buy,0.1,0.1,,,,
810,327760441,2024-11-18 15:34:07,3,0.104,0.10436879,57.43,BTC-27JUN25-120000-C,90920.74,buy,0.1,0.1,,,,
811,327760442,2024-11-18 15:34:07,3,0.104,0.10436879,57.43,BTC-27JUN25-120000-C,90920.74,buy,0.1,0.1,,,,
812,327760443,2024-11-18 15:34:07,3,0.104,0.10436879,57.43,BTC-27JUN25-120000-C,90920.74,buy,0.1,0.1,,,,
813,327760444,2024-11-18 15:34:07,3,0.104,0.10436879,57.43,BTC-27JUN25-120000-C,90920.74,buy,0.1,0.1,,,,
814,327776054,2024-11-18 15:54:40,0,0.11,0.10995125,57.45,BTC-27JUN25-120000-C,92554.44,buy,10.0,10.0,,,,
815,327776237,2024-11-18 15:54:56,1,0.11,0.10998072,57.45,BTC-27JUN25-120000-C,92542.56,buy,5.0,5.0,,,,
816,327776338,2024-11-18 15:55:02,1,0.11,0.10998176,57.42,BTC-27JUN25-120000-C,92567.44,buy,5.0,5.0,,,,
817,327789506,2024-11-18 16:26:36,2,0.1085,0.10849355,57.41,BTC-27JUN25-120000-C,92064.3,buy,0.1,0.1,,,,
818,327789507,2024-11-18 16:26:36,3,0.1085,0.10849355,57.41,BTC-27JUN25-120000-C,92064.3,buy,0.1,0.1,,,,
819,327789508,2024-11-18 16:26:36,3,0.1085,0.10849355,57.41,BTC-27JUN25-120000-C,92064.3,buy,0.8,0.8,,,,
820,327819050,2024-11-18 18:39:45,2,0.1025,0.10397657,56.86,BTC-27JUN25-120000-C,90790.97,sell,12.5,12.5,BTC-CS-27JUN25-120000_160000,168637,,
821,327894795,2024-11-19 03:09:55,0,0.1075,0.10666159,57.98,BTC-27JUN25-120000-C,91294.83,buy,0.1,0.1,,,,
822,327916547,2024-11-19 06:38:49,0,0.109,0.10923509,57.91,BTC-27JUN25-120000-C,91919.0,buy,0.5,0.5,,,,
823,327917282,2024-11-19 06:50:51,1,0.109,0.10926235,57.9,BTC-27JUN25-120000-C,91916.23,buy,0.5,0.5,,,,
824,327917468,2024-11-19 06:53:10,1,0.109,0.10915688,57.9,BTC-27JUN25-120000-C,91918.43,buy,0.5,0.5,,,,
825,327948775,2024-11-19 11:02:55,2,0.108,0.10903651,57.72,BTC-27JUN25-120000-C,91790.1,sell,3.5,3.5,,,,
826,327956317,2024-11-19 12:15:05,0,0.11,0.10946865,57.95,BTC-27JUN25-120000-C,92115.86,buy,1.8,1.8,,,,
827,327956383,2024-11-19 12:15:12,1,0.11,0.1096012,57.93,BTC-27JUN25-120000-C,92144.47,buy,0.9,0.9,,,,
828,327956431,2024-11-19 12:15:21,1,0.11,0.10960769,57.93,BTC-27JUN25-120000-C,92153.33,buy,1.0,1.0,,,,
829,327957149,2024-11-19 12:18:11,1,0.11,0.10955079,57.93,BTC-27JUN25-120000-C,92143.41,buy,1.0,1.0,,,,
830,327957151,2024-11-19 12:18:14,1,0.11,0.10958087,57.91,BTC-27JUN25-120000-C,92163.98,buy,1.3,1.3,,,,
831,327957246,2024-11-19 12:18:39,1,0.11,0.1096048,57.9,BTC-27JUN25-120000-C,92165.64,buy,1.2,1.2,,,,
832,327957261,2024-11-19 12:18:42,1,0.11,0.10966269,57.88,BTC-27JUN25-120000-C,92189.83,buy,1.0,1.0,,,,
833,327957526,2024-11-19 12:19:42,1,0.11,0.10983775,57.83,BTC-27JUN25-120000-C,92224.4,buy,0.9,0.9,,,,
834,327957638,2024-11-19 12:19:59,1,0.11,0.10986381,57.82,BTC-27JUN25-120000-C,92236.99,buy,1.0,1.0,,,,
835,327957664,2024-11-19 12:20:02,1,0.11,0.10995672,57.79,BTC-27JUN25-120000-C,92261.45,buy,1.0,1.0,,,,
836,327957790,2024-11-19 12:20:29,1,0.11,0.10997908,57.77,BTC-27JUN25-120000-C,92277.42,buy,5.0,5.0,,,,
837,327959204,2024-11-19 12:24:35,1,0.11,0.10979362,57.78,BTC-27JUN25-120000-C,92222.26,buy,1.4,1.4,,,,
838,327959246,2024-11-19 12:24:41,1,0.11,0.1099999,57.72,BTC-27JUN25-120000-C,92276.79,buy,1.5,1.5,,,,
839,327959251,2024-11-19 12:24:46,1,0.11,0.10997734,57.72,BTC-27JUN25-120000-C,92274.55,buy,1.1,1.1,,,,
840,327959279,2024-11-19 12:24:51,1,0.11,0.10999104,57.71,BTC-27JUN25-120000-C,92284.69,buy,0.9,0.9,,,,
841,327959286,2024-11-19 12:24:55,1,0.11,0.11002205,57.7,BTC-27JUN25-120000-C,92291.15,buy,1.0,1.0,,,,
842,327959325,2024-11-19 12:25:08,1,0.11,0.11002685,57.69,BTC-27JUN25-120000-C,92295.5,buy,0.9,0.9,,,,
843,327959343,2024-11-19 12:25:11,1,0.11,0.11006986,57.67,BTC-27JUN25-120000-C,92312.56,buy,0.9,0.9,,,,
844,327959345,2024-11-19 12:25:11,1,0.11,0.11006986,57.67,BTC-27JUN25-120000-C,92312.56,buy,5.0,5.0,,,,
845,327959348,2024-11-19 12:25:11,1,0.11,0.11006986,57.67,BTC-27JUN25-120000-C,92312.56,buy,0.1,0.1,,,,
846,327959648,2024-11-19 12:25:52,1,0.11,0.11022485,57.62,BTC-27JUN25-120000-C,92349.96,buy,0.9,0.9,,,,
847,327959756,2024-11-19 12:26:25,1,0.11,0.11017152,57.63,BTC-27JUN25-120000-C,92334.66,buy,20.2,20.2,,,,
848,327999903,2024-11-19 14:21:31,2,0.108,0.10795689,57.89,BTC-27JUN25-120000-C,91597.16,sell,0.2,0.2,,,,
849,327999950,2024-11-19 14:22:08,3,0.108,0.10782925,57.93,BTC-27JUN25-120000-C,91562.81,sell,0.1,0.1,,,,
850,328003409,2024-11-19 14:38:13,2,0.1075,0.10718856,57.97,BTC-27JUN25-120000-C,91369.29,sell,3.0,3.0,,,,
851,328003410,2024-11-19 14:38:13,3,0.1075,0.10718856,57.97,BTC-27JUN25-120000-C,91369.29,sell,2.0,2.0,,,,
852,328004493,2024-11-19 14:42:31,0,0.109,0.10860329,57.96,BTC-27JUN25-120000-C,91812.57,sell,5.0,5.0,,,,
853,328006171,2024-11-19 14:45:50,0,0.11,0.1103305,57.74,BTC-27JUN25-120000-C,92271.86,sell,3.0,3.0,,,,
854,328006214,2024-11-19 14:45:59,0,0.1105,0.11028921,57.9,BTC-27JUN25-120000-C,92275.69,sell,1.3,1.3,,,,
855,328006215,2024-11-19 14:45:59,1,0.1105,0.11028921,57.9,BTC-27JUN25-120000-C,92275.69,sell,0.7,0.7,,,,
856,328006644,2024-11-19 14:47:01,2,0.11,0.10963191,57.94,BTC-27JUN25-120000-C,92083.49,sell,4.0,4.0,,,,
857,328007418,2024-11-19 14:47:52,2,0.109,0.10948096,57.77,BTC-27JUN25-120000-C,91932.81,sell,1.0,1.0,,,,
858,328007455,2024-11-19 14:47:54,3,0.109,0.1091292,57.82,BTC-27JUN25-120000-C,91886.02,sell,0.8,0.8,,,,
859,328008251,2024-11-19 14:48:53,0,0.11,0.10997274,57.81,BTC-27JUN25-120000-C,92210.76,sell,0.2,0.2,,,,
860,328008252,2024-11-19 14:48:53,1,0.11,0.10997274,57.81,BTC-27JUN25-120000-C,92210.76,sell,0.1,0.1,,,,
861,328011428,2024-11-19 14:54:55,2,0.109,0.10938439,57.63,BTC-27JUN25-120000-C,92085.55,sell,0.1,0.1,,,,
862,328012498,2024-11-19 14:58:41,0,0.1095,0.10892076,57.95,BTC-27JUN25-120000-C,91947.27,sell,0.2,0.2,,,,
863,328017616,2024-11-19 15:16:14,2,0.1085,0.10848613,57.66,BTC-27JUN25-120000-C,91889.83,sell,0.5,0.5,,,,
864,328017823,2024-11-19 15:17:00,3,0.1085,0.10866732,57.63,BTC-27JUN25-120000-C,91923.32,sell,2.4,2.4,,,,
865,328021706,2024-11-19 15:27:26,0,0.1095,0.10846924,58.02,BTC-27JUN25-120000-C,91862.24,buy,0.7,0.7,,,,
866,328022454,2024-11-19 15:28:51,2,0.1085,0.10768419,57.93,BTC-27JUN25-120000-C,91653.94,sell,0.2,0.2,,,,
867,328111941,2024-11-19 20:09:51,0,0.1155,0.11526702,58.15,BTC-27JUN25-120000-C,93512.32,buy,0.2,0.2,,,,
868,328173652,2024-11-20 01:48:37,2,0.1105,0.11114274,58.51,BTC-27JUN25-120000-C,91923.43,sell,0.1,0.1,,,,
869,328183449,2024-11-20 03:14:33,2,0.1095,0.11025364,58.44,BTC-27JUN25-120000-C,91798.97,sell,1.0,1.0,,,,
870,328210289,2024-11-20 07:52:55,0,0.1135,0.1140105,58.51,BTC-27JUN25-120000-C,92846.11,buy,0.1,0.1,,,,
871,328219635,2024-11-20 08:48:35,0,0.1155,0.11594692,58.57,BTC-27JUN25-120000-C,93319.36,buy,1.0,1.0,,,,
872,328221382,2024-11-20 08:55:22,1,0.1155,0.11577805,58.46,BTC-27JUN25-120000-C,93410.15,buy,1.0,1.0,,,,
873,328223370,2024-11-20 09:03:02,2,0.115,0.1154473,58.31,BTC-27JUN25-120000-C,93410.01,buy,1.0,1.0,,,,
874,328226436,2024-11-20 09:24:26,0,0.117,0.11659926,58.89,BTC-27JUN25-120000-C,93500.5,sell,0.6,0.6,,,,
875,328239188,2024-11-20 10:46:08,0,0.1175,0.11774467,59.17,BTC-27JUN25-120000-C,93524.26,sell,0.5,0.5,,,,
876,328239955,2024-11-20 10:53:11,0,0.1195,0.11761084,59.95,BTC-27JUN25-120000-C,93448.63,sell,6.0,6.0,,,,
877,328239958,2024-11-20 10:53:11,1,0.1195,0.11761084,59.95,BTC-27JUN25-120000-C,93448.63,sell,1.0,1.0,,,,
878,328239959,2024-11-20 10:53:11,1,0.1195,0.11761084,59.95,BTC-27JUN25-120000-C,93448.63,sell,0.2,0.2,,,,
879,328239988,2024-11-20 10:53:15,1,0.1195,0.11783696,59.95,BTC-27JUN25-120000-C,93448.08,sell,0.1,0.1,,,,
880,328239992,2024-11-20 10:53:18,1,0.1195,0.11796604,59.94,BTC-27JUN25-120000-C,93462.94,sell,0.2,0.2,,,,
881,328240716,2024-11-20 11:02:19,1,0.1195,0.11952376,60.04,BTC-27JUN25-120000-C,93328.41,sell,0.3,0.3,,,,
882,328240717,2024-11-20 11:02:19,1,0.1195,0.11952376,60.04,BTC-27JUN25-120000-C,93328.41,sell,0.9,0.9,,,,
883,328240726,2024-11-20 11:02:21,1,0.1195,0.11950286,60.05,BTC-27JUN25-120000-C,93325.07,sell,0.1,0.1,,,,
884,328241579,2024-11-20 11:10:03,2,0.119,0.11936693,59.95,BTC-27JUN25-120000-C,93251.09,sell,0.6,0.6,,,,
885,328241580,2024-11-20 11:10:03,3,0.119,0.11936693,59.95,BTC-27JUN25-120000-C,93251.09,sell,0.1,0.1,,,,
886,328243932,2024-11-20 11:19:43,2,0.118,0.11876511,59.77,BTC-27JUN25-120000-C,93111.85,sell,1.0,1.0,,,,
887,328244722,2024-11-20 11:25:12,0,0.1185,0.11905418,59.81,BTC-27JUN25-120000-C,93252.42,sell,1.1,1.1,,,,
888,328246064,2024-11-20 11:37:34,0,0.119,0.11930451,59.91,BTC-27JUN25-120000-C,93282.29,sell,0.6,0.6,,,,
889,328251039,2024-11-20 12:03:24,0,0.122,0.12250223,60.42,BTC-27JUN25-120000-C,93641.72,sell,0.1,0.1,,,,
890,328259752,2024-11-20 12:38:14,0,0.123,0.1233715,60.68,BTC-27JUN25-120000-C,93710.15,sell,0.5,0.5,,,,
891,328261696,2024-11-20 12:48:48,1,0.123,0.12306891,60.81,BTC-27JUN25-120000-C,93564.37,sell,0.9,0.9,,,,
892,328261697,2024-11-20 12:48:48,1,0.123,0.12306891,60.81,BTC-27JUN25-120000-C,93564.37,sell,0.1,0.1,,,,
893,328266810,2024-11-20 13:12:18,0,0.1235,0.12418896,60.49,BTC-27JUN25-120000-C,93925.65,sell,0.4,0.4,,,,
894,328266902,2024-11-20 13:12:35,1,0.1235,0.12407905,60.52,BTC-27JUN25-120000-C,93897.68,sell,0.1,0.1,,,,
895,328271968,2024-11-20 13:20:56,0,0.124,0.12449693,60.33,BTC-27JUN25-120000-C,94218.57,sell,0.5,0.5,,,,
896,328278127,2024-11-20 13:34:32,0,0.1245,0.1247369,60.22,BTC-27JUN25-120000-C,94425.94,sell,0.4,0.4,,,,
897,328278725,2024-11-20 13:36:47,1,0.1245,0.12465867,60.23,BTC-27JUN25-120000-C,94423.16,sell,0.1,0.1,,,,
898,328280830,2024-11-20 13:42:55,0,0.125,0.12434858,60.44,BTC-27JUN25-120000-C,94356.82,buy,25.0,25.0,,,,
899,328280982,2024-11-20 13:43:15,2,0.1245,0.1240376,60.38,BTC-27JUN25-120000-C,94289.7,buy,1.9,1.9,,,,
900,328282741,2024-11-20 13:49:18,0,0.125,0.12488191,60.28,BTC-27JUN25-120000-C,94515.52,buy,1.1,1.1,,,,
901,328282997,2024-11-20 13:49:59,1,0.125,0.12491001,60.25,BTC-27JUN25-120000-C,94542.76,buy,1.0,1.0,,,,
902,328283532,2024-11-20 13:51:01,1,0.125,0.12516447,60.15,BTC-27JUN25-120000-C,94636.79,buy,1.0,1.0,,,,
903,328283544,2024-11-20 13:51:03,1,0.125,0.12518277,60.15,BTC-27JUN25-120000-C,94638.52,buy,5.0,5.0,,,,
904,328284035,2024-11-20 13:52:36,1,0.125,0.12497613,60.19,BTC-27JUN25-120000-C,94599.81,buy,5.0,5.0,,,,
905,328284053,2024-11-20 13:52:41,1,0.125,0.12497169,60.19,BTC-27JUN25-120000-C,94599.72,buy,11.9,11.9,,,,
906,328305168,2024-11-20 14:40:29,1,0.125,0.12494878,60.79,BTC-27JUN25-120000-C,94106.3,sell,1.1,1.1,,,,
907,328305281,2024-11-20 14:40:34,1,0.125,0.12475566,60.84,BTC-27JUN25-120000-C,94055.96,sell,0.5,0.5,,,,
908,328305332,2024-11-20 14:40:35,1,0.125,0.12474074,60.86,BTC-27JUN25-120000-C,94041.82,sell,0.4,0.4,,,,
909,328378875,2024-11-20 18:32:20,0,0.1295,0.12974477,62.65,BTC-27JUN25-120000-C,93873.62,sell,1.0,1.0,,,,
910,328391997,2024-11-20 19:12:35,2,0.1265,0.12707293,62.04,BTC-27JUN25-120000-C,93611.71,buy,1.0,1.0,,,,
911,328430829,2024-11-21 00:46:18,0,0.1295,0.12900384,61.56,BTC-27JUN25-120000-C,94872.75,sell,0.1,0.1,,,,
912,328467388,2024-11-21 04:02:56,0,0.136,0.13599688,62.32,BTC-27JUN25-120000-C,95979.27,buy,0.2,0.2,,,,
913,328468029,2024-11-21 04:03:54,0,0.1365,0.13631714,62.4,BTC-27JUN25-120000-C,96047.11,buy,0.1,0.1,,,,
914,328470611,2024-11-21 04:04:53,0,0.1385,0.13774047,62.62,BTC-27JUN25-120000-C,96446.1,buy,0.2,0.2,,,,
915,328501566,2024-11-21 05:05:29,0,0.145,0.14475136,63.47,BTC-27JUN25-120000-C,97531.41,sell,0.7,0.7,,,,M
916,328510002,2024-11-21 05:25:23,0,0.146,0.14603402,63.63,BTC-27JUN25-120000-C,97663.94,sell,0.1,0.1,,,,
917,328510172,2024-11-21 05:26:52,1,0.146,0.14585746,63.71,BTC-27JUN25-120000-C,97592.77,sell,0.1,0.1,,,,
918,328515386,2024-11-21 05:40:45,2,0.1455,0.14590412,63.59,BTC-27JUN25-120000-C,97591.8,sell,0.1,0.1,,,,
919,328517470,2024-11-21 05:47:40,2,0.145,0.14525731,63.56,BTC-27JUN25-120000-C,97508.95,sell,0.1,0.1,,,,
920,328517600,2024-11-21 05:48:08,2,0.1445,0.14506998,63.45,BTC-27JUN25-120000-C,97462.54,sell,0.1,0.1,,,,
921,328630752,2024-11-21 13:33:35,0,0.145,0.14575539,63.73,BTC-27JUN25-120000-C,97466.3,sell,0.2,0.2,,,,
922,328631663,2024-11-21 13:37:30,1,0.145,0.14580134,63.44,BTC-27JUN25-120000-C,97729.58,buy,3.0,3.0,,,,
923,328650941,2024-11-21 14:49:47,2,0.144,0.14443432,63.2,BTC-27JUN25-120000-C,97673.59,buy,3.0,3.0,,,,
924,328650942,2024-11-21 14:49:47,3,0.144,0.14443432,63.2,BTC-27JUN25-120000-C,97673.59,buy,0.8,0.8,,,,
925,328650943,2024-11-21 14:49:47,0,0.1445,0.14443432,63.36,BTC-27JUN25-120000-C,97673.59,buy,3.4,3.4,,,,
926,328650944,2024-11-21 14:49:47,1,0.1445,0.14443432,63.36,BTC-27JUN25-120000-C,97673.59,sell,3.0,3.0,,,,
927,328650945,2024-11-21 14:49:47,1,0.1445,0.14443432,63.36,BTC-27JUN25-120000-C,97673.59,sell,10.4,10.4,,,,
928,328651055,2024-11-21 14:49:53,1,0.1445,0.14429517,63.4,BTC-27JUN25-120000-C,97640.19,buy,1.7,1.7,,,,
929,328651056,2024-11-21 14:49:53,1,0.1445,0.14429517,63.4,BTC-27JUN25-120000-C,97640.19,sell,3.0,3.0,,,,
930,328651157,2024-11-21 14:49:59,1,0.1445,0.14422874,63.41,BTC-27JUN25-120000-C,97633.48,sell,1.2,1.2,,,,
931,328651215,2024-11-21 14:50:01,1,0.1445,0.14423984,63.41,BTC-27JUN25-120000-C,97629.46,sell,3.5,3.5,,,,
